4214 6202
264 274 395 329 lt)“

260 384 392 452 Quae
420 341 670 451 peperisti
695 372 944 445 gaudium

261 459 319 527 lu
358 469 555 541 lumine
581 462 892 519 viventium.

430 556 686 623 Quoniam
716 548 978 622 eripuisti,
1025 556 1127 602 etc.

333 650 467 712 Ave,
493 638 651 712 cujus
665 650 747 697 est
770 639 911 695 ﬁlius

263 742 437 815 Super
458 736 621 792 caelos
648 731 945 795 exaltatus,

266 829 333 881 Et
363 826 529 895 ipsius
556 822 723 894 gloria

264 919 320 973 lu
341 917 520 973 omnia
539 911 832 971 terrestria.

397 1000 648 1061 Eultare
672 1017 826 1073 super
839 998 990 1054 cados
1006 1037 1023 1064 ,
1045 1008 1154 1052 etc.

334 1096 475 1161 Ave,
500 1094 567 1148 de
588 1106 693 1163 qua
720 1099 876 1145 natus

270 1173 463 1254 Utique
481 1190 564 1240 est
576 1179 754 1250 justus
776 1179 981 1233 fructus
997 1215 1012 1243 ,

264 1275 520 1329 Judt'cttns
542 1286 637 1328 eos
672 1271 723 1325 in
754 1279 927 1333 terra,

269 1364 338 1419 Ut
360 1362 562 1419 exaltet
596 1364 664 1415 ad
693 1368 915 1413 azterna.

484 1450 551 1503 Et
589 1450 722 1502 dicet
760 1450 941 1512 homo,
970 1453 1075 1500 etc.

336 1536 466 1597 Ave,
489 1533 641 1602 cujus
673 1533 724 1587 in
752 1532 965 1587 arcanis

270 1621 607 1673 lucaruatum
640 1617 871 1674 Verbum
894 1612 1070 1669 Patris
1090 1650 1105 1677 ,

272 1710 337 1762 Et
359 1708 596 1763 cucurrit
625 1706 741 1761 sine
769 1704 956 1776 culpa,

269 1800 335 1853 Et
363 1799 559 1855 direxit
586 1798 640 1852 in
663 1797 854 1868 gloria.

478 1890 657 1960 Nequa
680 1889 955 1960 iniquitas,
980 1896 1085 1942 etc.

337 2014 468 2079 Ave,
495 2013 561 2067 de
590 2026 694 2082 qua
718 2008 893 2065 Patris
930 2006 1159 2063 Verbum

271 2102 445 2157 Causa
466 2103 635 2157 nostri
665 2114 793 2156 caro
819 2099 1018 2155 factum
1035 2137 1051 2162 ,

270 2189 327 2243 lu
356 2189 637 2245 ldumaaam
662 2187 901 2258 gentium

272 2280 523 2336 Estendit
542 2280 983 2335 calceamentum.

520 2368 586 2421 In
617 2368 928 2435 Idnmream,
950 2378 1055 2423 etc.

339 2481 453 2535 Ave
482 2490 672 2544 mater,
705 2480 858 2549 cujus
880 2478 1024 2533 solus

272 2571 415 2626 Deus
437 2580 490 2625 et
510 2571 667 2625 homo
700 2571 841 2625 ﬁlius

270 2659 313 2713 A
343 2658 537 2714 ﬁnibus
565 2668 723 2713 terra:
747 2659 979 2721 clamat,

272 2748 407 2802 Dum
439 2762 536 2803 nus
568 2747 669 2802 sibi
693 2747 933 2802 membra
953 2753 1129 2800 sonat.

480 2839 526 2892 Α
552 2836 744 2905 ﬁnibus
771 2846 942 2902 terra,
973 2845 1078 2892 etc.

344 2952 459 3005 Ave
491 2958 689 3013 mater,
710 2947 864 3016 cujus
893 2958 1102 3018 partum

275 3040 451 3095 Semel
478 3049 561 3095 est
591 3042 727 3094 Deus
752 3039 959 3094 locutus
981 3079 994 3098 .

276 3130 409 3183 Dum
437 3130 669 3184 Verbum
700 3128 875 3182 Patris
901 3118 1116 3181 unicum

276 3216 420 3271 Tuus
442 3225 525 3272 est
562 3229 687 3270 vere
715 3213 879 3285 illius.

449 3306 617 3361 Semel
653 3295 869 3359 locutus.
894 3315 997 3370 est,
1023 3313 1127 3359 etc.

344 3391 456 3446 Ave
482 3391 633 3446 stella
655 3390 952 3445 cmlestium
970 3427 985 3452 ,

276 3486 498 3543 Pariens
524 3487 694 3542 lucem
722 3487 958 3556 gentium

275 3577 495 3630 Partum
522 3575 675 3643 cujus
704 3576 1015 3637 adoramus,

276 3668 411 3721 Dum
438 3667 503 3721 de
528 3665 648 3720 luce
676 3666 979 3735 vigilamus.

663 3754 831 3809 Idem.

349 3864 741 3934 Avejustorum
771 3865 1054 3934 gaudium,

277 3956 333 4009 lu
356 3954 505 4023 cujus
539 3963 759 4024 sperant
788 3955 951 4010 ﬁlium
968 3993 983 4020 ,

280 4042 344 4094 Et
376 4042 655 4096 laudantur
680 4043 810 4096 recti
843 4042 1031 4105 corde,

285 4136 351 4190 Ut
382 4138 621 4190 lzetentut
659 4135 712 4189 in
748 4135 948 4205 requie.

456 4223 741 4307 Ltetabitur
769 4223 975 4292 justus,
1006 4232 1107 4277 etc.

350 4330 462 4383 Ave
488 4328 613 4383 Sion
637 4329 721 4382 illa
746 4329 920 4398 pacis,

282 4420 337 4472 lu
369 4434 471 4487 qua
498 4420 649 4473 decet
675 4418 902 4487 hymnus
925 4418 1124 4482 Deum,

282 4507 469 4561 Aulum
501 4514 603 4560 tute
640 4506 902 4559 castitatis

284 4603 383 4669 Qui
419 4601 520 4657 sibi
548 4599 675 4655 fecit
704 4599 1013 4653 thalamum.

720 4689 887 4744 Idem.

355 4804 487 4868 Ave,
526 4805 593 4860 de
620 4804 771 4874 cujus
799 4802 906 4856 ﬁlio

283 4891 577 4947 Jubilamus
601 4894 707 4946 Deo
734 4891 913 4955 Patri,

284 4982 527 5037 Psalmos
558 4983 746 5035 damus
770 4990 822 5034 ct
852 4979 1159 5042 laudamus,

287 5074 353 5127 lit
379 5073 430 5125 in
460 5072 685 5126 Psalmis
711 5069 1022 5141 jubilamus.

721 5154 888 5213 Idem.

357 5277 466 5329 Ave
490 5283 664 5337 terra,
695 5286 813 5340 quze
838 5270 1026 5327 dedisti

288 5362 542 5416 Fructum
577 5362 682 5415 Deo
708 5358 1019 5422 conﬁtendi,

289 5453 454 5519 tlujus
478 5462 558 5504 est
595 5449 890 5505 benedictio

296 5544 430 5595 Vera
469 5544 545 5595 sui
575 5543 820 5609 cognitio.

1172 250 1387 307 HYMNI
1418 247 1504 303 ΕΤ
1529 233 1966 300 PSALTERIUM
2002 236 2089 290 DE
2119 233 2175 288 S.
2219 225 2454 283 MARIA.

1542 356 1609 411 Ut
1637 365 2003 424 cognoscamus
2020 388 2037 413 ,
2069 355 2171 400 etc.

1428 447 1540 503 Ave
1567 445 1818 517 templum
1857 436 2187 495 Hierusalem
2204 473 2219 496 ,

1361 544 1572 597 llahens
1597 537 1869 593 caelestem
1908 528 2175 601 speciem,

1361 636 1400 688 A
1429 630 1579 700 cujus
1604 624 1910 683 sanctuario

1360 718 1626 775 Processit
1644 714 1817 771 I‘atris
1851 709 2007 765 visio.
2036 750 2042 762 .

1510 806 1774 874 Conﬁrma
1796 803 1915 865 hoc,
1950 798 2105 862 Deus,
2138 803 2241 850 etc.

1431 899 1539 952 Ave
1560 936 1575 961 ,
1595 909 1690 964 per
1713 904 1872 960 quam
1902 888 2049 944 salva

1360 990 1448 1044 Fit
1468 985 1727 1043 conﬁtens
1757 979 1886 1033 Sion
1914 986 2094 1031 nostra

1362 1079 1428 1134 Et
1460 1076 1652 1147 quibus
1684 1073 1845 1127 datur
1867 1079 1870 1082 ‘
1892 1066 2065 1137 gratia
2085 1102 2101 1127 ,

1360 1162 1737 1222 inhabitabant
1766 1159 1821 1213 in
1848 1170 1930 1212 ea.

1465 1252 1722 1319 Quoniam
1752 1247 1887 1302 Deus
1926 1241 2145 1303 salvam,
2172 1245 2272 1289 etc.

1429 1344 1569 1410 Ave,
1598 1355 1693 1412 per
1711 1336 1863 1407 cujus
1889 1334 2053 1389 ﬁlium
2182 1320 2183 1323 “

1361 1435 1500 1489 Deus
1523 1432 1576 1486 in
1605 1426 1927 1496 adjutorium

1360 1523 1517 1578 Pater
1545 1520 1805 1577 festinans
1830 1514 2103 1588 gentium,

1359 1611 1591 1669 lntendit
1626 1609 1691 1664 ad
1717 1606 2093 1677 adjuvandum.

1715 1699 1739 1752 Ι
1746 1700 1882 1751 dem.

1433 1802 1544 1855 Ave
1570 1804 1834 1854 secretum
1857 1788 2123 1861 Virginis,

1364 1894 1479 1962 Quo
1502 1890 1761 1963 processit
1791 1888 1878 1941 lux
1907 1883 2149 1945 luminis,

1364 1991 1430 2045 Et
1453 1987 1648 2056 adjecit
1675 1998 1834 2054 super
1861 1994 2073 2036 onmem

1363 2081 1520 2137 Jesus
1545 2077 1789 2134 Christus
1816 2072 2044 2127 laudem.

1433 2171 1591 2225 Pater
1620 2165 1762 2221 enim
1793 2160 2073 2233 potestatis

1367 2258 1599 2312 Cunctas
1618 2266 1809 2307 creans
1832 2249 2086 2309 innotuit;

1366 2347 1525 2402 Pater
1549 2358 1677 2399 vero
1702 2340 2001 2398 dulcedinis

1366 2438 1421 2492 In
1446 2435 1660 2492 Christo
1680 2431 1837 2487 nobis
1864 2428 2075 2483 claruit.

1441 2526 1548 2598 Ego
1569 2534 1743 2579 autem
1763 2536 1961 2589 semper
1980 2518 2194 2587 sperabo
2212 2557 2227 2581 ,
2251 2524 2355 2571 etc.

1434 2618 1544 2671 Ave
1571 2615 1739 2671 vellus
1758 2611 2007 2683 puritatis

1365 2708 1421 2763 In
1448 2721 1554 2777 quo
1585 2706 1722 2759 Deus
1750 2701 2047 2772 majestatis

1365 2797 1635 2853 lnundans
1658 2804 1913 2862 tanquam
1942 2788 2119 2860 pluvia

1367 2885 1651 2943 Distillavit
1678 2884 1732 2939 in
1760 2882 1949 2952 gratia.

1580 2969 1857 3026 Descendet
1890 2968 2041 3030 sicut,
2066 2973 2173 3019 etc.

1334 3064 1338 3067 ⁷
1434 3050 1545 3117 Ave
1566 3102 1582 3129 ,
1613 3060 1768 3131 cujus
1796 3066 1877 3113 est
1903 3056 2045 3111 ﬁlius

1367 3154 1549 3209 nectis
1584 3151 1744 3207 corde
1777 3151 1950 3204 bonus
1976 3147 2145 3207 Deus,

1368 3243 1468 3309 Qui
1492 3242 1543 3296 in
1570 3254 1690 3295 eum
1719 3235 2082 3299 convertitur,

1376 3330 1569 3385 l’leuos
1598 3328 1712 3383 dies
1740 3324 2103 3392 consequitur.

1544 3419 1668 3472 ldco
1708 3426 2051 3478 convertatur;
2078 3422 2182 3468 etc.

1437 3511 1549 3564 Ave
1577 3518 1720 3562 terra
1750 3505 1988 3573 virginea
2011 3542 2027 3567 ,

1368 3602 1423 3657 lu
1446 3602 1596 3671 eujus
1616 3600 1756 3654 Deus
1793 3598 1967 3653 medio

1369 3690 1569 3746 Salutis
1589 3699 1673 3745 est
1700 3687 1952 3759 mysteria

1368 3781 1629 3853 Operatus
1656 3782 1705 3833 in
1741 3778 1900 3832 Filio.

1475 3870 1611 3923 Deus
1660 3879 1829 3921 autem
1858 3866 1965 3920 Rex
1988 3875 2189 3930 noster,
2214 3874 2318 3918 etc.

1436 3966 1543 4017 Ave
1565 3972 1753 4033 potens
1776 3960 2060 4013 virtutibus
2077 3999 2092 4024 ,

1370 4054 1530 4122 Cujus
1559 4055 1611 4108 in
1647 4066 1807 4106 cruce
1834 4051 1999 4104 Filius

1371 4150 1790 4219 Exsultansjusti
1813 4130 2009 4205 cornua

1370 4244 1581 4299 Peccati
1623 4240 1773 4311 fregit
1805 4239 2040 4293 vincula.

1545 4332 1610 4385 Et
1640 4332 1811 4384 omnia
1835 4345 2059 4392 cornua,
2087 4336 2190 4381 etc.

1440 4426 1568 4487 Axe,
1596 4422 1745 4490 cujus
1784 4431 1865 4476 est
1890 4420 2055 4474 Filius

1374 4511 1533 4568 Notus
1568 4512 1619 4565 in
1641 4510 1821 4567 Judaea
1849 4508 2014 4573 Deus,

1371 4607 1425 4662 lu
1449 4603 1613 4659 Israel
1643 4616 1838 4656 nomen
1861 4598 1975 4667 ejus

1372 4697 1617 4767 Stagnum
1650 4700 1794 4747 recte
1820 4688 2181 4744 credentibus.

1788 4778 1958 4833 Idem.

1439 4877 1550 4929 Ave
1586 4880 1785 4936 mater,
1813 4884 1879 4923 ex
1906 4882 2008 4937 qua
2038 4876 2213 4920 notam

1374 4968 1523 5023 Fecit
1548 4965 1706 5019 Pater
1732 4975 1944 5013 manum
1970 4973 2116 5011 suam
2136 4998 2149 5021 ,

1379 5056 1441 5109 Et
1468 5053 1686 5125 p0pulos
1714 5052 1763 5104 in
1797 5048 2013 5102 brachio

1386 5143 1628 5200 Redemit
1651 5141 1940 5210 unigenito.

1605 5247 1797 5301 Notam
1830 5242 2023 5312 fecisti,
2052 5249 2155 5296 etc.

1451 5361 1560 5413 Ave
1583 5368 1751 5411 mater
1769 5396 1783 5421 ,
1806 5345 1874 5409 de
1894 5367 1996 5423 qua
2026 5352 2175 5406 nobis

1385 5449 1701 5519 Augeiorum
1727 5456 1880 5499 natus
1905 5446 2054 5513 panis

1389 5540 1493 5596 N05
1518 5549 1725 5595 revocat
1749 5549 1800 5590 cl
1825 5538 2020 5599 reﬁcit,

3346 198 3475 252 Η)ιῖ

2455 331 2520 385 Ει
2544 329 2595 382 iu
2618 326 2793 395 seipse
2814 318 3038 391 perﬁcit.

2615 415 2809 469 Panem
2835 405 3165 477 angelorum,
3192 411 3296 457 etc.

2520 507 2629 560 Ave
2658 501 2860 571 Regina
2884 494 3094 568 gaudii,

2451 596 2615 665 Cujus
2635 590 2870 647 coelestia
2900 585 2992 639 lilii

2453 681 2784 738 Christianus
2804 684 2889 731 est
2908 670 3133 743 populus
3147 710 3162 734 ,

2454 778 2519 833 Et
2548 790 2674 830 oves
2693 785 2904 843 pascua:
2925 769 3059 837 ejus.

2603 863 2712 918 Nos
2742 870 2917 915 autem
2944 854 3163 926 populus
3181 894 3195 918 ,
3220 858 3324 903 etc.

2520 950 2652 1013 Ave,
2683 948 2749 1002 de
2769 961 2875 1015 qua
2901 945 3039 998 Deus
3067 951 3306 996 summus

2454 1039 2506 1095 lu
2528 1038 2646 1092 sinu
2675 1034 2851 1089 Patris
2877 1031 3065 1095 unicus
3085 1063 3104 1097 ~,

2452 1111 2551 1191 Qui
2584 1123 2734 1180 sedet
2762 1134 2921 1190 super
2940 1114 3226 1173 Cheruhim

2452 1217 2684 1283 Apparet
2714 1223 2901 1266 coram
2932 1203 3171 1261 Ell'raim.

2748 1299 2849 1364 Qui
2870 1296 3040 1359 sedet,
3062 1301 3171 1348 etc.

2526 1393 2634 1444 Ave
2653 1431 2666 1454 ,
2696 1404 2762 1443 ex
2797 1403 2900 1458 qua
2925 1384 3175 1439 Christus

2454 1483 2568 1536 Non
2595 1491 2677 1536 est
2701 1481 2855 1536 nobis
2882 1490 3074 1533 recens
3101 1474 3241 1529 Deus
3261 1512 3275 1537 ,

2454 1573 2553 1639 Qui
2588 1572 2697 1625 Deo
2717 1569 2861 1625 Patri
2888 1567 3052 1623 Filius

2455 1656 2549 1711 Est
2568 1664 2771 1709 :eteruo
2802 1661 3121 1709 comternus.

2701 1740 2836 1793 Audi
2868 1737 3087 1809 populus
3103 1777 3117 1800 ,
3140 1746 3242 1789 etc.

2532 1829 2647 1882 Ave
2668 1825 2821 1894 cujus
2845 1832 2927 1879 est
2964 1821 3104 1875 ﬁlius
3154 1870 3155 1873 η

2457 1918 2596 1971 Deus
2630 1912 2861 1971 Deorum
2886 1912 3141 1967 Dominus
3157 1948 3172 1973 ,

2458 2007 2617 2061 Solus
2642 2007 2781 2059 Deus
2808 2000 3137 2070 dijudicans,

2460 2105 2523 2159 Et
2543 2104 2596 2158 in
2619 2118 2677 2158 se
2716 2100 3049 2156 beatilicans.

2528 2192 2638 2244 Ave
2659 2187 2812 2243 stella
2842 2182 3106 2256 paradisi,

2461 2280 2628 2334 Mater
2650 2277 2791 2332 illius
2818 2275 2909 2329 ﬁlii

2460 2371 2560 2437 Qui
2587 2369 2733 2424 solus
2754 2377 2836 2422 est
2859 2362 3150 2418 altissimus
3165 2402 3179 2424 ,

2462 2461 2520 2514 Et
2554 2472 2746 2513 nomen
2782 2454 2831 2510 ei
2871 2451 3144 2507 Dominus.

2706 2545 2771 2599 Et
2804 2548 3144 2613 cognoscant,
3173 2544 3276 2592 etc.

2527 2640 2639 2694 Ave
2669 2635 2823 2691 stella
2848 2630 3153 2702 virginalis,

2456 2728 2619 2796 Cujus
2651 2734 2837 2797 partus
2870 2723 3005 2776 lator
3024 2719 3157 2818 legis

3245 2092 3271 2147 I
3278 2093 3414 2147 dem.

2352 2821 2361 2827 '
2458 2818 2554 2872 Est
2579 2818 2634 2871 in
2663 2814 2784 2870 sinu
2808 2811 2903 2866 Dei
2934 2810 3135 2871 Patris,

2458 2907 2622 2961 Dator
2642 2898 3050 2959 benedictionis.

2567 2994 2771 3048 Etenim
2815 2988 3240 3049 benedictionem,
3280 2990 3387 3041 etc;

2529 3087 2641 3139 Ave
2672 3094 2813 3138 terra
2850 3080 3129 3136 benedicta
3143 3115 3158 3141 ,

2460 3173 2816 3228 Sanctiﬁcans
2841 3168 3096 3241 mysteria
3112 3207 3129 3235 ,

2460 3264 2623 3332 Cujus
2644 3276 2796 3318 sacra
2819 3258 3115 3314 fecunditas

2462 3354 2556 3407 Dei
2586 3352 2763 3406 Patris
2789 3358 2874 3405 est
2896 3348 3115 3402 veritas.

2777 3437 2999 3500 Veritas,
3031 3445 3136 3489 etc.

2532 3532 2645 3587 Ave
2668 3537 2868 3601 mater,
2900 3525 3050 3595 cujus
3070 3531 3280 3594 partum

2464 3625 2661 3680 Omnes
2685 3629 2872 3693 gentes
2894 3633 3081 3672 verum
3111 3617 3271 3670 Deum

2448 3719 2701 3771 Aderant
2724 3721 2780 3768 et
2806 3709 3108 3780 gloriﬁcaut
3125 3746 3139 3769 ,
3188 3724 3190 3728 ν

2464 3802 2798 3860 Conﬁtentur
2814 3841 2828 3864 ,
2862 3798 3224 3867 magniﬁcam.

2776 3887 3008 3951 Inclino,
3035 3896 3137 3939 etc.

2532 3984 2640 4035 Ave
2662 3978 2896 4035 cmlestis
2927 3975 3143 4036 civitas,

2464 4074 2624 4143 Cujus
2660 4071 2801 4125 Deus
2825 4068 3141 4123 fecunditas.

2465 4169 2571 4220 Ave
2601 4162 2758 4224 Sion,
2789 4162 2840 4216 iu
2869 4175 2970 4230 qua
3002 4166 3157 4211 natus

2466 4260 2559 4313 Est
2599 4243 2848 4308 fu'ndator
2877 4251 2991 4320 ipse
3031 4257 3170 4301 tuus.

2677 4341 2928 4413 Nunquid
2965 4338 3089 4393 Sion
3107 4377 3121 4401 ,
3163 4345 3266 4390 etc.

2536 4436 2645 4489 Ave
2670 4442 2840 4502 mater
2860 4431 2972 4486 veri
3001 4429 3127 4491 Dei,
3272 4422 3279 4431 ’

2466 4527 2561 4591 Qui
2599 4539 2695 4595 pro
2726 4521 2877 4576 nobis
2900 4527 2983 4573 est
3008 4525 3277 4577 mortuus.

2462 4621 2649 4673 Portas
2686 4615 2949 4683 confregit
2973 4612 3157 4674 inferi,

2464 4708 2520 4760 In
2558 4706 2782 4761 mortuis
2805 4704 2938 4757 liber
2961 4702 3121 4755 solus.

2678 4798 2989 4854 Estimatus
3012 4811 3122 4850 sum
3142 4833 3156 4860 ,
3180 4803 3282 4848 etc.

2534 4894 2644 4947 Ave
2666 4888 2882 4945 caeleste
2905 4886 3070 4941 lilium
3090 4924 3102 4947 ,

2471 4985 2571 5038 Per
2590 4984 2771 5037 liorem
2795 4979 2943 5048 cujus
2966 4975 3179 5030 unicum

2478 5072 2741 5127 Fidelibus
2760 5078 2841 5125 est
2867 5074 3122 5122 aeternum

2479 5165 2873 5218 Testamentum
2906 5157 3232 5225 dispositum.

2785 5244 3044 5312 Disposui,
3076 5249 3181 5293 etc.

2540 5344 2669 5404 Ave,
2698 5336 2847 5405 cujus
2866 5342 2946 5389 est
2975 5333 3113 5385 ﬁlius
3140 5330 3141 5333 “

2481 5431 2758 5500 lic-fugiunt
2789 5425 2937 5480 nobis
2968 5424 3164 5484 factus,

2481 5531 2580 5583 Per
2608 5524 2781 5580 carnis
2806 5516 3239 5583 contubernium",
