4214 6194
679 265 819 322 συιδ

682 376 837 447 Quod
860 386 942 433 est
964 376 1084 430 vita":
1113 375 1430 431 remedium.

1040 463 1204 518 Idem.

751 550 865 604 Ave
896 546 1148 617 splendor
1168 546 1452 616 singularis
1469 585 1485 612 ,

685 631 850 699 Cujus
871 631 1043 684 virtus
1071 629 1347 697 virginalis

691 720 842 777 Fecit
864 721 1018 776 nobis
1041 719 1360 773 altissimum

624 876 635 887 ‘
685 805 852 862 Deum
872 805 1085 859 Patrem
1113 803 1396 875 refugium.

928 894 1069 949 Dicit
1092 894 1333 957 Domino,
1357 902 1464 947 etc.

756 985 868 1038 Ave
892 984 1092 1038 bonum
1111 980 1370 1053 virginale
1384 1020 1400 1047 ,

683 1072 838 1142 Quod
875 1074 1099 1130 Domino
1125 1070 1448 1128 conﬁtemur
1462 1108 1481 1135 ,

685 1161 821 1219 Cum
843 1161 1061 1233 Virgine
1082 1159 1357 1231 peperisse

692 1248 861 1305 Deum
885 1264 1065 1304 verum
1099 1249 1440 1318 proﬁtemur.

1050 1337 1220 1393 Idem.

751 1427 867 1481 Ave
888 1428 1051 1483 decor
1074 1427 1350 1498 virginalis
1371 1468 1386 1490 ,

692 1520 865 1586 Quem
893 1518 1129 1575 Verbum
1152 1518 1327 1592 Patris
1354 1516 1557 1582 induit;

689 1608 827 1664 Cum
854 1610 920 1664 de
952 1609 1096 1663 fonte
1117 1608 1389 1664 castitatis
1494 1612 1497 1615 “

688 1698 883 1756 Nostra
909 1714 1073 1754 carne
1106 1713 1166 1754 se
1189 1699 1492 1769 praecinxit.

1055 1790 1229 1846 Idem.

757 1883 870 1938 Ave
897 1891 1097 1950 mater,
1126 1881 1279 1956 cujus
1307 1891 1491 1953 partus

691 1974 963 2031 Ultionum
993 1975 1107 2029 Rex
1139 1974 1422 2037 Dominus,

695 2062 1023 2133 Libertatem
1053 2062 1207 2131 plene
1228 2062 1367 2131 egit,

691 2145 825 2203 Cum
853 2147 919 2201 de
949 2159 1121 2201 morte
1144 2146 1456 2202 resurrexit.

1041 2233 1211 2289 Idem.

765 2324 877 2377 Ave
913 2333 1085 2378 mater
1102 2338 1368 2393 puerpera
1393 2361 1409 2388 ,

695 2412 856 2493 cujus
886 2414 1048 2484 regali
1083 2414 1191 2469 ﬁlio

698 2494 861 2572 306
883 2497 1181 2583 Juhilamus
1206 2501 1260 2555 in
1282 2500 1484 2572 gratias

702 2593 812 2646 Deo
841 2590 1062 2644 salutari
1085 2600 1273 2661 nostro

1071 2680 1241 2735 Idem.

770 2758 915 2833 Ave:
943 2771 1011 2826 de
1034 2758 1189 2841 ευ]υὲ
1214 2770 1325 2825 ﬁlio

700 2858 993 2914 Cantamus
1016 2875 1209 2915 novum
1233 2861 1502 2915 canticum
1523 2899 1540 2926 ,

705 2946 874 3015 Cujus
902 2948 1084 3002 carnis
1109 2949 1438 3003 cornmereio
1519 2956 1528 2975 '

703 3035 861 3090 Salus
880 3044 964 3091 est
986 3034 1127 3091 facta
1152 3039 1413 3106 gentium.

1050 3125 1219 3181 Idem.

774 3218 884 3273 Ave
906 3226 1076 3274 mater
1104 3206 1334 3289 gloriosa
1350 3258 1365 3281 ,

705 3307 823 3363 Lux
845 3307 1038 3363 solaris
1054 3348 1068 3373 ,
1097 3309 1239 3362 clara
1262 3308 1417 3360 stella
1437 3346 1452 3370 ,

708 3391 784 3449 De
810 3408 915 3462 qua
942 3392 1141 3460 justus,
1172 3393 1281 3456 lux,
1316 3400 1397 3446 est
1416 3400 1531 3444 orta
1551 3430 1568 3455 ,

709 3482 893 3537 Raetis
918 3481 1080 3536 corde
1102 3480 1214 3535 laeti
1224 3481 1316 3534 tia.
1362 3503 1369 3517 ι

951 3570 1065 3624 Lux
1092 3579 1206 3624 orta
1255 3582 1352 3635 est,
1386 3578 1491 3624 etc.

780 3656 904 3715 Ave’
920 3665 1118 3723 mater,
1148 3676 1250 3729 qua
1280 3661 1546 3730 processit

712 3753 814 3819 Qui
839 3752 964 3807 fecit
997 3752 1265 3806 mirabilia

713 3838 878 3906 Cujus
904 3839 1004 3893 sibi
1036 3854 1141 3892 non
1166 3838 1394 3893 salvavit
1461 3894 1465 3898 _

716 3932 829 3987 Sua
844 3931 1053 3986 -virtute
1082 3931 1325 3986 dextera.

971 4020 1223 4085 Salmvit,
1268 4027 1357 4075 etc

785 4114 897 4166 Ave
924 4111 1086 4181 Regis
1108 4112 1436 4174 sacrarium,

716 4203 879 4271 Cujus
904 4204 1075 4257 honor
1104 4201 1397 4269 judicium,

722 4291 923 4347 Pedum
950 4290 1101 4359 cujus
1129 4300 1211 4344 est
1237 4288 1527 4345 scabellqu

720 4386 960 4457 Sumpta:
982 4385 1160 4439 carnis
1181 4382 1570 4436 indumentum.

964 4474 1212 4529 Exaltare
1229 4516 1243 4541 ,
1266 4481 1370 4528 etc.

793 4574 911 4632 Ave
940 4570 1092 4641 cujus
1124 4570 1426 4626 fecunditas

721 4666 815 4721 Est
843 4664 1020 4719 divina
1057 4662 1322 4724 suavitas,

722 4760 885 4828 Cujus
908 4756 1273 4811 misericordia

724 4851 818 4903 Est
846 4849 898 4902 in
921 4856 1123 4900 aeterna
1148 4844 1360 4899 saecula.

866 4935 1098 4987 Laudate
1132 4949 1313 4985 nomen
1342 4931 1473 4999 ejus,
1504 4937 1607 4985 etc.

792 5028 903 5079 Ave
928 5033 1095 5076 mater
1121 5022 1413 5091 gratiarum
1433 5059 1447 5083 ,

726 5117 853 5182 Qute
878 5114 1128 5183 peperisti
1156 5112 1433 5167 Dominum
1468 5128 1482 5162 :

728 5208 829 5275 ipsi
860 5203 1280 5261 misericordiam

729 5298 1017 5352 Cantamus
1039 5302 1091 5348 et
1114 5291 1391 5360 judicium.

1164 5380 1323 5433 Idem.

1118 5484 1245 5526 PARS
1275 5488 1357 5526 ttl.

803 5566 940 5629 Ave,
972 5580 1065 5633 per
1095 5578 1252 5631 quam
1280 5562 1405 5618 Sion
1432 5566 1611 5613 nostra

1031 262 1089 320 S.
1128 261 1418 319 ANSELMI
1448 259 1789 317 CANTUAR.
1830 258 2142 316 ARCillEP.
2173 257 2322 319 OPP.
2366 257 2541 315 PARS
2572 256 2636 315 ll.
2659 289 2695 300 -

1855 258 2142 316 tRCillEP.
2173 257 2322 319 OPP.
2366 257 2541 315 PARS
2572 256 2636 315 ll.
2659 248 2734 300 -έ
2754 257 3118 317 ΡΑΒΑΞΝΕΤ.
3162 261 3249 317 ΕΤ
3279 262 3519 322 ASCET.

1781 358 2054 429 Videbitur
2080 377 2135 428 in
2156 372 2324 445 gloria
2350 389 2365 437 ;
2452 446 2455 447 ν

1773 463 1936 535 Cujus
1957 474 2142 536 partus
2173 474 2292 519 sunt
2335 479 2497 533 opera

1775 555 1961 609 Omnis
1980 556 2139 610 simul
2167 562 2435 610 creatura.

1776 638 2033 703 Quoniam
2088 638 2362 708 mdiﬁcavit
2392 638 2664 705 Dominus,
2692 648 2799 695 etc.

1844 729 1955 784 Ave
1970 768 1987 795 ,
2009 730 2165 800 cujus
2192 730 2444 786 sacrariis

1773 815 1865 872 ille
1886 817 2148 886 processit
2178 816 2349 882 ﬁlius,

1775 901 1938 970 Cujus
1960 910 2044 955 est
2070 900 2404 956 admirabilis

1777 991 1934 1047 Omni
1967 992 2085 1047 loco
2106 992 2434 1048 dominatus.

1776 1079 2074 1135 Benedicile
2137 1080 2358 1133 Domino
2417 1079 2593 1135 omnia
2649 1095 2805 1149 opera

2059 1166 2170 1236 ejus
2194 1166 2249 1221 in
2276 1180 2404 1230 om.,
2433 1174 2539 1221 etc.
2632 1186 2635 1191 ·

1851 1252 1993 1318 Ave,
2019 1252 2087 1306 de
2108 1249 2259 1319 cujus
2288 1251 2493 1305 intimis
2556 1242 2563 1246 ⁷

1784 1341 2043 1396 Decorem
2067 1340 2209 1393 Deus
2242 1336 2454 1400 induit,

1783 1430 1848 1484 Et
1879 1436 2075 1485 nostra:
2101 1436 2253 1483 veste
2276 1426 2401 1482 ﬁdei

1787 1521 1857 1578 Ut
1894 1520 2095 1574 lumina
2118 1534 2176 1573 se
2195 1518 2429 1572 vestivit.

2030 1603 2434 1672 Coufessionem,
2464 1611 2571 1658 etc.

1857 1694 1972 1750 Ave
2000 1693 2153 1767 stella
2175 1682 2417 1747 Paradisi
2434 1731 2452 1757 ,

1788 1783 1952 1853 Cujus
1980 1784 2159 1838 lumen
2183 1771 2507 1857 adoramus,

1790 1872 1847 1927 ln
1869 1874 2053 1930 laudes
2081 1873 2156 1928 tui
2184 1862 2278 1927 ﬁlii

1780 1959 2021 2030 Adeluya
2053 1960 2179 2015 dum
2207 1965 2513 2015 cantamus.

1925 2043 2128 2099 Titulus
2164 2040 2365 2098 Psalmi
2378 2082 2395 2109 ,
2418 2041 2681 2114 Atleluya.

1852 2133 1965 2188 Ave
1991 2131 2144 2187 stella
2174 2130 2504 2197 caelestium,

1784 2223 2024 2294 Alleluya
2057 2222 2321 2287 ﬁdelium,
2360 2286 2369 2290 _

1786 2309 1890 2365 Per
1925 2326 2086 2382 quam
2116 2309 2212 2364 Dei
2240 2308 2379 2363 inter
2408 2316 2597 2379 gentes

1788 2397 2114 2454 Nuntiantur
2132 2413 2318 2452 omnes
2344 2397 2547 2452 laudes.

1964 2488 2097 2542 Item
2125 2485 2362 2556 Alleluya
2398 2490 2451 2541 in
2482 2485 2649 2540 titulo.

1863 2574 1975 2629 Ave
2001 2583 2176 2630 mater
2194 2615 2209 2640 ,
2239 2575 2325 2629 cui
2354 2573 2615 2643 redempti

1800 2664 1874 2718 De
1899 2665 2143 2719 manibus
2171 2664 2405 2729 inimici,
2442 2674 2445 2675 ⁷

1802 2759 1972 2815 luduti
1995 2759 2130 2814 stola
2155 2760 2367 2829 gemina

1802 2849 2002 2920 Duplex
2031 2848 2217 2904 dicunt
2234 2846 2478 2917 Alleluya

1980 2937 2182 3008 Duplex
2222 2934 2457 3006 Alleluga
2486 2937 2540 2990 in
2567 2939 2647 2989 tit.

1871 3026 1984 3083 Ave
2004 3012 2209 3092 mater,
2244 3042 2310 3081 ex
2339 3040 2446 3096 qua
2478 3026 2644 3081 Deus'

1801 3116 2093 3171 Deducitur
2114 3116 2434 3171 incarnatus

1800 3207 1857 3261 lu
1884 3206 2142 3259 munitam
2176 3206 2480 3269 civitatem,

1800 3292 2055 3351 Ecclesia)
2082 3292 2302 3344 ﬁrmans
2334 3290 2493 3344 ﬁdem

2022 3379 2159 3445 Quia
2203 3381 2417 3435 deducet
2435 3418 2451 3445 ,
2481 3388 2587 3435 etc.

1868 3473 1980 3528 Ave
2010 3474 2077 3528 de
2101 3469 2253 3539 cujus
2280 3471 2389 3526 ﬁlio

1800 3563 2009 3617 Laudes
2032 3561 2193 3616 Pater
2225 3576 2329 3615 non
2349 3562 2549 3628 tacuit,

1800 3629 2083 3722 Ipsumque
2112 3648 2178 3703 de
2206 3651 2450 3720 sepulcro

1801 3744 1847 3799 A
1872 3744 2099 3798 mortuis
2123 3742 2428 3799 suscitavit.

1812 3880 1818 3888 .
2164 3832 2337 3889 Idem.

1872 3921 1985 3975 Ave
2013 3917 2179 3991 David
2210 3928 2263 3972 tu
2296 3919 2431 3984 ﬁlia,

1770 4050 1773 4051 ν
1808 4014 1881 4067 Ex
1914 4029 2019 4081 qua
2043 4020 2223 4066 nostra
2249 4010 2550 4066 substantia

1808 4105 1971 4160 Sedet
1994 4105 2046 4157 in
2077 4101 2255 4157 Patris
2278 4102 2472 4155 dextra
2495 4140 2511 4166 ,

1806 4196 1962 4251 Iesus
1983 4194 2227 4250 Christus
2251 4193 2304 4247 in
2331 4193 2522 4262 gloria.

2159 4283 2324 4337 Idem.

1877 4377 1987 4431 Ave
2015 4375 2216 4443 Regina
2242 4374 2507 4443 virginum
2527 4412 2543 4437 ,

1811 4468 1939 4533 Qua:
1960 4463 2210 4535 peperisti
2241 4463 2425 4526 ﬁlium,

1812 4555 1911 4622 Qui
1936 4556 2113 4612 Iactus
2147 4568 2231 4613 est
2258 4554 2554 4623 redemptio

1813 4644 1854 4697 A
1879 4643 2035 4698 Patre
2065 4643 2227 4697 missa
2256 4641 2469 4711 p0pulo.

2044 4734 2457 4799 Redemptionem
2473 4773 2486 4795 ,
2518 4738 2623 4784 etc.

1885 4827 1996 4881 Ave
2026 4807 2198 4879 mater
2225 4840 2361 4877 verae
2388 4822 2520 4876 lucis
2538 4861 2552 4884 ,

1817 4920 1893 4972 Ex
1921 4931 2023 4984 qua
2048 4925 2203 4968 natus
2228 4916 2277 4965 in
2310 4912 2544 4966 tenebris

1821 5012 2021 5064 Lumen
2047 5007 2207 5061 rectis
2232 5006 2391 5059 corde
2422 4988 2559 5058 Deus

1821 5101 2125 5157 Misericors
2146 5106 2258 5161 est,
2289 5106 2344 5149 et
2358 5095 2554 5161 justus.

2081 5188 2330 5239 Exortum
2357 5194 2449 5247 est,
2473 5194 2576 5237 etc.

1896 5281 2005 5333 Ave
2032 5286 2232 5337 mater,
2269 5273 2421 5341 cujus
2444 5280 2631 5342 partus

1832 5373 2003 5439 Super
2026 5379 2209 5437 gentes
2228 5377 2309 5419 est
2337 5365 2578 5419 excelsus
2596 5401 2612 5426 ,

1833 5461 2139 5529 Respiciens
2168 5457 2385 5510 humilia

1831 5554 1892 5606 Et
1917 5553 1967 5607 iu
2008 5550 2141 5604 coelo
2167 5555 2219 5600 et
2251 5547 2302 5599 in
2336 5553 2496 5599 terra.

3752 268 3775 321 ί
3786 264 3896 323 οη

3041 371 3171 439 Quis
3192 375 3323 428 sicut
3348 374 3621 441 Dominus,
3644 386 3747 433 etc.

2932 463 3044 519 Ave
3074 472 3274 529 mater,
3296 464 3450 534 cujus
3471 477 3682 536 partum

2867 551 2982 610 Non
3010 553 3302 624 laudabunt
3332 555 3386 609 in
3417 554 3721 621 infernum;

2866 644 2972 701 Sed
3005 661 3100 701 nos
3130 646 3266 716 ipsi,
3290 646 3381 717 qui
3407 647 3668 715 vivimus,
3732 686 3737 689 -

2866 736 3093 793 Domino
3120 738 3505 794 henedicimus.

3142 821 3264 878 Non
3282 825 3492 888 mortui,
3511 832 3615 879 etc.

2932 912 3046 967 Ave
3066 921 3266 977 mater,
3297 911 3457 987 cujus
3482 922 3671 984 partus

2867 999 2977 1056 Deo
3003 995 3152 1056 Patri
3182 1000 3244 1057 ﬁt
3264 1009 3551 1071 acceptus;

2869 1088 2926 1143 in
2956 1088 3199 1145 vivorum
3230 1089 3448 1160 regione
3466 1128 3487 1155 ν

2870 1179 2986 1248 Qua
3013 1179 3208 1235 vivunt
3224 1178 3342 1249 ejus
3362 1189 3553 1237 morte.

3188 1268 3409 1328 Placebo
3431 1279 3583 1337 ,_etc.

2940 1361 3056 1416 Ave
3078 1368 3281 1429 mater,
3305 1359 3461 1430 cujus
3493 1368 3684 1433 partus

2879 1453 3114 1509 Salutari
3139 1468 3238 1509 nos
3264 1453 3434 1512 calice

2877 1546 3220 1619 Comparavit
3241 1546 3527 1602 cruciﬁxus
3541 1585 3558 1610 ,

2879 1637 3033 1708 Aqua
3053 1634 3212 1693 simul
3232 1637 3596 1707 ct‘sauguiue.

3213 1724 3475 1796 Calicem,
3501 1739 3608 1786 etc.

2953 1824 3068 1879 Ave
3087 1862 3105 1891 ,
3132 1836 3231 1893 per
3250 1836 3414 1891 quam
3440 1819 3756 1893 conﬁrmata

2887 1913 2980 1970 Dei
3004 1912 3370 1969 misericordia

2884 2004 3181 2060 Veritatem
3202 2000 3493 2073 prophetiae

2883 2094 3109 2165 Aperuit
3135 2101 3192 2150 et
3213 2094 3426 2166 gratia.

3024 2184 3283 2256 Quoniam
3308 2187 3614 2257 conﬁrmata
3635 2226 3651 2249 .
3669 2194 3788 2241 etc.
3824 2230 3831 2237 .

2957 2278 3071 2332 Ave
3099 2285 3298 2342 mater,
3324 2262 3389 2332 ex
3408 2290 3514 2347 qua
3540 2275 3687 2345 Deus

2888 2361 3066 2417 Illuxit
3086 2360 3179 2431 Dei
3208 2359 3376 2415 Filius
3393 2400 3412 2426 ,

2891 2455 3193 2524 Conceptus
3219 2439 3408 2510 sancto
3433 2436 3637 2521 Spiriiu
3652 2490 3671 2517 ,

2895 2550 2967 2606 Et
2997 2563 3287 2620 resurgens
3307 2562 3373 2605 ex
3402 2546 3599 2603 obitu.

2906 2666 2907 2669 η
2969 2629 2973 2686 Ῐ
3036 2642 3339 2701 Benedictus
3373 2640 3463 2712 qui
3490 2639 3655 2707 mit,
3676 2648 3796 2697 etc.

2964 2741 3078 2797 Ave
3103 2748 3279 2797 mater
3306 2753 3405 2810 per
3428 2752 3589 2810 quam
3621 2720 3727 2798 via-

2898 2827 3241 2883 immaculata
3266 2826 3468 2897 patuit,

2899 2920 2999 2989 Qui
3031 2934 3062 2974 a
3085 2921 3197 2976 Deo
3224 2918 3359 2991 ﬁore

2771 3022 2786 3035 ‘
2898 3010 3194 3081 Virginius
3221 2991 3471 3066 etnoruit.

3247 3095 3420 3156 Idem’.

2966 3193 3081 3250 Ave
3104 3201 3276 3248 mater
3294 3190 3451 3261 hujus
3470 3198 3686 3261 partus,
3722 3191 3731 3196 ’

2866 3306 2871 3311 ·
2900 3283 2982 3339 Ad
3004 3297 3163 3351 quem
3192 3281 3296 3337 ﬁde
3323 3278 3759 3350 proclatnainus,

2907 3367 2979 3424 Ut
3003 3368 3073 3424 sit
3104 3367 3228 3438 pius
3267 3364 3581 3430 exauditor,

2890 3460 2970 3518 Ne
2990 3460 3164 3517 valeat
3178 3458 3495 3514 tribulator.

3108 3544 3111 3546 ’
3240 3545 3408 3603 Idem.

2963 3645 3081 3699 Ave
3104 3649 3313 3707 mater,
3338 3652 3443 3709 qua
3486 3636 3753 3707 processit
3844 3668 3848 3673 ο

2898 3732 3052 3789 Iesus
3076 3731 3325 3788 Christus
3351 3728 3701 3793 Emmanuel,

2901 3823 3003 3889 Qui
3025 3838 3131 3878 non
3152 3819 3382 3887 dormit,
3406 3818 3509 3879 sed
3539 3812 3785 3875 Custos“!
3864 3838 3867 3841 '

2913 3913 3079 3968 Verus
3105 3918 3380 3982 protector
3398 3906 3584 3964 lsrael.
3706 3908 3709 3911 ’
3814 3906 3851 3919 ⁷’

3116 4002 3248 4056 Ecce
3267 4016 3371 4056 non
3391 4000 3721 4063 dormit,etc.

2978 4095 3087 4149 Ave
3115 4100 3291 4147 mater
3319 4089 3479 4162 hujus
3502 4088 3666 4160 Regis
3684 4127 3703 4153 ,

2908 4185 3071 4255 Cujus
3097 4182 3251 4237 sedes
3266 4178 3577 4249 judicantis'

2910 4258 3185 4329 Sedebunt
3211 4272 3275 4344 in
3301 4270 3506 4339 judicio
3526 4309 3542 4333 ,

2909 4358 2989 4413 Ad
3025 4355 3384 4413 conﬁtendum
3409 4352 3656 4425 Domino.

3221 4443 3358 4510 Quid
3389 4444 3524 4510 illic,
3553 4453 3658 4496 etc.

2977 4536 3089 4590 Ave
3124 4542 3330 4597 mater,
3358 4526 3509 4599 cujus
3534 4538 3724 4602 partus

2909 4628 3048 4680 Deus
3069 4625 3127 4679 in.
3148 4623 3295 4678 cmlis
3323 4622 3560 4686 habitat,

2908 4716 2962 4769 In
2986 4722 3297 4769 sanctorum
3326 4712 3450 4766 dum
3491 4707 3763 4764 mentibus

2907 4802 3194 4859 Dulcedine
3222 4815 3322 4854 sua
3352 4806 3557 4868 regnat.

3273 4886 3439 4940 IdEm.

2983 4984 3113 5045 Ave,
3146 4980 3300 5049 cujus
3330 4978 3382 5031 in
3407 4976 3575 5029 ﬁlium

2918 5071 3218 5126 Proclamat
3241 5068 3373 5120 ﬁdes
3394 5072 3726 5131 martyrum;
3802 5076 3811 5091 ο

2918 5163 3023 5217 Nisi
3049 5162 3185 5215 Deus
3209 5156 3520 5223 adjuvisset.

2917 5256 3233 5309 Persecutor
3260 5244 3585 5315 deglutisset.

3123 5339 3253 5395 Cum
3280 5342 3627 5405 exsurgerent,
3655 5339 3765 5390 etc.
3796 5348 3825 5357 κ-

2987 5451 3096 5501 Ave
3112 5485 3127 5513 ,
3157 5443 3307 5519 cujus
3330 5445 3381 5496 in
3406 5440 3511 5496 ﬁlio

2922 5539 3018 5605 Qui
3050 5535 3321 5594 conﬁdunt
3351 5546 3415 5585 ex
3438 5530 3643 5593 animo,

4046 54 4101 75 vf:

4110 812 4119 823 ,η
