4214 6198
279 212 420 271 1045

282 329 354 386 Ut
382 336 535 378 mons
565 321 693 388 Sion
719 321 853 376 tiunt
884 321 1018 384 Deo,

277 415 338 469 In
369 428 474 482 quo
501 408 647 481 pacis
668 416 750 460 est
776 407 930 461 visio.

686 497 855 551 Idem.

351 592 491 653 Ave,
515 588 668 659 cujus
694 588 745 642 in
772 586 883 641 tilio

281 680 435 735 Facti
472 694 656 733 sumus
679 673 942 733 consolati

288 756 367 826 Et.
389 770 662 839 replentur
688 782 754 822 ex
783 765 975 838 gaudio

286 861 612 933 Captivitate
640 858 806 914 exuti.

692 947 856 1000 Idem.

359 1052 470 1094 nvo
497 1038 731 1094 caelestis
753 1037 974 1092 Domina
994 1075 1008 1101 ,

287 1124 454 1194 Cujus
483 1127 689 1182 fructus
713 1140 919 1182 merces
944 1139 1151 1187 sumus,

291 1215 419 1282 Ejus
444 1224 616 1270 morte
632 1205 865 1284 pretiosa

291 1303 429 1370 Quia
461 1303 623 1358 vitam
650 1302 970 1383 recepimus.

538 1389 690 1444 ,σωκ
711 1391 937 1456 dederit,
963 1383 1067 1445 etc.

363 1474 475 1529 Ave
495 1483 669 1529 mater
696 1474 988 1546 singularis
1003 1514 1019 1540 ,

295 1561 461 1632 Cujus
485 1556 670 1633 partus
690 1563 1036 1631 Emmanuel,

297 1650 632 1706 Commercio
659 1666 772 1706 sua:
792 1651 970 1707 carnis

299 1736 532 1793 Eti‘ectus
570 1749 650 1793 est
677 1752 784 1807 pax
814 1737 996 1794 Israel.

601 1825 668 1881 Ut
698 1828 869 1882 videas
889 1868 904 1894 ,
940 1836 1061 1886 etc..

377 1918 487 1973 Ave
507 1926 680 1973 mater
701 1918 896 1973 summi
925 1919 1083 1988 Regis
1101 1958 1116 1982 ,

299 2007 465 2077 Cujus
487 2018 571 2064 est
601 2010 904 2065 benedictio

303 2097 438 2151 Vitae
461 2111 674 2166 semper
700 2098 968 2153 aaternalis

303 2182 640 2254 Seutpiterna
674 2187 966 2256 possessio.

511 2274 581 2352 Et
609 2291 710 2329 non
732 2276 1001 2340 dixerunt,
1030 2285 1136 2330 etc.

370 2363 513 2431 Ave,
543 2363 695 2433 cujus
725 2366 776 2420 in
802 2365 911 2420 tilio

302 2453 428 2509 llaec
452 2464 535 2509 est
560 2454 928 2510 misericordia
945 2494 960 2520 ,

310 2543 382 2600 Ut
418 2543 511 2601 iiut
537 2561 634 2600 suo
657 2544 849 2616 populo

317 2632 636 2704 Redemptio
656 2636 893 2704 copiosa.

445 2726 581 2793 Quia
607 2728 746 2797 apud
771 2728 1073 2794 Dominum,
1114 2739 1218 2786 etc.

370 2815 484 2871 Ave
503 2855 518 2882 ,
541 2816 694 2886 cujus
722 2817 774 2874 in
805 2818 969 2876 tilium

307 2904 477 2962 Verus
493 2905 602 2976 jam
624 2917 802 2977 sperat
829 2909 990 2970 lsrsel
1009 2951 1025 2976 ,

306 2995 405 3063 Qui
435 3012 539 3052 non
564 2996 735 3071 elatus
757 3000 996 3054 moribus

309 3087 385 3143 De
413 3097 472 3144 se
492 3089 658 3145 sensit
686 3090 979 3146 humiliter.

550 3181 734 3252 Speret
755 3181 926 3236 Israel
937 3221 954 3246 ,
992 3191 1096 3238 etc.

373 3271 487 3329 Ave
513 3281 715 3336 mater,
758 3270 923 3343 Virgo
946 3287 1112 3341 pura,

305 3359 467 3432 Cujus
491 3370 682 3432 partus
708 3363 868 3417 homo
910 3363 1051 3417 Deus

305 3449 470 3507 Sedet
495 3451 548 3507 in
577 3450 751 3508 Patris
772 3446 990 3526 dextera
1008 3490 1023 3517 ,

304 3540 448 3622 Deus
476 3541 646 3598 David
672 3552 728 3598 et
756 3542 918 3598 illius.

653 3631 822 3688 Idem.

348 3765 352 3772 ι
380 3720 520 3801 Ave,
547 3721 703 3792 cujus
732 3723 784 3778 in
817 3721 912 3779 lilii

307 3811 625 3873 Hahitamus
651 3815 730 3869 sic
748 3813 909 3881 ovili,

306 3900 459 3957 Sicut
483 3903 571 3958 illa
595 3903 923 3974 germanitas
939 3945 954 3969 ,

305 3991 477 4060 Quam
501 3993 637 4065 regit
668 4008 776 4048 uua
801 3993 1058 4048 Charitas.

660 4081 829 4138 Idem.

369 4174 510 4236 Ave,
536 4173 688 4240 cujus
713 4175 765 4228 in
795 4173 887 4229 lilii

308 4263 673 4319 lnhahitamus
700 4264 883 4334 atriis,

307 4353 365 4407 In
395 4352 559 4423 ipsius
593 4354 804 4423 quando
837 4353 939 4409 lide

308 4442 606 4499 Dilatamur
635 4444 918 4499 charitate.
1009 4511 1012 4514 λ

590 4532 693 4597 Qui
715 4534 862 4587 statis
877 4572 894 4599 ,
916 4543 1020 4589 etc.

378 4618 491 4688 Ave
513 4629 715 4685 mater,
743 4622 796 4674 in
822 4636 926 4689 qua
954 4622 1095 4679 Deus

311 4706 408 4764 Est
427 4722 495 4764 ex
523 4708 651 4765 Sion
679 4708 1020 4776 benedictus.

311 4797 412 4865 Qui
435 4797 637 4854 habitat
659 4795 1016 4868 HieruSalem',

310 4885 468 4942 Pacis
497 4889 697 4945 habens
723 4891 1002 4947 visionem.

384 4979 694 5033 Benedictus
716 4980 852 5035 Deus
884 4997 948 5036 ea;
975 4981 1102 5037 Sion
1118 5022 1134 5048 ,
1158 4991 1264 5038 etc.

381 5066 524 5132 Ave,
551 5066 700 5135 Cujus
731 5067 782 5121 iu
820 5067 929 5122 tilio

311 5152 644 5210 Coniitemur
670 5157 812 5211 Patri
845 5159 987 5226 Deo;

314 5240 574 5308 Quoniam
603 5245 661 5299 tit
694 5247 743 5299 iu
769 5248 958 5301 saecula

316 5328 440 5398 Ejus
466 5331 849 5387 misericordia.

631 5421 797 5493 Idem.

385 5516 494 5572 Ave
514 5557 527 5582 ,
556 5525 698 5573 terra
723 5518 993 5574 benedicta
1015 5558 1030 5585 ,

1191 201 1407 258 HYMNI
1445 202 1531 256 ET
1561 195 1994 256 PSALTERIUM
2021 194 2110 248 DE
2148 192 2206 249 S.
2246 189 2481 246 MARIA.

1373 317 1430 370 In
1457 330 1560 385 qua
1593 323 1841 377 cantatur
1866 311 2162 370 canticum,

1375 405 1524 472 Quod
1549 407 1600 460 in
1629 414 1772 458 terra
1796 405 1969 458 aliena

1376 499 1595 555 Cantari
1627 514 1732 552 non
1755 507 1838 552 est
1866 496 2091 550 licitum.

1376 589 1534 659 307
1563 587 1834 652 Quomodo
1850 585 2194 650 cantabimus,
2235 591 2321 637 etc

1448 682 1581 745 Ave,
1607 681 1759 751 cujus
1787 681 1952 734 tilium

1384 772 1474 826 Dei
1500 771 1672 826 Patris
1701 785 1887 826 verum
1921 769 2198 838 templum,

1384 856 1544 913 Prout
1572 858 1746 921 decet,
1775 857 2084 920 adoramus,

1383 947 1516 1000 Dum
1536 945 1816 1002 credentes
1846 945 2181 1000 confitemur.

1561 1034 1622 1089 In
1645 1044 1940 1103 conspectu,
1972 1043 2078 1088 etc.

1456 1121 1586 1186 Ave,
1615 1123 1766 1192 cujus
1793 1129 1980 1190 partus

1383 1209 1440 1267 In
1469 1210 1672 1266 tumqu
1697 1217 1979 1279 soporatus

1387 1295 1539 1350 Sicut
1571 1294 1714 1350 diem
1741 1301 1952 1349 noctem
1977 1290 2133 1356 fecit;

1386 1384 1519 1441 Cum
1546 1383 1612 1438 de
1642 1391 1799 1439 nocte
1828 1380 2142 1436 resurrexit.

1563 1471 1702 1538 Quia
1724 1471 1967 1537 tenebris,
2002 1479 2106 1524 etc.

1457 1560 1591 1628 Ave,
1620 1559 1772 1630 cujus
1793 1565 1878 1612 est
1906 1557 2001 1612 ﬁlii

1390 1651 1552 1706 Pater
1580 1651 1755 1705 virtus
1777 1648 2051 1712 salutaris,

1390 1742 1609 1812 Agentis
1640 1741 1693 1795 in
1723 1739 1812 1794 die
1837 1738 1963 1794 belli

1391 1829 1510 1886 Vim
1539 1837 1736 1884 nostrai
1774 1823 2174 1896 redemptionis.

1393 1919 1629 1984 Domine,
1650 1916 1868 1971 Domine
1885 1917 2045 1972 virtus
2067 1914 2252 1968 salutis
2275 1928 2429 1966 meae.

1461 2007 1573 2062 Ave
1611 2015 1806 2072 mater,
1842 2003 1996 2074 cujus
2035 2012 2222 2075 partus

1314 2113 1315 2116 ‘
1395 2097 1546 2153 Viam
1572 2096 1700 2151 fecit
1718 2094 2028 2167 singularis,

1395 2188 1574 2242 Donec
1600 2188 1808 2258 peregit
1834 2186 2118 2249 transitus,

1395 2276 1599 2343 Quibus
1630 2277 1794 2330 vitam
1824 2276 1970 2330 dedit
2001 2273 2176 2337 nobis.

1571 2366 1769 2422 Cadent
1798 2367 1852 2420 in
1875 2363 2145 2429 retiaculo,
2172 2370 2282 2440 etc.

1467 2459 1579 2514 Ave
1602 2465 1792 2522 mater,
1821 2457 1974 2527 cujus
1998 2464 2212 2526 partum

1397 2546 1794 2618 Exspectabam
1827 2559 2015 2600 omnes
2038 2543 2202 2618 justi;

1399 2638 1579 2702 Donec
1601 2636 1758 2691 Pater
1781 2633 1947 2706 genus
1982 2644 2222 2690 nostrum

1401 2726 1671 2782 Retribuit
1693 2724 1808 2793 ejus
1834 2723 2015 2778 morti.

1575 2815 1725 2868 Edue
1745 2816 1809 2869 de
1827 2813 2080 2874 custodia,
2111 2820 2216 2868 etc.

1466 2908 1580 2961 Ave
1609 2913 1781 2960 mater
1809 2903 1968 2972 hujus
1994 2911 2198 2973 partus,

1400 2993 1562 3063 Cujus
1586 3005 1682 3045 nos
1705 2989 1853 3068 ducit
1871 2987 2090 3058 spiritus
2197 2974 2216 2996 "

1400 3083 1455 3137 in
1489 3091 1687 3153 terram
1716 3077 2070 3140 rectitudinis,

1403 3170 1625 3226 Terram
1653 3166 2088 3224 resurrectionis.

1545 3257 1774 3329 Spiritus
1805 3267 1926 3312 tuus
1955 3257 2139 3320 bonus,
2162 3263 2270 3310 etc.

1475 3347 1584 3403 Ave
1612 3355 1804 3412 mater,
1829 3338 1980 3415 cujus
2009 3354 2216 3414 partus,

1406 3436 1540 3490 Dum
1566 3436 1793 3491 virtutes
1819 3434 2131 3506 fulguravit,

1404 3529 1652 3587 lniideles
1674 3531 2004 3602 principatus

1405 3628 1512 3684 Sua
1541 3637 1720 3685 morte
1746 3628 2044 3700 dissipavit.

1688 3715 1945 3790 Fulgura,
1973 3726 2078 3775 etc.
2137 3775 2140 3778 λ

1478 3808 1588 3865 Ave
1610 3818 1802 3876 mater,
1828 3808 1984 3879 cujus
2006 3815 2195 3880 partus

1404 3897 1710 3956 Laudabilis
1733 3908 1816 3955 est
1842 3897 2130 3964 Dominus,

1406 3991 1471 4046 Et
1497 3991 1881 4062 magnitudinis
1899 3989 2016 4059 ejus

1407 4083 1524 4144 Non
1551 4092 1633 4138 est
1659 4082 1782 4138 linis
1811 4095 1912 4137 nec
1938 4081 2217 4144 terminus.

1547 4173 1772 4244 Magnus
1794 4171 2067 4237 Dominus,
2096 4180 2202 4228 etc.

1479 4263 1588 4318 Ave
1615 4271 1804 4328 mater,
1829 4261 1981 4328 cujus
2002 4271 2186 4330 partus

1409 4355 1547 4410 Vere
1571 4354 1728 4409 solvit
1755 4351 2119 4423 compeditos;

1408 4446 1540 4514 Quia
1568 4444 1679 4500 sola
1711 4443 1841 4499 fides
1871 4441 1996 4511 ejus

1407 4536 1675 4593 llluminat
1695 4541 1872 4589 mente
1900 4548 2094 4602 cmcos.

1549 4625 1801 4681 Dominus
1829 4624 2002 4691 solvit,
2024 4633 2130 4680 etc.

1477 4714 1590 4769 Ave
1619 4721 1809 4778 mater,
1854 4711 2009 4781 cujus
2036 4719 2225 4781 partus

1411 4803 1660 4860 Ediilcat
1687 4801 2055 4867 Hierusalem;

1413 4891 1542 4948 Dum
1568 4893 1864 4948 clementer
1889 4906 1989 4947 nos
2011 4891 2080 4946 ad
2104 4889 2222 4960 ejus

1408 4984 1681 5039 Coadunat
1711 4982 1991 5037 visionem.

1584 5075 1904 5142 Edificals,
1932 5082 2037 5127 etc.

1480 5166 1593 5218 Ave
1621 5174 1811 5229 mater,
1843 5161 1995 5230 cujus
2023 5169 2233 5231 partum

1412 5252 1615 5308 Laudat
1639 5252 1725 5307 illa
1749 5249 2103 5315 Hierusalem,

1415 5343 1481 5399 Et
1517 5345 1747 5414 suspirat
1773 5343 1825 5396 in
1859 5350 2121 5396 aeternum

1417 5431 1578 5501 Cujus
1615 5432 1744 5486 ﬁnes
1774 5430 1921 5484 dedit
1955 5442 2160 5498 pacein.

1558 5523 1659 5586 Qui
1682 5525 1848 5591 posuit
1877 5525 2028 5595 ﬁnes,
2057 5532 2158 5578 etc.

3363 173 3494 229 1036

2541 301 2651 356 Ave
2679 308 2874 360 mater.
2914 313 3063 365 cujus
3093 312 3246 366 parur

2473 395 2548 449 Ex
2572 394 2749 449 debita
2768 389 2974 458 iustitia

2474 482 2717 537 Laudant
2743 480 2887 534 cives
2912 476 3247 545 angelorum,

2475 573 2676 627 Laudat
2695 568 2870 624 omnis
2892 575 3156 621 creatura.

2476 660 2710 715 Laudate
2729 673 2848 712 eum
2869 669 3044 708 omnes
3069 649 3259 719 angeli,
3302 655 3404 701 etc.
3429 655 3432 657 ‘

2547 749 2679 811 Ave,
2704 747 2766 800 de
2792 743 2944 811 cujus
2973 739 3082 794 lilio

2479 838 2608 894 Sion
2641 834 2914 891 exsultant
2949 831 3106 893 tiliae;

2480 929 2614 982 Dum
2643 927 2709 980 de
2738 922 2853 990 ejus
2882 919 3156 976 consortio

2481 1016 2804 1072 Sanctorum
2834 1010 3067 1084 gaudent
3090 1008 3301 1062 animm.

2621 1102 2975 1159 Exsultabunt
3001 1097 3189 1161 sancti,
3216 1103 3322 1149 etc.

2549 1195 2661 1249 Ave
2690 1200 2883 1258 mater,
2913 1189 3066 1257 cujus
3088 1193 3301 1255 partum

2483 1285 2539 1340 lu
2568 1281 2836 1356 tympanis
2865 1279 3180 1334 meritorum

2485 1369 2671 1424 Sancti
2708 1365 2932 1422 laudant
2960 1377 3025 1418 ex
3055 1359 3245 1430 gratia,

2486 1459 2871 1516 Mortiﬁcantes
2894 1453 3048 1509 vitia.

2487 1546 2722 1601 Laudate
2748 1543 3028 1598 Dominum
3049 1541 3101 1593 in
3122 1547 3387 1608 tympano,
3410 1541 3517 1589 etc.

2619 1663 2909 1721 conetusto
2945 1658 3374 1702 SALUTATIONUI.

2560 1743 2671 1798 Ave
2701 1730 2911 1813 gemma
2940 1737 3146 1809 singula
3156 1738 3250 1799 ris.

2489 1831 2704 1888 Habeas
2724 1832 2924 1901 scripta
2953 1827 3210 1900 mysteria

2490 1921 2546 1977 in
2576 1920 2765 1980 aeterni
2791 1919 3071 1978 Pontiﬁcis

2491 2013 2763 2073 Rationaii
2801 2013 2996 2085 posita.

2564 2108 2675 2163 Ave
2696 2104 2893 2163 lamina
2919 2116 3103 2166 aurea,

2491 2196 2552 2251 In
2583 2205 2634 2251 te
2664 2195 2776 2264 ipsa
2802 2189 3229 2259 circumscripta,

2492 2280 2699 2336 Nomen
2727 2273 3093 2350 propitiabile',

2492 2370 2644 2438 Quod
2672 2376 2754 2424 est
2783 2365 3074 2422 indicibile.

2561 2457 2674 2513 Ave
2703 2455 2814 2512 sola
2838 2454 3142 2524 virginitas,

2492 2546 2656 2618 Cujus
2682 2545 2822 2600 Deus
2842 2542 3168 2606 fecunditas,

2481 2636 2748 2692 Nostrum
2776 2629 3217 2709 superhumeraie

2495 2728 2682 2782 Divina
2713 2725 2772 2780 iit
2799 2741 2868 2780 ex
2897 2725 3116 2778 virtute.

2566 2815 2756 2870 Postea
2803 2811 3025 2867 dicenda
3071 2818 3145 2865 est
3194 2807 3478 2876 dntiphomt
3511 2817 3530 2855 :

2561 2928 2674 2981 Ave
2700 2925 2903 2994 Regina
2932 2922 3210 2986 caelorum,
3241 2927 3346 2975 etc.

2603 3011 2728 3066 Post
2760 3027 2917 3082 quam
2941 3018 3014 3065 est
3040 3010 3150 3064 Ιιωο
3179 3007 3367 3061 altera;

2564 3103 2749 3160 Gaude
2777 3100 2870 3156 Dei
2896 3099 3129 3171 genitrix
3156 3097 3316 3166 Virgo
3341 3094 3532 3150 imma-

3226 3183 3458 3258 [culata;

2495 3274 2701 3347 Gaude,
2749 3292 2871 3349 qua:
2924 3276 3177 3348 gaudium
3217 3275 3284 3328 ab
3333 3272 3535 3342 Angela

3138 3361 3463 3435 [suscepisti,

2499 3457 2711 3525 Gaude,
2745 3469 2866 3526 qua:
2899 3453 3130 3526 genuisti
3155 3450 3342 3507 aeterni
3379 3447 3536 3502 lumi-

2977 3543 3086 3617 [nis
3111 3540 3456 3602 charitatem,

2500 3640 2706 3710 Gaude,
2721 3646 2895 3696 mater
2915 3636 3136 3710 pietatis
3147 3643 3204 3690 et
3229 3631 3537 3688 miscricor-
3587 3692 3589 3694 _

3307 3724 3466 3798 [ἀίεις

2501 3810 2707 3894 Gaude,
2749 3827 2935 3876 sancta
2967 3818 3062 3874 Dei
3092 3815 3325 3889 genitrix
3351 3816 3542 3884 virgo;

2501 3913 2582 3968 Tu
2609 3912 2720 3968 sola
2754 3919 2927 3966 mater
2951 3910 3210 3978 innupta;

2503 4004 2580 4061 Te
2607 4003 2788 4065 laudat
2816 4003 2991 4058 omnis
3023 3999 3228 4055 factum

2503 4090 2832 4147 Genitricem
2862 4088 3026 4153 lucis;

2506 4182 2593 4237 Sis
2620 4195 2717 4252 pro
2761 4180 2937 4244 nobis,
2983 4175 3427 4247 quaesumus..pia
3459 4175 3540 4228 in-

3124 4266 3464 4338 [tervcutrim

2505 4361 2728 4418 Oratio:
2757 4359 2895 4415 Deus
2923 4357 3013 4426 qui
3043 4357 3109 4411 de
3139 4355 3326 4419 beatae,
3356 4364 3464 4407 etc.

2541 4465 2748 4511 δικκυε
2776 4467 2794 4505 1
2823 4465 2876 4504 IN
2907 4462 3118 4504 LAUDEI
3165 4463 3210 4502 8.
3241 4459 3502 4500 DEIPARB.

2576 4540 2617 4594 Ο
2652 4538 2839 4603 Maria,
2875 4552 3066 4592 nomen
3103 4536 3324 4600 bonum,
3378 4550 3393 4564 ·

2507 4627 2711 4683 Nomen
2735 4625 3082 4682 memorabile
3107 4642 3120 4677 :

2507 4713 2550 4769 0
2573 4728 2765 4769 nomen
2791 4712 2931 4781 quod
2960 4710 3151 4765 melius
3176 4718 3258 4764 est

2506 4783 2676 4871 Qn‘am
2703 4803 2882 4858 multa:
2908 4801 3140 4856 divitiae!

2581 4893 2880 4948 Balsamum
2904 4889 3279 4952 aromatizans,

2512 4981 2659 5037 Thus
2684 4976 2836 5037 mirae
2865 4977 3192 5047 fragrantia},

2511 5073 2636 5128 Flos
2656 5081 2911 5136 aeternus,
2940 5085 3062 5125 rasa
3092 5068 3255 5129 senis,

2515 5161 2739 5231 Lignu'n
2760 5173 2976 5228 semper
2997 5156 3184 5210 viride.

2584 5251 2748 5308 Stella
2771 5251 2896 5307 solis
2915 5249 3209 5304 claritatem

2518 5344 2628 5398 Suo
2652 5344 2869 5397 vincens
2899 5340 3114 5407 jubare'

2505 5434 2740 5503 .Semper
2766 5439 2955 5490 mater,
2984 5427 3105 5496 quia
3135 5438 3399 5494 nunquam

2519 5523 2635 5578 Eris
2666 5522 2780 5577 sine
2810 5519 3008 5577 sobolc.
