4214 6196
646 233 780 288 1017

713 351 985 420 Speciosa,
1011 365 1064 409 et
1090 359 1270 413 suavis

641 440 921 496 Canticum
957 444 1178 509 laetitia};

644 525 1012 593 l’rae‘dieanda,
1040 540 1092 584 et
1125 533 1386 590 laudanda

638 614 894 670 l’rivatim
924 627 977 671 et
1001 621 1231 688 publice.

712 707 823 760 Non
855 709 1188 776 luctantum,
1221 713 1315 767 sed
1347 715 1398 768 in
1430 722 1536 768 tota

639 791 817 846 Mundi
849 794 1151 859 latitudine,

636 883 704 936 Et
733 884 782 936 in
807 884 978 944 cmlis.
1009 887 1315 957 angelorum

636 973 786 1028 Dulci
821 974 1198 1029 modulamine.

655 1127 659 1132 ι
707 1059 878 1124 Quam
911 1075 1093 1114 amare
1121 1060 1263 1117 nolle
1291 1060 1467 1117 nullus

637 1145 815 1202 Putem.
847 1150 964 1203 sine
989 1151 1247 1215 crimine;

635 1232 729 1285 Cui
761 1237 995 1303 placare,
1026 1236 1130 1290 {ide
1153 1236 1318 1302 stare,

636 1325 700 1378 Et
724 1325 833 1380 Deo
859 1337 942 1381 est
970 1329 1170 1383 vivere.

705 1415 840 1469 Dum
872 1433 968 1471 nos
997 1419 1088 1472 tibi
1120 1419 1578 1484 commendamus.

631 1503 768 1561 Vota
791 1517 972 1561 nostra
1001 1509 1211 1576 suscipe
1245 1527 1257 1538 ·

582 1651 596 1663 ν
633 1596 766 1650 Dum
801 1605 850 1651 te
878 1599 1029 1665 proni
1059 1601 1358 1653 salutamus

631 1685 884 1749 Quamvis
912 1686 1012 1740 hoc
1050 1688 1323 1741 rarissime

698 1775 811 1829 Ave
843 1776 937 1831 tibi
975 1791 1153 1832 coram
1184 1789 1269 1831 tua

629 1863 900 1919 Dicentem
941 1867 1193 1936 imagine,

627 1953 937 2023 Incerrupta
966 1966 1016 2009 et
1046 1958 1303 2022 fecunda;

624 2043 745 2096 Noli
777 2061 859 2098 tne
891 2047 1191 2115 despi'ere.

698 2136 903 2192 lenm
935 2139 1075 2203 cmli,
1112 2142 1300 2197 domus
1329 2144 1442 2210 Dei,

626 2226 732 2283 Vas
764 2230 1161 2299 misericordiae,

624 2320 858 2376 Pronum
886 2338 1014 2378 vero
1043 2324 1135 2378 tibi
1174 2336 1407 2392 constat,

622 2413 688 2467 Et
710 2415 933 2470 omnino
965 2416 1141 2472 facile.

697 2508 773 2561 Ad
800 2498 1151 2579 quoscunque
1177 2511 1310 2567 velis
1333 2528 1462 2566 usus

620 2598 852 2668 Angelos
883 2601 1256 2659 transmittere

621 2684 774 2751 Quod
796 2687 1040 2762 exempla
1071 2689 1233 2742 multa
1271 2691 1519 2759 probant,

622 2773 753 2840 Quae
781 2776 1000 2846 longum
1024 2786 1107 2833 est
1127 2792 1349 2848 ponere.

690 2867 920 2938 Ideoque
940 2879 1185 2924 sanetum
1210 2870 1364 2927 nobis

619 2957 926 3013 Gabrielem
953 2959 1145 3030 dirige,

620 3043 720 3109 Qui
748 3053 799 3098 te
826 3055 1052 3099 matrem
1085 3045 1175 3100 Dei
1199 3046 1283 3100 sui

621 3133 886 3188 Salutavit
911 3147 1163 3204 congrue.

687 3225 863 3293 Atque
883 3234 1073 3280 saneto
1103 3225 1487 3294 gravidandam

620 3317 952 3370 Praeconavit
989 3313 1226 3380 ﬂamine,

616 3408 834 3476 Absque
865 3409 1210 3477 generatione

618 3497 888 3551 Nalm-aiis
911 3499 1132 3567 copulae.

687 3586 861 3655 ipsum
892 3603 1022 3656 ergo
1049 3586 1115 3642 ad
1148 3598 1197 3642 te
1226 3589 1381 3644 nobis
1446 3659 1451 3662 μ

616 3676 957 3730 Causidicum
987 3677 1183 3742 tribue,

620 3765 704 3818 lJti
739 3765 830 3820 tibi
865 3782 1050 3835 preces
1073 3779 1285 3823 nostras

618 3856 879 3924 Dignetur
905 3872 1211 3928 suggerere.

685 3949 1010 4019 (lmlestique
1035 3951 1192 4004 corda
1223 3960 1405 4006 nostra

616 4041 782 4095 Curet
814 4041 1188 4103 medicamine,

617 4132 877 4196 Quoniam
910 4139 1034 4185 sunt
1065 4133 1285 4186 vanitati

617 4205 840 4274 Subiita
872 4222 1157 4290 superflue.

687 4311 791 4364 Sed
817 4323 888 4371 ιιι,
918 4321 1090 4364 mater
1115 4311 1366 4380 gloriosa,

616 4404 821 4460 Miseri:
855 4413 1184 4472 compulere.

614 4492 861 4552 Tendens
890 4504 1092 4556 autem,
1123 4494 1166 4546 si
1195 4493 1314 4560 quis
1337 4492 1466 4560 petit

617 4589 722 4640 Sua
761 4590 968 4642 vincula
1003 4589 1232 4640 solvere.

684 4681 794 4733 Nec
825 4681 1120 4750 dedignans
1162 4681 1483 4736 miscrorum

613 4769 906 4822 Airumnas
939 4769 1217 4824 attendere
1244 4788 1257 4823 :

527 4853 540 4866 ⁵
615 4860 719 4910 Sed
747 4870 926 4926 parata
961 4861 1231 4915 invocanti

613 4949 842 5000 tluililiet
875 4963 1211 5004 succurrere.

684 5041 726 5091 Ο
759 5049 980 5105 patrona
1015 5048 1385 5106 peccatorum;

616 5127 725 5177 line
754 5128 818 5177 ad
850 5141 946 5178 nos
975 5136 1284 5183 convertere
1318 5148 1328 5180 :

613 5214 879 5264 lllustralo
909 5222 1081 5265 terras
1104 5224 1331 5278 nostras,

619 5300 804 5350 Vultus
835 5303 906 5352 ttti
935 5301 1130 5356 sidere.

686 5393 746 5442 lit
779 5408 839 5442 ex
879 5395 959 5446 illa
993 5398 1114 5449 sede
1144 5405 1229 5449 tua

611 5482 835 5532 Domum
878 5482 1030 5536 istam
1058 5487 1284 5552 respice,

613 5566 670 5618 Et
715 5573 1021 5623 commenda
1056 5573 1316 5626 Salvatm'i

977 239 1031 294 S.
1072 242 1366 301 ANSELMI
1409 246 1754 307 CANTUAR.
1796 255 2108 312 ARCIIIEP.
2148 259 2298 314 OPP.
2338 260 2514 316 PARS
2539 263 2602 318 ll.
2640 296 2707 307 --
2744 267 3108 327 ΡΑΙΏΕΝΕΤ.
3150 272 3240 328 ΕΤ
3271 273 3511 330 ASCET.

1743 363 1944 420 Locum
1979 369 2118 423 hunc
2156 371 2385 426 assidue.

1810 458 1884 512 Ac
1905 458 2135 529 benigne
2159 464 2331 516 nostri
2359 473 2566 521 memor

1739 544 1848 620 Nos
1875 564 1903 600 a
1929 550 2086 604 malis
2109 551 2262 620 eripe
2287 571 2302 606 :

1739 619 2133 707 beneficiisque
2161 619 2268 696 tuis

1737 723 2078 783 lncessanter
2105 729 2310 787 refove.

1807 817 1905 884 Qui
1941 833 2040 874 nos
2069 820 2164 876 tibi
2185 828 2626 884 commendamus

1688 980 1696 987 ι
1738 903 1882 961 Satis
1909 904 2242 977 necessarie,

1735 994 2086 1068 implorantes
2108 1017 2265 1076 opem
2289 1012 2460 1072 tuam,

1735 1085 1912 1156 Super
1934 1105 2031 1146 nos
2057 1091 2385 1150 descendere
2411 1112 2427 1149 :

1804 1177 1909 1234 Pro
1937 1181 2174 1248 peccatis
2200 1183 2397 1252 quippe
2427 1186 2627 1241 nostris

1734 1269 2078 1326 Tribulamur
2107 1274 2360 1342 undique,

1734 1357 1798 1410 Et
1834 1360 2231 1426 praevaluerunt
2263 1362 2314 1414 in
2353 1376 2450 1416 nos

1735 1450 1977 1506 Hostium
2005 1451 2232 1507 insidiae.

1801 1541 1900 1606 Qui
1933 1556 2031 1594 nos
2069 1542 2229 1596 dente
2249 1544 2485 1610 genuino

1730 1627 1852 1681 Non
1874 1638 2086 1683 cessant
2117 1631 2406 1686 corrodere
2432 1651 2448 1688 :

1730 1714 1840 1769 Heu
1870 1716 2084 1770 miseri!
2117 1732 2216 1772 cur
2239 1733 2359 1774 sum
2393 1731 2554 1778 natus

1728 1805 1897 1860 Tanta
1929 1807 2070 1860 mala
2094 1824 2337 1865 cernere.

1794 1897 1964 1954 Mater
1987 1901 2094 1968 pia,
2120 1901 2271 1956 stella
2300 1900 2490 1965 maris,

1723 1990 1776 2044 in
1810 1991 1913 2048 lioe
1949 1995 2229 2048 consolare
2262 2008 2370 2058 me,

1723 2081 1788 2134 Et
1826 2084 2000 2138 amico
2024 2083 2119 2140 Dei
2144 2099 2338 2154 magno

1723 2170 1947 2226 Nieolao
1977 2172 2226 2228 condole.

1792 2261 1858 2313 Et
1883 2261 2093 2317 ancillae
2130 2261 2224 2316 Dei
2258 2261 2360 2331 piae

1656 2344 1664 2353 ”
1718 2347 2031 2419 Cunegundi
2063 2349 2310 2414 condole,

1719 2438 1883 2508 Cujus
1907 2455 2042 2509 pene
2065 2440 2177 2509 jam
2207 2438 2404 2496 defecit

1720 2529 1903 2582 llonor
1939 2527 2289 2600 Reipublicae,

1789 2614 1918 2669 Esto
1949 2613 2065 2682 eius
2086 2615 2394 2669 interventu

1718 2703 1916 2777 Custos,
1946 2703 2105 2772 bujus
2136 2704 2325 2768 vineae,

1719 2790 1787 2845 Et
1809 2785 2150 2847 cireumddns
2169 2807 2290 2847 eam
2320 2807 2475 2849 muro

1718 2879 2015 2951 Rapientes
2038 2883 2106 2937 ab
2129 2884 2270 2954 igne.

1789 2967 2062 3037 Palmites,
2093 2987 2230 3043 quos
2259 2974 2508 3044 produxi,

1713 3059 1946 3116 Benedic
1971 3072 2024 3116 et
2049 3073 2270 3134 protege
2301 3078 2316 3117 :

1713 3149 1831 3220 ipsa
1858 3152 2052 3222 quippe
2079 3163 2134 3208 te
2165 3155 2352 3209 dilexit

1712 3243 2190 3302 Atl‘ectuosissime.

1783 3332 2009 3403 Semper
2035 3335 2230 3389 ardens
2264 3351 2384 3391 esse
2416 3347 2519 3392 tuae

1713 3421 2005 3476 CommoJa
2045 3422 2319 3476 Ecclesiae.

1716 3510 1855 3579 Ergo
1881 3519 1934 3564 et
1973 3517 2026 3563 tu
2057 3525 2242 3565 servos
2269 3511 2385 3580 ejus

1717 3601 2118 3669 Consequentet‘
2150 3601 2331 3672 dilige.

1786 3691 2078 3746 Consolare
2116 3694 2421 3758 destitutos,

1718 3774 1908 3845 Lapsis
1935 3793 2152 3832 manum
2185 3765 2420 3848 porrige,

1716 3869 1880 3939 308
1915 3870 1978 3925 Et
2002 3869 2138 3924 educ
2165 3872 2230 3925 de
2261 3871 2370 3926 luto
2401 3874 2550 3936 i’eeis,

1717 3958 1782 4012 Et
1811 3959 1927 4013 lacu
1961 3961 2207 4015 miseri-.e.

1788 4048 1895 4105 Nec
1925 4068 2022 4105 nos
2052 4057 2238 4107 mortis
2270 4057 2609 4123 sempiterna:

1716 4139 2185 4209 Comprehendant
2220 4144 2452 4196 tenebra:
2484 4162 2496 4196 :

1719 4229 1822 4282 Sed
1864 4229 2090 4283 illustret
2123 4243 2330 4285 tuentes
2360 4243 2570 4287 nostras

1716 4319 1829 4371 Lux
1865 4320 2099 4374 cwlestis
2127 4323 2332 4390 gratize.

1790 4415 1932 4467 Done
1963 4415 2115 4483 cujus
2148 4419 2335 4469 sordes
2368 4427 2542 4471 tantas

1714 4503 2006 4558 Possumus
2039 4506 2266 4559 evadere
2295 4521 2308 4557 :

1714 4594 1916 4660 Quibus
1955 4595 2194 4646 membra
2226 4610 2353 4649 suus
2385 4597 2610 4650 mundus

1714 4683 1903 4737 Polluit
1943 4682 2164 4738 nefarie.

1785 4771 1862 4824 Tu
1893 4787 1951 4826 es
1981 4775 2122 4827 enim
2155 4785 2325 4827 mater
2345 4775 2567 4840 Cbristi,

1716 4860 1908 4916 Suavis
1939 4863 2233 4927 memonize,

1717 4953 1796 5007 0b
1825 4971 1984 5022 quam
2023 4955 2176 5006 nobis
2195 4965 2320 5007 sunt
2351 4964 2550 5023 apertze

1718 5045 1956 5099 l‘aradisi
1982 5047 2182 5114 janute.

1787 5134 1913 5200 Quie
1939 5145 2043 5188 tam
2074 5143 2265 5208 potens
2293 5152 2351 5192 es
2375 5137 2426 5190 in
2457 5138 2601 5192 omni

1717 5223 1978 5279 Bunitatis
2001 5240 2180 5294 opere.

1717 5311 1784 5365 Ut
1808 5314 2024 5366 omnino
2052 5314 2122 5367 sit
2152 5314 2388 5378 beatum,

1716 5396 1898 5461 Qualis
1927 5400 2001 5452 sis
2027 5401 2337 5466 agnoscere.

1738 5527 1739 5530 η
1785 5486 2125 5540 Benedictum
2153 5503 2342 5540 nomen
2371 5489 2508 5556 ejus,

1715 5576 1969 5629 Sanctum
2010 5585 2062 5630 ct
2094 5578 2350 5634 terribile.

3743 245 3876 332 tots

2847 382 2947 448 Qui
2979 403 3074 458 per
3098 397 3283 448 orbem
3309 397 3455 444 ttntm
3482 410 3671 450 nomen

2842 469 2999 526 Fecit
3034 489 3154 530 esse
3184 476 3414 531 celebre.

2914 554 3016 611 Per
3034 572 3193 626 quam
3221 573 3402 629 posset
3427 564 3530 619 teis
3564 565 3674 621 suis

2837 641 3067 700 Peccata
3098 647 3386 703 remittere.

2839 729 3065 802 Semper
3092 747 3296 802 quaeso.
3326 737 3414 806 pia
3442 737 3604 809 Virgo

2837 816 2939 873 Mei
2971 820 3336 878 reminiscere.
3442 883 3448 892 ,

2909 904 3242 980 Semper-que
3261 911 3506 967 veritatis

2835 991 2985 1050 Dona
3017 995 3145 1051 mihi
3173 997 3380 1064 obtine,

2836 1077 2908 1135 Ut
2929 1096 3015 1136 me
3036 1097 3134 1138 suo
3164 1090 3382 1138 tueatur

2833 1166 3003 1224 Sacro
3041 1171 3426 1234 moderamine.

2902 1254 3088 1325 Sitque
3114 1271 3246 1311 mete
3269 1271 3430 1326 prece
3465 1270 3581 1322 tua

2831 1340 3148 1400 Consolator
3172 1349 3388 1413 animae,

2833 1437 2895 1491 Et
2921 1438 3165 1496 infundat
3189 1444 3474 1511 peccatrici

2828 1528 3015 1584 Oleum
3046 1530 3099 1584 in
3134 1531 3402 1603 lampade.

2896 1618 3013 1686 Quo
3040 1610 3226 1690 parata
3255 1624 3424 1692 possit
3451 1639 3654 1694 sponso

2826 1701 3043 1759 Caelesti
3077 1719 3384 1763 occurrere.

2826 1790 2942 1845 Ave
2964 1787 3129 1859 Virgo
3150 1791 3460 1861 singularis,

2826 1877 3054 1932 Sumens
3082 1879 3182 1935 hoc
3207 1881 3529 1949 benigttiter,

2893 1967 3004 2018 Ave
3033 1967 3288 2036 templum
3319 1972 3615 2044 gratiarum

2824 2053 3074 2111 Omnium
3103 2059 3340 2127 eapabiie
3369 2077 3382 2111 :

2822 2147 2934 2201 Avo
2958 2147 3110 2216 cujus
3137 2159 3456 2218 peccatores.

2821 2243 3052 2299 Pascunt
3073 2245 3443 2317 eleemosynm.

2889 2334 3074 2390 Gaude
3103 2334 3248 2400 felix,
3275 2347 3330 2391 et
3356 2355 3422 2392 ex
3454 2341 3587 2409 ipsis

2825 2426 2995 2481 Unam
3019 2428 3149 2482 mihi
3182 2429 3373 2490 tribue,

2823 2511 2890 2566 Ut
2914 2512 3120 2567 sublata
3144 2528 3244 2582 per
3263 2514 3403 2569 hanc
3439 2516 3584 2571 omni

2819 2597 3062 2654 Hostium
3091 2596 3398 2665 formidine,

2887 2687 3019 2742 Sine
3044 2687 3149 2742 line
3168 2688 3371 2759 possim
3399 2690 3510 2746 Deo

2819 2777 3035 2833 Gratias
3056 2779 3372 2848 rependere.

2818 2867 3144 2924 Benedicant
3169 2876 3223 2925 te
3245 2883 3344 2937 per
3361 2883 3533 2925 aevum

2821 2958 3056 3015 Virtutes
3085 2959 3363 3028 angelica}.

2884 3049 2953 3106 Et
2975 3052 3042 3106 ad
3067 3051 3278 3108 laudem
3305 3050 3582 3108 Creatoris

2815 3136 2891 3192 Te
2917 3137 2971 3193 in
3008 3140 3152 3194 omni
3180 3148 3442 3211 tempore,

2814 3227 3012 3284 Omnes
3044 3230 3222 3298 sancti.
3239 3232 3561 3286 benedicant

2814 3313 2881 3367 Et
2909 3322 2962 3367 tu
2995 3329 3099 3380 me,
3131 3323 3185 3369 et
3223 3329 3323 3386 ego
3349 3323 3421 3369 te.

2814 3417 3023 3458 “YINUS
3057 3418 3321 3458 SECUNDUS
3358 3420 3409 3458 IN
3450 3419 3692 3459 DIVI-IIISIS
3734 3422 3878 3463 ΒΕΑ-

2888 3487 2970 3525 τι
3026 3487 3116 3526 ωτι
3173 3489 3472 3528 GENITMCIS
3541 3491 3879 3535 CANTANIIUS

2884 3555 3180 3594 SOLEINHS.

2883 3628 2996 3683 Ave
3022 3644 3215 3697 sponsa
3257 3629 3588 3700 insponsata,

2813 3715 2918 3769 Per
2949 3732 3108 3786 quam
3131 3718 3279 3773 orbis
3299 3733 3520 3787 prorsus
3543 3722 3678 3790 lapsi

2815 3802 2976 3860 Facta
3006 3814 3086 3860 est
3121 3809 3345 3875 ereptio,
3371 3855 3378 3868 .

2813 3901 2926 3956 Ave
2955 3916 3050 3969 per
3083 3915 3240 3970 quam
3266 3904 3454 3970 prima:
3477 3909 3669 3962 matris

2813 3990 2908 4045 Est
2935 3993 3055 4045 Eva:
3084 3992 3399 4065 redemptio,

2814 4086 3010 4138 Sancta
3026 4083 3226 4148 Maria,
3251 4099 3345 4139 ora
3368 4101 3464 4155 pro
3494 4089 3669 4142 nobis.

2956 4174 3058 4228 Ave
3086 4192 3295 4242 sponsa,
3331 4185 3433 4231 etc.

2885 4265 3120 4319 Altitudo
3153 4265 3423 4335 cogitandi

2812 4354 2889 4407 Tu
2919 4355 3319 4416 inaccessibilis,

2810 4441 3076 4495 lnvi'sibile
3107 4443 3424 4509 profundum

2809 4526 3130 4598 Angelorum
3162 4529 3355 4581 oculis.

2810 4621 2963 4691 Χαῖρε
2993 4618 3360 4690 κιχαριτομένη

2810 4702 3028 4767 eortina;
3055 4709 3261 4780 πάρθενε
3280 4747 3293 4770 ,
3342 4758 3346 4762 .

2809 4793 3005 4850 Sancta
3031 4794 3119 4849 Dei
3142 4794 3388 4864 genitrix,
3421 4809 3513 4848 ora
3545 4810 3644 4864 pro
3669 4800 3860 4856 nobis.

2949 4884 3051 4938 Ave
3071 4902 3282 4952 sponsa,
3319 4894 3425 4938 etc.

2887 4967 3075 5023 Omnia
3107 4978 3403 5038 portantem
3431 4980 3674 5038 portans,

2818 5061 3020 5114 Solium
3050 5062 3256 5128 imperii

2817 5147 2893 5200 Tu
2918 5149 3068 5201 stella
3095 5149 3466 5202 demonstrans
3490 5148 3679 5213 solem,

2818 5236 2909 5290 Sol
2937 5237 3039 5291 diei
3070 5237 3309 5306 mystici;

2817 5323 3119 5379 Occidentis
3145 5334 3345 5378 astrum
3378 5324 3582 5387 tnundi,

2819 5419 3056 5471 Luminis
3090 5417 3383 5486 conspicui,

2818 5512 3011 5566 Santta
3055 5513 3213 5578 Virgo
3265 5513 3544 5584 virginum,
3601 5529 3700 5566 ora
3750 5530 3856 5582 pro

3571 5603 3779 5673 inultis.

3951 34 3982 52 ,ιι-
4043 34 4118 58 ἠπ

4105 5943 4137 5977 at
