4214 6204
416 307 547 360 {illi}
1198 303 1466 359 V'l-ZRSUS
1505 303 1591 359 DE
1631 299 1788 357 ΡΒᾹΞ
1805 299 2080 356 ΒΕΟΕ88⁴

1198 303 1466 359 V'l-ZRSUS
1505 303 1591 359 ne
1631 299 1788 357 Ριυε
1805 298 2201 356 DECESSORE
2240 295 2371 351 suo
2400 282 2837 350 'LANFMNCO.

549 418 650 468 Ave
671 433 878 485 sponsa,
903 427 1001 467 etc.

474 501 859 555 incarnationis
889 503 1023 553 diva:

372 634 381 643 .
406 584 599 639 Uterus
620 594 674 638 tu
695 585 866 638 factus
894 599 972 638 es.

398 669 504 724 Per
529 685 688 739 quam
714 679 993 723 renovatur
1020 668 1194 723 cunnis

396 761 666 815 Creaturae
698 760 929 827 species,

397 854 529 907 Cum
554 868 657 922 qua
688 854 941 907 adoratur
973 852 1145 906 l'actor

394 939 461 993 Et
485 942 636 1010 origo
664 942 922 995 omnium.

534 1124 636 1177 Ave
662 1138 872 1191 sponsa,
907 1131 1013 1178 etc.

462 1210 543 1266 Tu
567 1222 784 1267 exstans
812 1212 1074 1268 initiatrix

392 1291 589 1355 Arcani
619 1300 825 1356 consilii

394 1380 756 1443 Llirandorum
782 1403 921 1443 verae
942 1387 1144 1444 Christi

393 1474 626 1542 Operum
660 1478 934 1548 primitiae,

392 1565 708 1636 Dogmatum
734 1568 874 1624 illius
900 1578 1116 1624 exstans

392 1651 470 1705 'l‘u
503 1654 622 1708 fons
656 1662 710 1709 et
736 1656 968 1721 initium,

392 1743 657 1798 Ctelorum
682 1743 910 1814 Regina,
933 1760 1027 1799 ora
1054 1760 1152 1815 pro
1172 1745 1343 1801 nobis.

528 1835 636 1887 Ave
661 1847 871 1901 sponsa,
900 1846 1007 1890 etc.

461 1921 614 1977 Scala
642 1932 692 1978 tu
720 1925 975 1991 cmlestis,
1006 1942 1102 1996 per
1130 1943 1289 1998 quam

391 2011 679 2101 Descendit
702 2014 814 2084 ipse
841 2016 1000 2083 Deus,

1495 413 1699 481 Sponsa
1736 412 2021 465 traducens
2050 419 2259 463 terrena

1494 501 1664 568 Super
1694 499 1954 553 cmlcslia.

1493 589 1571 642 Tu
1608 600 1779 643 mater
1809 591 2026 658 innupta
2058 589 2202 642 omni

1492 677 1704 731 Honore
1734 677 1996 746 superior,

1494 767 1656 832 Virgo
1673 776 1946 834 perpetua,
1968 782 2065 819 ora
2086 782 2184 835 pro
2204 766 2373 817 nobis.

1632 859 1731 909 Are
1760 874 1973 925 sponsa,
2004 866 2106 911 etc.

1561 942 1870 997 Daemonum
1895 944 2032 997 forte
2060 944 2374 1006 lamentum,

394 1031 715 1104 Angelorum
743 1033 987 1097 Domina,
1010 1050 1102 1088 ora
1121 1049 1219 1105 pro
1246 1034 1420 1092 nobis.
1492 1027 1689 1083 Μωιεοι⁸
1717 1038 1772 1084 et
1798 1029 2050 1094 tristitia;

1487 1117 1837 1187 Angelorum,
1866 1121 1960 1174 sed
1984 1115 2245 1173 bonorum

1486 1200 1648 1270 Laus,
1681 1204 1860 1269 decus,
1887 1212 1940 1259 et
1964 1205 2156 1275 gloria.

1488 1293 1793 1348 Eleetorum
1829 1304 1881 1349 tu
1913 1304 2227 1351 cunctorum

1487 1383 1704 1438 Satians
1729 1384 1936 1439 laetitia.

1484 1471 1763 1543 Templum
1783 1472 2011 1537 Domini,
2029 1487 2122 1527 ora
2147 1486 2243 1541 pro
2267 1469 2439 1524 nobis.

1619 1564 1723 1616 Ave
1746 1580 1957 1630 sponsa,
1983 1572 2095 1617 etc:

1551 1649 1827 1706 Generans
1849 1664 2137 1720 perennem
2158 1650 2334 1705 lucem

1482 1738 1551 1793 Et
1574 1739 2034 1804 inaccessibiiem;

1484 1831 1787 1901 Sophorum
1816 1846 1979 1899 super
1999 1833 2296 1890 ascendens

1481 1928 1731 1984 Omnium
1764 1930 2073 1994 scientiam;

1480 2010 1799 2072 Animarum
1833 2006 1887 2071 ιίιι
1915 2030 2225 2073 sanctarum

2588 404 2849 472 Splendor
2869 413 2921 456 et
2959 404 3257 472 prudentia.

2590 492 2897 547 Sacrarium
2922 491 3152 560 Spiritus
3171 496 3361 556 sancti,
3394 512 3485 548 ora
3518 513 3613 565 pro

3342 585 3539 656 [noliis.

2726 680 2829 732 Ave
2854 696 3062 747 sponsa,
3092 689 3196 731 etc.

2657 770 2893 825 Civicam
2922 771 3043 822 vita:
3071 784 3324 822 coronam

2584 854 2779 908 Fructu
2816 857 3017 908 ventris
3051 858 3397 925 germinans;

2583 943 2876 999 Possitlens
2899 945 3255 1009 divinitatem,
3302 939 3309 945 ’

2582 1034 2647 1088 Et
2680 1035 2731 1088 in
2754 1050 2815 1088 ea
2844 1036 3141 1106 puli-:Ians;

2582 1123 2867 1181 Nutricans
2889 1126 3296 1191 humanitatem,

2583 1222 2645 1276 Et
2676 1238 2793 1277 eam
2826 1225 3146 1293 agricolans,

3412 1402 3537 1473 [ltis.

3323 1582 3537 1653 [sigillm

3240 1755 3533 1826 [juvamem

1462 2367 1602 2482 S-
1679 2369 2494 2485 ANSELMI

1739 2600 2183 2689 VERSUS

1332 2782 1420 2839 DE
1451 2782 2013 2842 PIUEDECESSORE
2041 2784 2179 2855 SUO
2218 2783 2646 2843 LANFBANCO.

1782 2931 2187 2955 ῃ

381 3038 934 3114 AnchlepiscOpiLnon
962 3041 1196 3112 divitias,
1220 3043 1571 3105 nechouores

383 3134 712 3191 Lanfrancus
732 3134 916 3201 subiit,
946 3138 1038 3192 sed
1056 3151 1215 3192 curas
1240 3146 1401 3207 atque
1425 3138 1659 3196 labores.

383 3222 550 3280 Natus
579 3224 630 3279 in
653 3224 825 3286 Italia,
852 3224 1104 3303 Papiensi
1131 3227 1198 3282 de
1222 3228 1461 3297 regione,

382 3313 600 3369 Civibus
628 3316 880 3386 egregiis,
912 3324 966 3370 et
992 3315 1216 3372 honesta
1242 3317 1573 3376 conditione.

383 3404 680 3460 Monachus
704 3413 866 3476 atque
894 3406 1042 3476 prior
1065 3406 1219 3461 Becci
1248 3406 1373 3473 fuit,
1424 3408 1552 3462 hinc
1600 3407 1946 3463 Cadomensis

381 3494 594 3560 Abbas;
620 3487 741 3563 pust
761 3495 957 3563 praesul
982 3496 1183 3564 primas
1203 3505 1257 3548 et
1282 3495 1701 3551 Cantuariensis.

383 3583 571 3640 Totius
592 3582 882 3652 Anglorum
906 3585 1014 3638 fuit
1048 3584 1299 3639 Ecclesiae
1325 3594 1624 3653 reparator,

382 3670 451 3725 Et
472 3671 959 3727 Nortbmannorum
983 3672 1333 3727 nihilominus
1364 3672 1673 3726 auxiliator.

382 3760 554 3830 Hujus
581 3761 884 3816 doctrinam
913 3776 1038 3831 pars
1058 3763 1295 3815 maxima
1334 3761 1765 3826 senseratorbis;

382 3850 449 3906 Et
474 3864 761 3905 commune
775 3850 873 3907 fuit
901 3852 1073 3905 viduis
1102 3850 1337 3909 solamen
1364 3861 1417 3905 et
1439 3852 1603 3915 orbis,

381 3941 615 4006 Claudis,
635 3942 945 4007 contractis,
976 3941 1215 4011 leprosis,
1246 3943 1605 4007 dmmoniosis,

382 4029 573 4084 Surdis
595 4038 649 4084 et
676 4031 851 4095 mrcis,
890 4043 1110 4086 necnon
1135 4032 1251 4085 aliis
1276 4033 1500 4086 vitiosis.

380 4116 510 4173 Post
536 4119 884 4174 exhortamer.
914 4135 1018 4175 ron
1041 4122 1239 4189 sprevjt
1262 4096 1700 4188 τιτιιέᾔιινθηιοης

382 4207 488 4262 Sed
521 4208 645 4261 dum
674 4210 825 4273 vixit,
852 4219 967 4263 erat
995 4225 1115 4279 spes
1135 4212 1382 4267 omnibus
1406 4222 1564 4281 atque
1588 4213 1848 4266 levamen.

378 4294 445 4347 Et
465 4296 709 4364 quamvis
729 4296 897 4366 epulae
923 4314 1041 4352 cum
1071 4308 1195 4366 pett:
1226 4299 1508 4359 dCIiClOS£P,

379 4384 445 4436 Et
479 4394 651 4439 vestes
684 4384 894 4438 fuerant
926 4387 1025 4439 sibi
1060 4386 1243 4439 molles
1262 4398 1313 4439 et
1346 4389 1611 4454 pretiosae,

377 4472 494 4539 ipse
525 4481 696 4527 tamen
721 4482 888 4527 tectus
918 4474 1016 4527 fuit
1042 4476 1347 4543 asperitatis
1376 4476 1604 4541 amictu;

379 4563 603 4633 Semper
632 4564 697 4617 de
724 4564 811 4618 vili
837 4560 1019 4619 vivens
1041 4574 1093 4619 et
1119 4580 1349 4634 paupere
1370 4567 1535 4637 victu.

379 4653 807 4722 Vcrusjustitiar,
834 4671 937 4709 non
971 4654 1135 4709 falsus
1162 4656 1212 4709 in
1239 4656 1425 4710 ordine
1449 4654 1639 4721 cultor,

377 4744 871 4815 Nequitiaeque'l'uit
913 4746 1240 4801 rectissimus
1269 4758 1321 4801 ct
1351 4748 1467 4816 pius
1508 4748 1666 4800 ultor.

378 4841 547 4905 Asper
575 4838 625 4890 in
656 4837 841 4898 elatos.
872 4837 999 4891 nulli
1032 4852 1126 4905 pro
1156 4854 1374 4892 munere
1397 4840 1639 4907 supplex,

376 4927 728 4994 lnnocuisque
749 4928 899 5003 bouis
928 4936 980 4981 et
1012 4927 1152 4980 nullo
1180 4937 1416 4996 tempore
1444 4930 1655 4997 duplex.

377 5019 569 5071 Castus
594 5028 645 5069 et
684 5018 899 5070 incestis
921 5019 1185 5086 parcendo
1201 5020 1563 5083 subveniebat,

378 5108 560 5163 Justus
590 5120 643 5163 et
675 5109 896 5174 injustos
922 5109 1195 5161 tolerando
1222 5111 1565 5177 corripiebat.

380 5197 471 5251 Sic
499 5197 630 5251 alios
653 5208 868 5262 curans,
898 5198 1126 5266 pastoris
1146 5213 1278 5264 Opus
1313 5198 1565 5261 faciebat,

380 5284 472 5340 Sic
496 5302 553 5341 se
580 5302 925 5353 conservans,
954 5289 1172 5344 Domino
1201 5303 1292 5358 per
1316 5299 1507 5343 cuncta
1544 5291 1804 5360 placebat.

1969 3053 2022 3114 Α
2046 3049 2144 3106 llic
2170 3051 2250 3106 vir
2277 3059 2387 3106 tam
2415 3051 2729 3123 sapiens.et
2747 3051 2802 3108 in
2826 3050 2929 3109 hoc
2959 3050 3243 3111 luctamine
3266 3053 3442 3125 fortis,

2044 3143 2159 3199 Non
2185 3146 2355 3213 potuit
2383 3147 2595 3200 tandem
2624 3146 2846 3214 laqueos
2868 3146 3097 3200 evadere
3124 3146 3335 3203 mortis.

2045 3234 2089 3290 Ο
2117 3246 2344 3303 quantos
2370 3236 2547 3290 miseri
2578 3244 2703 3290 tunc
2739 3237 2990 3290 invenere
3015 3238 3256 3291 dolores!

1972 3364 1975 3369 .
2030 3325 2111 3378 ’Et
2130 3340 2258 3393 gens
2284 3325 2595 3394 Anglorum,
2620 3334 2849 3394 quantos
2869 3326 3047 3381 amisit
3073 3328 3322 3381 honores!

2045 3415 2160 3481 Quo
2190 3416 2387 3482 gemitu
2416 3415 2611 3478 clerus,
2642 3430 2748 3485 quo
2767 3415 2895 3470 ﬂetu
2926 3418 3217 3471 monaclms
3242 3416 3391 3471 orat!

2048 3506 2109 3558 Et
2137 3500 2367 3574 quantus
2399 3505 2549 3560 dolor
2574 3514 2656 3560 est
2675 3522 2781 3575 quo
2806 3520 2965 3561 sexus
2988 3515 3212 3573 uterque
3236 3488 3474 3559 laborat!

2046 3603 2101 3656 Si
2128 3605 2248 3671 quis
2277 3604 2491 3658 conlidit
2516 3612 2683 3657 totum
2711 3618 2769 3657 se
2799 3604 2977 3658 dicere
3003 3619 3177 3672 posse,

2047 3693 2198 3747 llunc
2226 3709 2321 3762 ego
2350 3693 2606 3747 confirmo
2635 3709 2736 3746 non
2764 3702 2931 3765 totum
2957 3695 3134 3747 dicere
3157 3708 3333 3747 nosse.

2046 3784 2107 3837 Et
2138 3783 2225 3853 qui
2249 3782 2551 3836 Lanfranco
2577 3782 2859 3850 se-judicat
2883 3782 3344 3850 tequiparaudum,

2044 3876 2192 3928 Illum
2223 3875 2345 3943 jure
2374 3872 2501 3927 facit
2525 3872 2867 3940 prmsumptio
2894 3872 3323 3939 vituperandum.

2046 3966 2167 4019 Sole
2189 3967 2285 4017 sub
2311 3964 2585 4016 undecima
2609 3961 2846 4029 geminos
2875 3960 3136 4014 subeunte
3165 3961 3329 4024 dicta,

2045 4055 2235 4111 Felicis
2259 4058 2377 4107 vitm
2400 4054 2497 4108 sibi
2532 4054 2744 4122 ponitur
2770 4050 2952 4105 ultima
2982 4058 3142 4102 meta.

2046 4148 2247 4215 Regum
2282 4146 2391 4200 ilex
2421 4154 2620 4198 rcternc
2647 4145 2805 4207 Deus,
2834 4142 3121 4210 rerumque
3153 4153 3385 4205 creator,

2047 4237 2131 4289 Sis
2160 4236 2257 4289 sibi
2294 4243 2575 4302 perpetuus
2596 4232 2844 4286 defensor
2870 4242 2923 4286 et
2951 4232 3259 4285 auxiliator.

2048 4324 2205 4393 Virgo
2240 4324 2607 4391 Redemptoris
2630 4322 2808 4374 mundi
2839 4321 3178 4375 sanctissima
3214 4330 3405 4382 mater,

2050 4415 2194 4467 illum
2220 4428 2500 4477 conserva,
2533 4428 2599 4465 ne
2620 4412 2842 4479 spiritus
2868 4419 3064 4463 atterat
3089 4420 3222 4462 ater.

2048 4503 2243 4558 Omnes
2270 4503 2446 4563 electi,
2476 4500 2719 4569 precibus
2744 4500 3056 4566 meritisque
3082 4499 3261 4567 iuvate

2048 4591 2405 4646 Lanfrancum
2430 4589 2638 4650 vestris,
2667 4596 2718 4641 et
2741 4586 2890 4640 vobis
2914 4588 3233 4639 consociate.

2048 4686 2159 4740 Vos
2186 4696 2395 4752 quoque
2423 4682 2512 4750 qui
2541 4680 2705 4733 vitam
2729 4688 3001 4746 gratanter
3026 4679 3199 4731 adhuc
3225 4678 3486 4741 retinetis,

2047 4776 2110 4828 Et
2136 4788 2283 4844 spem
2313 4780 2568 4835 ventum,
2595 4770 2763 4823 donec
2792 4767 3103 4833 superestis,
3135 4767 3359 4831 habetis,

2047 4865 2241 4919 Hortor
2269 4872 2322 4917 et
2348 4861 2608 4928 admoneo
2628 4860 2768 4927 quod
2794 4859 2964 4910 eidem
2988 4857 3339 4919 subveniatis,
3419 4922 3428 4933 ο

2049 4955 2119 5010 Ut
2146 4955 2286 5023 quod
2315 4952 2570 5015 feceritis,
2594 4958 2713 5020 post
2741 4958 2965 5002 mortem
2997 4947 3324 5017 percipiatis.

2047 5044 2177 5097 Nam
2216 5045 2302 5113 qui
2332 5053 2548 5113 pr0pter
2576 5056 2695 5096 eum
2727 5040 2945 5107 supplex
2969 5049 3022 5090 et
3045 5038 3260 5089 sedulus
3288 5046 3422 5096 orat.

2044 5132 2146 5189 Pro
2171 5143 2336 5187 semet
2364 5132 2583 5201 supplex
2606 5138 2659 5185 et
2686 5130 2899 5183 sedulus
2930 5130 3038 5197 ipse
3063 5127 3286 5182 laborat.

2723 5222 2912 5275 Amen.

3474 300 3614 351 i030

2580 1313 2661 1367 Tu
2689 1313 2797 1369 sola
2828 1314 2946 1369 sine
2981 1314 3248 1385 exemplo,
3270 1330 3364 1367 ora
3389 1328 3484 1383 pro
3511 1326 3609 1368 no-

2590 1491 2869 1564 Virginims
2909 1493 3031 1558 illa,
3064 1495 3148 1547 cui
3191 1505 3307 1547 sunt
3330 1480 3434 1547 sua.
3468 1494 3610 1546 salt-rt

2581 1668 2646 1722 Et
2676 1668 2897 1736 fecunda
2936 1681 3126 1735 tanien,
3162 1671 3244 1723 det
3282 1670 3427 1722 nobis
3461 1669 3609 1722 dulce
