4214 6198
583 195 714 251 1081
965 196 1023 253 S.
1063 179 1726 257 ANSELMl-CANTUAR.
1764 194 2080 251 ARCHIEP.
2111 191 2259 251 OPP.
2297 191 2474 248 PARS
2500 192 2564 247 ll.
2591 220 2662 233 --
2688 189 3052 247 PARENET.
3092 190 3180 245 ET
3202 181 3436 246 ASCET.
3654 189 3789 247 10$!

591 351 3769 392 u——-—-——-———-—-——————-—-———-——-,—-—-—————-———-————-——-—-

1136 510 1278 596 DE
1349 508 1777 597 VERBIS
1839 505 2638 595 VENEBABILIS
2688 503 3244 594 ANSELMI.

1039 693 1237 766 (Edidit
1261 693 1486 750 Marteu.
1517 693 1693 764 Ampi.
1723 691 1960 758 Collect.,
1992 699 2033 745 t.
2057 689 2145 755 Vl,
2172 704 2227 761 p.
2256 688 2382 756 987,
2408 706 2475 745 ex
2506 705 2606 745 ms.
2628 690 2817 747 codice
2842 690 3040 758 regina:
3065 692 3315 764 Suecize.)

658 993 986 1048 Venerabilis
1010 992 1168 1047 Pater
1194 992 1498 1057 Anseimus,
1522 991 1645 1045 dum
1672 992 1847 1047 adhuc
1877 995 2017 1046 eSset
2036 993 2134 1047 ab-
2167 996 2211 1051 Α
2240 989 2407 1045 frater
2455 988 2718 1059 propitius
2760 990 2836 1045 ait
2873 984 2897 1044 ξ
2938 1008 2958 1043 ι
2981 989 3203 1047 Domine
3230 1031 3245 1055 ,
3301 992 3371 1047 sit
3422 993 3573 1050 vobis
3604 978 3751 1050 [Deus
3778 1033 3799 1060 ,

584 1085 680 1139 bas
704 1084 883 1148 Becei,
906 1082 1240 1151 quadamgdie
1263 1083 1385 1137 dum
1439 1071 1661 1136 nimium
1692 1090 1869 1135 mente
1922 1081 2141 1135 medita-
2241 1094 2408 1147 quare
2433 1079 2559 1133 talia
2580 1080 2828 1150 cogitatis
2854 1089 2909 1135 et
2938 1080 3153 1136 dicitis?
3211 1080 3399 1138 Nullus
3447 1084 3551 1140 hoc
3604 1085 3800 1156 cogitat

583 1172 761 1235 batur,
790 1180 842 1225 et
865 1172 1083 1225 nimium
1114 1171 1395 1240 cogitando
1422 1168 1575 1239 quasi
1597 1169 2011 1239 cogitationibus
2030 1170 2142 1224 suis
2242 1166 2382 1234 quod
2407 1166 2679 1233 cogitatiS.
2730 1181 2857 1221 ecce
2902 1167 2992 1221 alii
3031 1167 3255 1223 abbafes
3307 1170 3539 1239 gaudent
3588 1179 3645 1227 et
3693 1170 3802 1227 lati

584 1261 1015 1340 perturbabatur.
1044 1259 1139 1315 Cui
1174 1261 1306 1314 dixit
1340 1260 1555 1328 quidam
1590 1260 1883 1313 monachus
1907 1258 2021 1326 ejus
2051 1260 2138 1327 qui
2242 1259 2498 1313 existunt.
2532 1278 2551 1310 ι
2584 1248 2874 1329 Respondit
2902 1273 2917 1314 :
2951 1278 2968 1310 ι
2989 1260 3257 1317 Fortassis
3302 1263 3442 1319 Deus
3496 1265 3642 1321 dedit
3694 1265 3802 1321 illis

584 1351 721 1404 forte
753 1365 986 1418 praesens
1014 1351 1196 1403 aderat
1224 1366 1242 1403 :
1274 1367 1291 1399 ι
1311 1349 1539 1403 Domine
1557 1348 1732 1415 Pater,
1756 1363 1851 1417 pro
1866 1349 1973 1402 Deo
1990 1362 2140 1417 rogo.
2214 1400 2215 1403 η
2240 1349 2601 1414 securitatem,
2636 1349 2756 1404 ideo
2780 1348 3142 1416 jocundantur
3164 1341 3244 1419 ρι’
3262 1353 3617 1420 hilarescunt;
3669 1355 3803 1411 mihi

558 1441 745 1495 ~dicite
774 1441 899 1511 quid
928 1434 1196 1509 cogitatis,
1226 1439 1349 1508 quia
1376 1439 1530 1493 video
1584 1454 1679 1493 vos
1728 1438 2141 1508 cogitationibus
2239 1445 2416 1491 autem
2444 1452 2549 1491 non
2584 1438 2748 1499 dedit,
2777 1437 3112 1508 idcircojure
3142 1439 3326 1505 timeo,
3353 1441 3477 1510 quia
3507 1441 3620 1495 scio
3650 1441 3802 1495 illum

584 1532 777 1585 vestris
806 1531 1325 1593 turbari.—-Dicam,
1368 1529 1557 1599 inquit.
1594 1530 1729 1584 Ecce
1782 1530 1883 1584 hoc
1933 1528 2141 1598 cogita-
2240 1523 2521 1592 pecuniam
2548 1538 2701 1579 suam
2728 1525 2945 1596 exigere
2971 1540 3094 1581 cum
3150 1528 3331 1583 usuris
3382 1530 3451 1583 ab
3506 1529 3571 1583 iis
3608 1530 3807 1599 quibus

582 1620 732 1682 ham,
760 1619 803 1674 si
832 1626 976 1673 esset
1003 1618 1200 1688 aliquis
1230 1618 1389 1672 homo
1416 1619 1566 1675 dives
1611 1618 1701 1687 qui
1724 1604 1970 1674 haberet
2020 1632 2141 1688 gre-
2240 1626 2359 1667 eam
2396 1612 2679 1668 commisit.
2701 1630 2722 1665 ι

583 1724 703 1780 gem
732 1709 934 1773 ovium,
963 1717 1019 1762 et
1042 1717 1260 1763 vocaret
1290 1724 1511 1777 puerum
1548 1716 1655 1763 tam
1683 1707 1910 1763 debilem
1937 1716 1991 1763 et
2017 1721 2141 1777 par-

581 1813 706 1854 vum
738 1807 794 1851 ut
818 1798 970 1868 lupus
998 1799 1214 1853 veniens
1246 1798 1452 1853 facilius
1470 1788 1579 1853 tam
1607 1798 1753 1853 illum
1794 1814 1954 1867 quam
1987 1813 2140 1853 ovem

583 1889 815 1957 aliquam
845 1898 1168 1958 asportaret,
1208 1888 1356 1943 etilli
1388 1902 1517 1943 oves
1561 1903 1689 1943 suas
1741 1890 2155 1943 commendaret-

580 1977 978 2040 custodiendas,
1007 1977 1079 2031 ita
1112 1986 1284 2030 tamen
1314 1984 1374 2031 ut
1400 1976 1444 2031 si
1474 1976 1766 2045 quamlibet
1794 1989 1860 2030 ex
1914 1976 1992 2030 eis
2015 1991 2139 2044 per-

584 2060 754 2116 deret.
780 2060 958 2114 anima
982 2060 1140 2128 hujus
1168 2075 1265 2129 pro
1290 2061 1466 2114 anima
1500 2060 1642 2114 illius
1672 2052 1793 2125 iret‘,
1836 2053 1940 2114 non
1988 2059 2140 2115 valde

582 2146 773 2201 timere
798 2146 1050 2201 deberet?
1075 2146 1131 2202 Si
1155 2158 1330 2202 autem
1352 2148 1441 2201 uni
1473 2134 1692 2203 cuilibet
1714 2148 1947 2216 ipsarum
1962 2148 2138 2203 ovium
2240 2143 2313 2196 tia
2340 2144 2577 2197 monachi
2600 2160 2665 2198 ea:
2683 2142 2889 2214 pra-lati
2906 2144 3090 2213 pendet
3110 2146 3350 2201 arbitrio.
3376 2145 3611 2223 Tristitia
3663 2147 3801 2217 regis

587 2242 644 2288 et
679 2233 903 2289 forsitan
932 2235 1212 2290 infirmiori
1238 2243 1291 2292 et
1313 2235 1577 2292 stolidiori
1621 2244 1845 2291 czcteras
1891 2236 2139 2290 comniit-
2172 2299 2195 2302 _
2240 2230 2317 2285 vel
2352 2231 2625 2300 cujuslibet
2645 2232 2864 2302 potentis
2891 2243 2965 2287 est
3002 2234 3246 2302 superba.
3288 2232 3519 2289 Tristitia
3561 2235 3807 2289 monachi

582 2331 719 2379 teret
740 2323 925 2378 dicens
954 2341 969 2378 :
1003 2323 1128 2380 Ovis
1149 2365 1163 2387 .
1202 2324 1397 2380 habeto
1441 2341 1622 2380 curam
1670 2327 1892 2381 istarum
1936 2322 2135 2393 oviu'm,
2169 2299 2215 2360 Β
2243 2299 2419 2377 suavis
2442 2331 2514 2376 est
2535 2331 2582 2376 et
2610 2299 2996 2392 conpunctione
3018 2299 3190 2393 plena.
3230 2322 3354 2377 Tria
3382 2333 3504 2378 sunt
3538 2340 3660 2394 quae
3703 2324 3811 2378 Itan

582 2421 637 2467 et
660 2413 795 2467 scito
814 2406 944 2483 quia
964 2413 1009 2469 si
1041 2415 1340 2483 perdideris
1380 2415 1614 2485 aliquam
1661 2431 1866 2480 earum,
1924 2416 2139 2486 sangui-
2245 2413 2432 2485 minem
2460 2412 2661 2482 faciunt
2685 2404 2893 2475 honeste
2920 2412 3082 2495 eicere
3109 2413 3247 2468 inter
3270 2414 3499 2480 homines
3519 2430 3539 2470 :
3563 2431 3812 2470 verecun—

582 2514 703 2556 nem
726 2501 840 2569 ejus
872 2502 938 2555 de
961 2518 1118 2557 manu
1153 2512 1239 2557 tua
1263 2505 1556 2573 requiram,
1590 2514 1644 2559 et
1683 2506 1783 2559 erit
1830 2506 2007 2560 anima
2049 2514 2136 2560 tua
2244 2500 2352 2564 diu.
2384 2499 2664 2567 δειεηιίυηι,
2695 2501 2967 2555 νηοάειείαο
3344 2565 3347 2567 .

584 2600 680 2655 pro
726 2586 905 2641 anima
934 2588 1074 2657 ejus,
1102 2592 1338 2661 nunquid
1386 2606 1491 2646 non
1532 2591 1719 2647 timere
1761 2587 1978 2647 deberet
2025 2593 2140 2648 ovis
2314 2589 2539 2657 Quidam
2571 2590 2864 2645 monachus
2889 2589 3042 2645 Becci
3070 2590 3352 2659 petebatur
3397 2591 3465 2646 ad
3522 2592 3806 2662 episcopa-

584 2677 708 2731 illa?
738 2678 905 2745 Quam
933 2680 1272 2736 securitatem
1316 2682 1515 2737 habere
1565 2682 1775 2751 posset?
1820 2682 1896 2737 lta
1943 2692 2026 2737 est
2076 2684 2145 2736 de
2249 2690 2360 2737 tum
2382 2681 2635 2737 Ecclesia:
2658 2680 3017 2745 Belvacensis,
3047 2695 3277 2750 cumque
3315 2680 3374 2735 S.
3408 2681 3689 2737 Anselmus
3709 2683 3813 2738 ab-

583 2784 691 2824 me.
710 2759 858 2840 ‘Ego,
888 2773 1079 2838 inquit,
1101 2787 1202 2843 ego
1224 2788 1341 2828 sum
1362 2789 1495 2843 puer
1517 2791 1734 2845 parvus,
1782 2792 1881 2847 ego
1930 2778 2140 2833 inﬁrma
2244 2777 2339 2844 bas
2367 2776 2489 2830 huic
2516 2774 2759 2830 electioni
2784 2788 3057 2828 assensum
3080 2775 3321 2843 praebere
3345 2773 3527 2840 nollet,
3582 2782 3637 2829 et
3686 2788 3811 2830 mo-

582 2856 699 2921 ovis
732 2864 784 2910 et
812 2850 1145 2929 dehilis,'ego
1174 2859 1347 2915 facilis
1370 2862 1438 2915 ad
1481 2864 1795 2932 rapiendum
1823 2862 1976 2934 quasi
2021 2867 2142 2935 qui-
2246 2864 2474 2918 nachum
2496 2855 2984 2938 suum'petentibus
3037 2878 3142 2917 non
3169 2862 3515 2928 concederet,
3554 2863 3812 2919 dixerunt

585 2941 714 2997 libet
734 2943 890 3011 alius,
914 2948 1000 3000 cui
1031 2945 1171 3002 Deus
1195 2948 1423 3001 credidit
1465 2963 1649 3003 curam
1699 2948 1877 3005 ovium
1924 2968 2142 3007 suarum
2246 2942 2540 3023 petitores:
2575 2970 2594 3004 ‹
2620 2952 2866 3018 Domine,
2892 2966 2990 3006 nos
3016 2951 3261 3021 eligimus
3289 2967 3564 3019 eum,.non
3590 2952 3704 3021 ipse
3741 2968 3806 3009 se

584 3040 643 3085 ut
667 3047 759 3087 eas
780 3049 980 3104 regam,
1011 3035 1329 3102 custodiam,
1347 3052 1590 3113 pascam,
1620 3054 1685 3094 eo
1712 3048 1869 3109 pacto
1906 3051 1965 3095 ut
1986 3042 2029 3096 si
2051 3057 2145 3096 ne-
2247 3040 2479 3108 ingerit,
2527 3053 2694 3108 quare
2735 3053 2840 3094 non
2896 3038 3058 3093 vultis
3114 3034 3410 3096 concedere
3473 3041 3614 3111 quod
3669 3042 3813 3111 peti-

2811 1754 2965 1797 DICTA
2999 1756 3242 1799 Δαειειιιι.

2307 1865 2575 1931 Iudicium
2615 1876 2785 1947 regale
2828 1886 2904 1931 est
2950 1877 3215 1947 judicium
3267 1888 3446 1949 sponte
3486 1878 3760 1949 querimur
3787 1919 3804 1945 ,

2240 1968 2477 2021 monachi
2498 1967 2758 2036 judicium
2792 1968 3117 2037 imperatum.
3152 1968 3487 2029 .Abstinentia
3532 1968 3805 2039 atjualibet

583 3119 834 3190 gligeutia
856 3137 975 3178 mea
999 3124 1176 3195 aliqua
1206 3140 1274 3181 ex
1301 3128 1380 3183 eis
1404 3127 1646 3196 perierit,
1673 3130 1779 3183 erit
1824 3130 2001 3184 anima
2025 3145 2143 3185 mea
2248 3126 2397 3180 mus?
2422 3157 2491 3166 —
2513 3126 2589 3191 Si.
2611 3127 2806 3196 inquit.
2839 3126 2952 3196 ipse
2972 3127 3112 3184 Deus
3131 3142 3216 3183 me
3236 3128 3478 3199 θιίεθΐθι,
3513 3129 3686 3183 adhuc
3738 3129 3827 3185 ιίέ

556 3276 559 3279 _
582 3222 680 3276 pro
708 3209 886 3264 anima
916 3210 1052 3279 ejus,
1070 3222 1126 3268 et
1149 3215 1462 3284 sanguinem
1487 3215 1601 3285 ejus
1622 3216 1689 3271 de
1716 3232 1877 3272 manu
1907 3232 2023 3272 mea
2055 3233 2141 3273 re-
2245 3231 2464 3281 ruerem,
2494 3218 2617 3287 quia
2648 3218 2761 3287 ipse
2789 3231 2887 3287 per
2911 3218 3224 3288 prophetam
3273 3220 3434 3289 elegit
3482 3220 3717 3285 Sauiem,
3754 3230 3815 3278 et

584 3298 762 3367 quiret
788 3298 949 3354 Deus.
976 3301 1097 3356 Ideo
1124 3302 1306 3369 timeo,
1338 3303 1457 3359 ideo
1500 3304 1810 3369 conturbor,
1854 3306 1978 3375 quia
2030 3306 2141 3361 scio
2242 3319 2338 3373 per
2364 3306 2707 3376 semetipsum
2732 3304 3280 3375 Judamtraditorem,
3319 3308 3411 3378 qui
3438 3309 3597 3366 ambo
3618 3322 3815 3380 repro-

586 3389 910 3446 horrendum
936 3406 1055 3449 esse
1076 3393 1132 3448 iu
1152 3408 1342 3451 manus
1368 3395 1460 3451 Dei
1489 3396 1717 3453 viventis
1751 3396 2004 3453 incidere.
2026 3415 2045 3449 ι
2076 3396 2140 3451 Et
2165 3416 2207 3474 ο
2241 3395 2353 3487 bati
2382 3404 2524 3450 sunt.

599 3575 3800 3608 ww

1265 3700 1622 3776 309310
1653 3716 2173 3823 QUJEDAM
2248 3719 2593 3811 DICTA
2669 3720 3080 3809 UTILIA
3158 3838 3161 3841 λ

1990 3903 2305 3948 αοιικοτι

1122 4021 1214 4078 EX
1243 4019 1461 4078 DiCTlS
1499 4021 1559 4079 S.
1592 4022 1889 4081 ANSELMI
1927 4009 2477 4085 CANTUARI‘ENSIS
2505 4026 3023 4107 ΔΒΟΗΙΕΡΙξΟΟΡΙ
3058 4029 3158 4101 (7).

1810 4161 1917 4234 (Ea:
1945 4163 2246 4220 bibliotheca
2278 4164 2575 4229 Vaticana.)

658 4409 704 4467 O
731 4411 909 4475 homo,
940 4408 1031 4478 qui
1055 4421 1120 4463 ex
1150 4407 1325 4463 anima
1354 4407 1601 4463 rationali
1634 4417 1689 4463 et
1720 4409 1952 4463 humana
1978 4424 2145 4465 carne
2248 4409 2439 4474 nudus,
2458 4407 2701 4479 plurimis
2726 4407 3136 4463 necessitatibus
3159 4406 3427 4471 subditus,
3441 4405 3508 4462 ad
3532 4421 3628 4463 eor
3648 4388 3817 4491 tuum.

591 4500 864 4565 subsistis,
889 4498 1213 4555 conditionis
1241 4498 1472 4565 misera),
1505 4498 1737 4567 repletus
1775 4499 1954 4554 multis
1984 4501 2145 4555 mise—
2251 4510 2537 4556 revertere.
2569 4500 2707 4567 Quid
2750 4498 2881 4554 foris
2919 4498 3166 4581 vagaris?
3202 4496 3338 4563 Quid
3378 4495 3518 4554 foris
3562 4497 3813 4569 "quaeris?

589 4591 716 4656 riis,
765 4592 928 4646 miser
970 4599 1026 4647 et
1067 4589 1418 4657 miserabilis;
1465 4590 1624 4649 homo
1666 4606 1887 4663 pauper,
1946 4607 2138 4660 ancus,
2250 4590 2387 4658 Quid
2426 4592 2479 4646 in
2519 4591 2823 4648 carnalibus
2856 4589 3078 4646 studes?
3103 4588 3240 4656 Quid
3278 4589 3330 4643 iu
3367 4587 3708 4646 stecularibus
3755 4596 3811 4646 te

3181 4685 3184 4687 .
3269 4681 3289 4705 κ
3600 4678 3603 4679 ν

2064 4721 2317 4778 NOTAE.

658 4860 733 4927 (7)
765 4857 836 4928 Le
862 4857 1075 4912 dernier
1095 4858 1303 4928 éditeur
1331 4862 1394 4913 de
1420 4858 1476 4913 S.
1493 4858 1741 4913 Auselme
1764 4874 1791 4911 a
1815 4857 1990 4926 publié
2014 4858 2146 4928 dans
2179 4864 2224 4917 D
2251 4859 2577 4924 Alexandre,
2602 4859 2819 4914 d’ahord
2849 4858 3025 4928 moine
3060 4858 3147 4914 du-
3164 4856 3293 4928 Bec.
3321 4855 3442 4928 puis
3493 4856 3563 4914 de
3582 4855 3812 4928 Cantor-

574 4926 915 4994 .l‘appendiee
936 4928 1011 4996 (p.
1042 4927 1325 4999 54751547),
1362 4944 1429 4981 un
1471 4929 1601 4999 petit
1634 4927 1843 4999 recueil
1878 4928 1970 4999 _de_
1996 4927 2144 4999 quel-
2254 4928 2452 4999 bery,a
2481 4932 2570 4997 qui
2610 4929 2764 4983 Wion
2787 4927 3126 4999 etPossevin
3150 4926 3447 4999 attribuant
3475 4927 3812 4999 un_sembla'—-

586 5011 718 5062 qiics
745 4995 1025 5068 sentences
1084 4996 1245 5068 tirées
1287 4995 1355 5051 de
1376 4995 1491 5068 Ases
1538 4996 1731 5068 écrils,
1781 5004 1835 5050 et
1876 4996 2146 5059 intitulées
2252 4995 2607 5053 hle'recueil.
2637 4999 2807 5068 Aprés
2858 5006 3011 5068 tout.
3046 4997 3093 5050 la
3137 4996 3380 5068 derniere
3422 4995 3594 5065 partie
3638 4997 3705 5068 de
3744 5010 3811 5052 ce

588 5064 842 5143 Qua-dam
869 5064 1007 5143 dicta
1028 5065 1197 5129 utilia,
1230 5076 1334 5143 etc.
1364 5064 1523 5143 Cjest,
1560 5066 1772 5119 suivant
1812 5074 1955 5119 toute
1986 5080 2147 5143 appa—
2253 5069 2411 5135 qu'ou
2447 5082 2513 5121 en
2548 5064 2732 5121 trouve
2776 5064 2916 5143 dans
2943 5064 3814 5143 l'appendice'n'est._autre_chose

592 5146 776 5204 nenec,
808 5132 853 5187 Ie
873 5134 1057 5204 meme
1099 5136 1292 5204 recueil
1325 5135 1437 5204 qui,
1464 5136 1599 5188 dans
1643 5151 1710 5187 un
1761 5132 2147 5204 manuscritde
2255 5132 2749 5204 motpourmotque
2776 5134 2822 5189 la
2850 5132 3199 5191 derniéredes
3214 5132 3811 5204 homéliesdesaintAn-

588 5202 824 5257 Thomas
872 5202 1065 5272 Digbey
1105 5202 1240 5273 (Bib.
1272 5200 1425 5273 Angl.
1475 5220 1576 5273 ms.
1606 5218 1748 5273 par.“
1776 5218 1814 5265 ι,
1854 5219 1905 5255 n.
1954 5200 2147 5273 1759),
2254 5200 2421 5259 selme
2452 5221 2546 5259 sur
2587 5200 2909 5259 un'endroit
2931 5206 2996 5259 de
3035 5205 3253 5273 l’Epitre
3282 5212 3396 5273 'aux
3435 5201 3703 5273 Hébreux.
3742 5202 3812 5257 de

586 5279 738 5343 porte
774 5268 1055 5343 pourtitré
1108 5268 1383 5343 Sententité
1423 5268 1669 5343 Anselnii.
1712 5271 1750 5343 i_l
1792 5280 1875 5324 est
1924 5268 2147 5343 marqué
2257 5284 2404 5327 sorte
2431 5275 2590 5341 (ιη’οη
2624 5276 2867 5343 pourrait
2898 5273 3082 5343 reunir
3103 5268 3165 5327 ce
3198 5272 3328 5343 petit
3355 5268 3552 5343 recueii
3579 5284 3809 5343 auscu-

589 5337 733 5413 dans
748 5353 809 5393 ce
838 5341 1114 5413 qu’unuen
1143 5357 1169 5393 a
1206 5339 1450 5413 imprime
1492 5357 1603 5413 que
1624 5355 1685 5394 ce
1724 5340 1800 5413 fut
1828 5337 2144 5413 uncopiste
2256 5337 2714 5413 vrages'since'res
2737 5344 2801 5396 de
2824 5352 2978 5413 notre
3009 5337 3458 5407 salut-,puisqu‘il
3485 5353 3549 5392 ne
3570 5339 3812 5403 coutient

589 5407 677 5481 qui
722 5407 768 5460 le
801 5410 1058 5481 recueillit
1087 5411 1177 5481 des
1206 5407 1447 5464 dis'cours
1488 5409 1827 5481 qu'Ansehne
1859 5407 2049 5481 faisait
2080 5409 2144 5461 de
2250 5407 2463 5481 que'ses
2494 5426 2714 5481 prupres
2741 5411 2968 5481 paroles.

590 5478 708 5530 vive
732 5477 868 5531 voix.
897 5479 967 5533 Cc
1003 5479 1203 5548 copisle
1236 5495 1301 5534 au
1328 5487 1465 5534 reste
1495 5479 1731 5548 pourrait
1758 5478 1861 5533 fort
1889 5478 2006 5533 bieu
2030 5478 2144 5532 etre

2238 2056 2504 2110 maculari:
2522 2058 2741 2126 potentis
2769 2073 2834 2111 ea:
2858 2058 3065 2125 propria
3085 2058 3217 2112 venit
3243 2057 3519 2113 voluntate.
3535 2052 3810 2113 Abuinen-
3866 2090 3869 2091 ν

3924 34 3955 49 ί...

3774 5988 3859 6099 ἔδειί
3880 6012 3891 6099 Ι
3912 6016 3969 6099 ,Ι
