4214 6200
420 283 561 343 1083

1749 264 1945 321 DICTA
1983 260 2310 332 QUEDAM.

3488 244 3622 301 1054

419 388 851 464 implicas‘lQuid
873 388 926 444 in
951 385 1274 443 vanitatibus
1291 395 1340 441 te
1363 380 1972 440 iuvolvis?luferioribus
1998 383 2046 438 Α
2077 384 2376 446 promptus,
2408 379 2550 426 totus
2576 366 2776 434 facilis,
2811 374 2954 420 totus
2982 364 3194 434 sapiens
3233 371 3286 419 et
3319 360 3548 425 mobilis,
3572 370 3627 417 et

416 482 719 545 delectaris,
738 489 792 534 et
813 480 880 535 ab
894 479 1143 535 omnibus
1164 475 1506 531 interioribus
1529 482 1581 528 et
1606 469 1968 541 superioribus

415 553 822 639 elongaris;per
843 581 905 622 ea
934 582 1052 636 qua:
1075 565 1203 619 foris
1232 573 1355 618 sunt
1375 561 1708 623 diffunderis,
1730 567 1782 612 et
1811 558 1862 611 iu
1886 557 1970 610 his

413 672 536 727 que
580 657 726 712 intra
772 663 826 710 te
859 661 983 709 sunt
1026 651 1386 707 confunderis.
1431 648 1641 715 Quanto
1682 645 1851 713 magis
1903 645 1970 696 ad

412 748 671 804 mundum
691 744 922 807 accedis,
937 751 1084 798 tanto
1105 741 1317 812 longius
1338 755 1368 794 a
1393 739 1504 793 Deo
1522 737 1745 793 recedis.
1761 735 1971 801 Quanto

412 837 586 908 magis
605 835 740 894 foris
767 851 826 892 es
847 836 1084 907 sapiens,
1117 840 1265 888 tanto
1283 831 1452 900 magis
1477 831 1620 884 intus
1648 827 1839 882 stultus
1862 825 1944 880 eiii

413 925 576 986 ceris.
615 924 830 992 Quanto
877 922 1048 992 magis
1101 929 1253 976 extra
1307 919 1568 984 lucraris,
1600 926 1749 973 tanto
1799 917 1970 985 magis

412 1015 561 1071 intus
585 1015 788 1086 perdis.
813 1015 1027 1081 Quanto
1049 1012 1217 1082 magis
1248 1012 1302 1067 in
1330 1011 1397 1066 iis
1425 1024 1545 1078 qua
1571 1007 1701 1063 foris
1728 1015 1852 1061 sunt
1875 1021 1971 1060 va-

411 1105 576 1173 garis,
603 1109 753 1158 tanto
783 1103 952 1172 magis
977 1089 1119 1156 intus
1147 1099 1444 1155 evacuaris.
1476 1098 1683 1164 Quanto
1717 1096 1885 1164 magis
1914 1094 1968 1148 iu

411 1190 800 1262 temporalibus
822 1204 882 1246 es
915 1189 1192 1263 sollicitus,
1224 1198 1371 1244 tanto
1401 1186 1570 1257 magis
1594 1187 1648 1240 in
1676 1183 1969 1254 spirituali-

409 1280 512 1338 btts
535 1297 598 1338 es
622 1282 921 1338 mendicus.
949 1281 1086 1348 Quid
1110 1289 1196 1336 est
1221 1279 1363 1350 quod
1383 1278 1566 1334 omnia
1593 1275 1896 1338 ordinas,et
1917 1283 1970 1328 te

411 1372 586 1442 ipsum
611 1389 715 1430 non
736 1373 817 1428 vis
836 1372 1120 1443 ordinare?
1134 1370 1268 1438 Quid
1292 1356 1343 1426 in
1365 1370 1615 1427 omnibus
1633 1383 1692 1424 es
1713 1369 1965 1437 prudens,

410 1473 469 1523 et
491 1467 637 1543 circa
661 1465 1002 1534 temetipsum
1038 1462 1328 1532 insipiens?
1351 1462 1488 1530 Quid
1515 1469 1600 1516 est
1621 1459 1762 1531 quod
1789 1459 1969 1536 omnia

411 1571 532 1626 quae
556 1555 688 1613 foris
716 1564 842 1612 sunt
867 1553 1131 1610 sollicitus
1154 1568 1214 1607 es
1241 1553 1379 1618 bona
1413 1552 1612 1617 facere,
1639 1560 1692 1606 et
1719 1549 1967 1617 temetip-

411 1660 532 1701 sum
555 1643 688 1700 sinis
716 1659 928 1712 semper
953 1656 1071 1698 esse
1094 1641 1289 1697 malum
1310 1649 1364 1696 et
1393 1641 1661 1698 inutilem?
1676 1639 1880 1695 Dormit
1912 1638 1967 1691 iu

411 1739 465 1787 te
486 1730 718 1803 Spiritus
746 1732 928 1795 Dei,et
960 1731 1146 1803 vigilat
1173 1731 1229 1784 in
1259 1740 1310 1785 te
1329 1730 1551 1800 spiritus
1570 1729 1788 1785 mundi?
1804 1727 1967 1782 Vacat

410 1822 467 1876 in
502 1828 555 1876 te
579 1821 738 1886 ratio,
781 1831 836 1875 et
858 1820 1000 1891 viget
1033 1821 1084 1874 in
1114 1829 1164 1875 te
1195 1821 1416 1876 sensus?
1436 1819 1806 1895 Exsti‘uguitur
1831 1819 1886 1872 in
1916 1828 1968 1874 te

391 1909 645 1981 Spiritus
666 1909 780 1974 Dei,
804 1921 860 1966 et
883 1909 1186 1967 dominatur
1217 1910 1269 1964 in
1299 1919 1352 1966 te
1379 1926 1506 1966 caro
1533 1909 1752 1965 mundi?
1775 1907 1969 1964 Fervet

409 1999 467 2056 In
493 2001 654 2057 corde
684 2010 772 2056 tuo
793 2016 946 2056 amor
967 2009 1302 2055 terrenorum
1326 2009 1380 2056 et
1398 2003 1630 2056 moritur
1651 1999 1706 2060 in
1737 2009 1789 2054 te
1817 2015 1967 2054 amor

409 2097 733 2144 retentorum
759 2089 1055 2143 bonorum?
1080 2087 1331 2143 Mundum
1358 2088 1564 2160 diligis,
1591 2096 1646 2145 et
1681 2088 1848 2144 Deum
1876 2090 1968 2143 de-

408 2178 702 2247 relinquis?
715 2178 962 2233 Omnium
987 2179 1309 2243 recordaris,
1325 2189 1379 2234 et
1405 2180 1482 2235 tui
1505 2180 1672 2251 ipsius
1689 2179 1970 2236 oblivisce-

409 2266 525 2323 ris?
557 2266 689 2334 Quae
735 2282 899 2338 super
950 2277 1150 2324 terram
1196 2279 1320 2324 sunt
1367 2271 1637 2327 desideras
1656 2280 1723 2328 'et
1768 2272 1966 2342 diligis,

411 2355 648 2414 «Elatia
667 2372 795 2412 vero
817 2373 923 2412 non
949 2357 1554 2430 curas‘lAppropiuquas
1578 2363 1645 2418 ad
1671 2363 1965 2425 interitum,

409 2454 467 2503 et
488 2446 646 2516 longe
675 2447 741 2503 iis
767 2463 797 2501 a
826 2447 1041 2502 salute?
1067 2448 1253 2521 Curris
1277 2451 1344 2504 ad
1371 2452 1660 2521 diabolum,
1679 2462 1732 2510 et
1755 2453 1971 2522 prolon-

410 2544 557 2615 garis
581 2558 611 2597 a
633 2543 742 2600 Deo
758 2545 784 2599 ‘t
807 2545 966 2615 Redi,
995 2537 1133 2610 redi,
1157 2547 1533 2613 praevaricator
1558 2529 1737 2616 homo,
1762 2551 1828 2605 ad
1855 2565 1969 2614 cor,

410 2631 535 2705 quia
563 2633 799 2703 loquitur
827 2633 969 2688 Deus
998 2634 1338 2704 omnipotens
1363 2651 1547 2705 pacem
1569 2637 1620 2691 ei
1638 2637 1729 2704 qui
1751 2653 1973 2694 conver-

410 2720 547 2778 titur
574 2722 638 2775 ad
662 2737 780 2777 cor.
810 2722 1000 2778 Omnia
1035 2723 1216 2777 mundi
1252 2723 1408 2791 hujus
1431 2725 1526 2780 tibi
1556 2725 1701 2781 dedit
1731 2725 1890 2791 Deus,
1919 2735 1974 2783 et

411 2817 470 2865 tu
483 2817 714 2880 propter
743 2811 923 2867 omnia
953 2811 1214 2882 relinquis
1232 2811 1437 2867 Deum?
1461 2811 1650 2870 Omnia
1676 2824 1893 2885 propter
1923 2825 1974 2872 te

411 2899 720 2965 fecitDeus,
735 2907 789 2954 et
813 2908 865 2953 tu
895 2907 1116 2969 propter
1144 2899 1322 2954 omnia
1350 2899 1576 2957 dimittis
1598 2902 1974 2972 temetipsum?

410 2990 636 3062 Propter
661 2989 841 3046 omnia
869 3005 988 3059 qum
1014 2997 1306 3045 occurrunt
1330 2989 1426 3045 tibi
1454 2990 1678 3047 dimittis
1707 2990 1895 3056 Deum,
1918 3004 1972 3049 et

411 3081 613 3136 idcirco
647 3079 828 3135 omnia
848 3080 1121 3134 dimittent
1149 3087 1219 3134 te.
1250 3078 1475 3149 Propter
1502 3089 1780 3137 creaturas
1809 3081 1970 3137 relin-

408 3170 533 3241 quis
560 3179 887 3230 creatorem.
919 3177 975 3224 et
1017 3169 1137 3224 ideo
1177 3179 1362 3224 contra
1399 3153 1450 3226 te
1482 3169 1762 3244 insurgent
1784 3188 1970 3228 omnes

410 3263 706 3322 creaturae,
757 3257 882 3326 quia
939 3254 1254 3312 offendendo
1306 3250 1654 3323 Creatorem,
1704 3259 1970 3315 offendisti

410 3359 625 3402 onmem
656 3355 978 3426 creaturam.
1006 3344 1071 3424 Et
1102 3345 1222 3399 ideo
1273 3359 1464 3402 omnes
1502 3355 1800 3411 creaturae,
1854 3364 1971 3418 qua:

375 3434 572 3490 stacta
610 3443 738 3490 sunt
765 3435 818 3489 in
854 3434 1211 3489 ministerium
1239 3442 1295 3489 et
1321 3435 1607 3490 utilitatem
1638 3443 1811 3501 tuam,
1838 3452 1968 3491 con—

405 3532 688 3580 vertentur
719 3525 786 3578 ad
812 3520 1100 3579 vindictam
1129 3532 1184 3579 et
1202 3523 1573 3594 ptenitentiam
1603 3535 1778 3591 tuam;
1809 3536 1862 3580 et
1892 3543 1972 3582 vae

412 3612 510 3669 tibi
541 3614 644 3670 erit
685 3614 800 3672 sine
832 3613 958 3680 fine,
988 3613 1112 3687 quia
1147 3613 1360 3670 noluisti
1394 3614 1593 3672 habere
1629 3616 1827 3671 bonum
1855 3616 1972 3671 sine

412 3708 538 3766 ﬁne.

484 3799 829 3869 Recognosce
861 3799 1071 3870 itaque,
1115 3799 1308 3865 homo,
1358 3813 1681 3870 recognosce
1728 3800 1972 3872 temetip-

414 3904 554 3948 sum.
585 3890 839 3960 Recogita
865 3891 1007 3961 quod
1032 3890 1163 3948 nihil
1183 3888 1335 3956 facis.
1362 3888 1592 3946 Attende
1621 3889 1760 3959 quod
1781 3888 1903 3943 vilis
1918 3896 1973 3944 et

414 3980 590 4036 malus
616 3995 696 4034 es.
729 3982 944 4051 Plange,
994 3982 1155 4036 homo
1197 3980 1383 4047 miser,
1426 3981 1645 4052 plange,
1678 3979 1975 4034 incessabi-

417 4069 542 4126 liter
563 4080 780 4141 peccata
812 4080 922 4124 tua.
955 4072 1082 4126 Dele
1111 4071 1362 4143 iacrymis
1386 4070 1618 4126 malitias
1643 4076 1698 4124 et
1726 4070 1973 4125 miserias

418 4169 564 4223 tuas.
587 4159 710 4229 quia
741 4159 1013 4214 voluntate
1034 4160 1246 4230 propria
1277 4158 1529 4228 peccasti.
1555 4159 1843 4229 Dispiiceat
1875 4154 1972 4214 tibi

420 4265 585 4321 super
614 4251 814 4305 omnia.
843 4251 1134 4320 Displiceat
1163 4251 1254 4306 tibi
1289 4250 1602 4316 toto‘corde,
1630 4258 1686 4305 et
1720 4250 1972 4306 continue

2073 475 2217 522 totus
2256 462 2518 519 sollicitus
2556 460 2619 513 ad
2659 456 2879 511 malum.
2904 454 2981 508 Ad
3010 454 3146 508 bona
3181 463 3360 508 autem
3396 461 3538 506 totus
3567 464 3627 504 es

2036 550 2039 551 ⁷
2072 557 2259 619 durus,
2287 561 2430 608 totus
2462 550 2632 621 piger,
2667 555 2806 600 totus
2831 541 3224 608 incredulus,et
3248 541 3460 596 rebellis
3480 556 3537 595 es
3559 539 3624 592 ad

2069 647 2290 700 bonum.
3422 624 3425 628 ’

2141 734 2294 789 Unde
2329 731 2423 786 tibi
2461 732 2564 786 hoc
2597 730 2696 782 nisr
2720 743 2748 781 a
2780 741 2967 790 carne,
3001 740 3160 794 quam
3203 733 3405 777 tantum
3449 723 3625 793 diligis

2071 833 2123 882 et
2159 824 2420 893 sequeris.
2449 820 2584 887 Quia
2608 833 2737 872 vero
2761 832 2979 872 carnem
3007 814 3275 883 sequeris,
3305 828 3521 866 carnem
3545 812 3625 864 di-

2068 915 2225 986 ligis;
2256 923 2308 967 et
2336 912 2463 981 quia
2489 923 2702 964 carnem
2727 907 3167 975 sequeris,opera
3195 904 3373 957 carnis
3410 901 3625 966 facis,et

2069 1021 2188 1062 cum
2222 1005 2358 1073 ipsa:
2381 1002 2641 1070 punieris.
2677 998 2872 1054 Carnis
2923 1007 3024 1050 tuae
3065 994 3272 1049 fructus
3310 1003 3392 1048 est
3444 993 3624 1054 libido,

2068 1094 2524 1166 concupiscentia,
2555 1091 2862 1153 infirmitas,
2891 1087 3171 1156 fragilitas-
3192 1096 3246 1139 et
3298 1085 3468 1139 dolor.
3498 1084 3629 1136 Ver-

2071 1192 2173 1246 mis
2199 1195 2250 1244 et
2276 1186 2534 1256 putredo,
2565 1194 2757 1252 puteus
2799 1191 2851 1236 et
2891 1180 3086 1234 fetidus
3116 1179 3270 1232 fetor.
3309 1177 3386 1230 Tu
3433 1176 3544 1243 ipse
3568 1191 3628 1231 es

2074 1277 2313 1335 tenebris
2343 1273 2659 1345 ignorantia:
2696 1271 2774 1324 sic
2803 1277 3128 1332 excaecatus,
3163 1275 3220 1319 ut
3267 1265 3472 1319 nescias
3501 1264 3630 1331 quid

2065 1371 2162 1427 sis.
2180 1368 2292 1424 Non
2322 1365 2554 1420 attendis
2575 1379 2678 1432 quo
2703 1363 2872 1426 vadis,
2899 1377 2996 1415 nec
3020 1357 3399 1413 animadvertis
3431 1353 3629 1407 factum

2059 1468 2220 1513 tuum
2243 1496 2257 1521 ,
2303 1467 2475 1522 neque
2508 1440 2727 1505 insidias
2759 1449 2960 1503 inimici
2990 1457 3042 1502 et
3069 1446 3391 1500 tentationes
3414 1442 3633 1496 fraudu-

2067 1544 2243 1597 lentas
2290 1536 2566 1604 intelligis,
2616 1543 2756 1588 lotus
2805 1532 3231 1602 uegligens,uec
3280 1527 3484 1594 cogitas
3523 1539 3630 1594 quo

2071 1634 2288 1691 tendere
2315 1630 2529 1684 debeas.
2560 1627 2712 1681 Viam
2751 1624 2946 1686 nescis,
2968 1630 3022 1677 et
3050 1636 3153 1676 non
3191 1619 3437 1688 inquiris,
3467 1630 3628 1686 graue

1997 1696 2040 1750 Β
2067 1724 2149 1779 dis
2176 1732 2426 1786 namque
2459 1715 2550 1769 tibi
2579 1722 2746 1768 restat
2778 1714 2897 1779 via;
2947 1709 3396 1778 sollicitequzeris
3427 1706 3626 1766 cibum,

2066 1815 2352 1876 vestitum,
2383 1817 2439 1863 et
2466 1809 2738 1875 requiem,
2772 1815 2825 1860 et
2852 1813 3041 1860 omnes
3067 1802 3247 1858 carnis
3280 1799 3631 1856 necessitates

2067 1909 2283 1976 quando
2318 1897 2556 1968 indiges;
2589 1899 2654 1952 de
2677 1899 2786 1951 vita
2814 1911 2950 1950 vero
2992 1905 3047 1949 et
3092 1893 3264 1948 salute
3293 1891 3485 1944 animae
3515 1897 3632 1943 .ture

2063 1974 2284 2067 semper
2312 2005 2496 2065 tepens
2527 1985 2633 2046 non
2655 2002 2834 2052 curas,
2855 1986 2982 2039 licet
3007 1996 3219 2051 semper
3246 1979 3502 2048 indigeas,
3519 1974 3631 2043 ple-

2067 2105 2167 2144 nus
2216 2088 2419 2143 malitia
2450 2094 2505 2140 et
2526 2081 2783 2151 nequitia.
2831 2077 2991 2131 Miser
3042 2075 3201 2129 homo
3252 2079 3311 2123 ut
3358 2069 3613 2122 miserum

2067 2194 2260 2248 corpus
2291 2191 2478 2247 pascas
2503 2182 2556 2228 et
2575 2172 2792 2234 vestias,
2821 2177 2874 2221 et
2894 2165 3073 2221 carnis
3103 2161 3485 2230 voluptatibus,
3504 2171 3623 2224 qua:

2067 2245 2189 2340 post
2217 2245 2416 2340 paucos
2440 2263 2555 2318 dies
2577 2277 2605 2315 a
2633 2258 2907 2315 vermibus
2931 2252 3295 2320 .devorabitur,
3307 2245 3630 2308 satisfacias,

2073 2339 2335 2415 Sollicitus
2361 2355 2576 2408 laboras
2597 2391 2610 2415 ,
2643 2349 2816 2404 curris
2856 2353 2911 2401 et
2937 2341 3216 2405 discurris,
3248 2339 3456 2408 vigilas,
3481 2351 3630 2392 som-

2071 2464 2198 2504 num
2239 2461 2344 2500 non
2377 2443 2524 2512 capis
2561 2439 2733 2494 oculis
2779 2445 2839 2489 ut
2884 2433 3095 2503 replens
3147 2438 3410 2490 ventrem,
3437 2435 3490 2480 et
3534 2439 3632 2494 pro

2071 2537 2248 2590 anima
2281 2544 2367 2586 tua
2390 2573 2403 2592 ,
2431 2547 2546 2599 quae
2578 2530 2684 2583 Deo
2720 2522 3092 2595 praesentanda
3125 2529 3205 2574 est
3241 2520 3292 2571 in
3322 2516 3507 2579 ccelis,
3538 2529 3634 2567 cur

2071 2641 2177 2679 non
2204 2622 2463 2678 sollicitus
2498 2616 2759 2688 fatigaris;
2792 2622 2849 2666 ut
2888 2613 3054 2681 ipsam
3097 2621 3289 2678 pascas
3316 2604 3468 2659 bonis
3505 2618 3632 2670 ope-

2074 2716 2244 2779 ribus,
2274 2721 2329 2767 et
2380 2712 2573 2765 induas
2620 2705 2931 2767 virtutibus,
2981 2716 3047 2755 ne
3093 2705 3348 2768 appareat
3389 2694 3634 2748 confusio

2071 2802 2334 2858 nuditatis
2357 2799 2506 2868 ejus?
2537 2796 2707 2852 ilomo
2737 2794 2904 2848 tristis
2944 2790 3138 2860 quaeris
3177 2800 3388 2856 semper
3412 2783 3634 2858 implere

2074 2901 2338 2953 ventrem,
2369 2897 2423 2942 et
2449 2901 2546 2942 cur
2572 2897 2676 2939 non
2705 2882 2884 2950 pascis
2907 2879 3138 2932 animam
3167 2872 3525 2930 esurientem?
3555 2869 3632 2922 De

2074 3000 2202 3041 vase
2221 2991 2520 3037 stercorum
2551 2979 2764 3044 semper
2787 2986 2963 3036 curas,
2989 2979 3041 3024 et
3065 2970 3128 3037 de
3154 2967 3246 3020 Dei
3282 2964 3514 3033 imagine
3535 2975 3634 3014 cur

2072 3090 2178 3128 non
2211 3071 2408 3126 curas?
2437 3067 2622 3122 Pascis
2648 3063 2909 3126 sterilem,
2941 3068 2995 3112 et
3035 3073 3151 3126 qua:
3178 3071 3279 3108 non
3323 3054 3484 3122 parit,
3512 3051 3631 3105 ani-

2071 3177 2213 3223 mam
2241 3160 2564 3214 esurientem
2595 3167 2700 3207 non
2733 3151 2898 3205 satias
2928 3145 3122 3200 bonis?
3144 3145 3231 3198 Va:
3261 3142 3351 3195 tibi
3377 3149 3477 3203 est,
3507 3140 3632 3206 quia

2073 3252 2249 3305 anima
2274 3258 2362 3302 tua
2393 3254 2612 3316 propter
2641 3243 2835 3296 famem
2862 3241 2912 3292 in
2946 3245 2995 3291 te
3018 3233 3320 3292 deﬁcit.V:e
3343 3232 3456 3294 tibi,
3482 3240 3531 3283 et
3555 3245 3633 3299 va:

2072 3321 2164 3395 tibi
2209 3339 2333 3400 erit,
2362 3335 2500 3405 quod
2547 3332 2725 3387 reddis
2751 3344 2867 3397 qua:
2909 3335 3033 3383 sunt
3077 3323 3303 3380 Caesaris
3331 3320 3548 3378 Caesari,
3577 3327 3633 3372 et

2070 3448 2177 3486 non
2208 3429 2387 3483 reddis
2415 3441 2534 3495 quae
2565 3431 2689 3478 sunt
2711 3415 2803 3476 Ri
2833 3421 2967 3484 Deo;
3000 3427 3053 3472 et
3083 3417 3201 3470 ideo
3227 3415 3543 3468 maledictus
3573 3427 3633 3466 es

2071 3537 2101 3576 a
2133 3523 2269 3582 Deo,
2318 3527 2372 3572 et
2428 3512 2777 3571 confundcris
2829 3510 2895 3563 ab
2942 3524 3025 3573 eo.
3060 3505 3218 3569 Vide,
3251 3506 3412 3557 miser
3449 3504 3630 3568 homo,

2073 3611 2212 3671 vide,
2246 3607 2371 3676 quia
2393 3614 2574 3658 .totum
2612 3611 2693 3656 est
2715 3601 2948 3664 vanitas,
2990 3606 3158 3650 totum
3185 3593 3436 3654 stultitia,
3463 3600 3629 3652 totum

2071 3697 2362 3762 dementia,
2401 3692 2660 3764 quidquid
2689 3691 2911 3759 cogitas,
2945 3685 3202 3757 quidquid
3248 3683 3349 3746 vis,
3375 3678 3633 3748 quidquid

2072 3792 2330 3861 loqueris,
2380 3785 2637 3859 quidquid
2685 3783 2817 3837 facis
2865 3781 2918 3833 iu
2955 3781 3058 3833 hoc
3108 3775 3331 3835 mundo,
3360 3780 3551 3861 praeter
3580 3769 3634 3821 id

2072 3860 2245 3946 solum
2275 3879 2415 3948 quod
2448 3878 2499 3929 in
2529 3875 2714 3936 Deum,
2747 3881 2799 3925 et
2822 3878 3040 3939 propter
3071 3866 3260 3926 Deum,
3289 3871 3343 3915 et
3378 3861 3442 3914 ad
3467 3860 3636 3913 hono-

2072 3987 2184 4027 rem
2232 3971 2323 4024 Dei
2351 3967 2503 4022 facis.
2555 3963 2822 4033 Quidquid
2868 3961 2983 4015 sine
3011 3959 3119 4011 Deo
3151 3955 3302 4016 facis,
3337 3961 3505 4006 totum
3551 3958 3633 4004 est

2067 4061 2275 4117 malitia
2305 4068 2359 4114 ct
2383 4057 2613 4120 vanitas,
2640 4054 2762 4124 quia
2791 4051 2922 4106 nihil
2955 4057 3034 4104 est
3064 4049 3260 4106 bonum
3289 4045 3403 4099 sine
3425 4057 3634 4096 summo

2071 4154 2232 4208 bono.
2264 4150 2423 4204 Certe
2447 4145 2618 4216 magis
2648 4142 2862 4198 miseria
2887 4137 3119 4195 hominis
3148 4144 3229 4191 est
3257 4149 3376 4189 cum
3412 4132 3501 4186 illo
3529 4146 3633 4184 non

2072 4255 2216 4302 esse,
2245 4239 2362 4294 sine
2385 4252 2490 4306 quo
2515 4247 2633 4289 esse
2656 4248 2760 4287 non
2785 4237 2979 4300 potest.

419 4341 705 4410 displiceat
733 4343 850 4407 tibi,
880 4343 1018 4409 quod
1054 4342 1331 4395 Deminum
1361 4332 1631 4395 immensae
1654 4341 1968 4411 majestatis,

2016 4339 2053 4398 [)
2147 4329 2302 4391 Vide,
2332 4327 2494 4380 homo
2535 4322 2721 4386 miser,
2749 4321 2873 4388 quia
2905 4319 2969 4371 ad
2997 4315 3281 4385 imaginem
3307 4321 3360 4366 et
3386 4308 3634 4365 similitu-

419 4431 704 4486 babentem
726 4439 1036 4499 potestatem
1059 4431 1232 4485 omnis
1253 4430 1452 4494 carnis,
1471 4437 1523 4485 et
1548 4431 1762 4484 mittere
1782 4443 1975 4499 corpus

418 4530 475 4576 et
523 4522 754 4573 animam
810 4521 860 4572 iu
909 4521 1236 4590 gehennam,
1280 4533 1440 4573 ausus
1495 4518 1638 4573 fuisti
1684 4518 1970 4574 offendere.

415 4611 737 4666 Amarescat
781 4612 875 4664 tibi
924 4608 1257 4687 amarissime
1304 4625 1400 4664 cor
1445 4619 1613 4672 tuum,
1642 4611 1781 4678 quod
1807 4609 1972 4687 Deum

417 4715 683 4754 summum
715 4700 923 4753 Patrem
951 4682 1500 4768 incomprehensibilis
1527 4697 1837 4765 majestatis,
1865 4682 1975 4750 lmi-

423 4789 727 4842 sericordim
782 4787 1099 4852 ineffabilis,
1140 4787 1229 4855 qui
1280 4785 1541 4853 benignus
1576 4794 1629 4839 et
1665 4785 1974 4839 misericors

419 4886 504 4931 est
525 4887 686 4944 super
713 4870 1032 4945 ingratos'et
1063 4876 1247 4939 malos,
1278 4875 1531 4939 faciliter,
1560 4873 1874 4938 voluntarie,
1906 4875 1971 4927 li-

417 4968 608 5023 benter
648 4978 700 5022 et
739 4967 1119 5021 delectabiliter
1166 4965 1449 5020 offendisti.
1496 4965 1660 5019 Totus
1693 4965 1973 5032 displiceas

417 5057 535 5118 tibi,
560 5066 615 5110 ut
637 5057 807 5125 possis
833 5065 970 5110 totus
1000 5056 1206 5123 placere
1229 5053 1349 5110 sibi,
1374 5054 1463 5120 qui
1492 5063 1574 5108 est
1595 5069 1852 5116 summus,
1887 5069 1972 5106 vc-

419 5160 514 5200 rus
542 5154 595 5200 et
613 5146 758 5200 solus
786 5147 946 5208 Deus,
970 5145 1051 5198 cui
1080 5161 1232 5198 nemo
1260 5147 1452 5213 placet,
1473 5144 1570 5198 nisi
1605 5146 1698 5213 qui
1732 5143 1973 5195 sibimet-

421 5231 519 5298 ipsi
551 5231 821 5301 displicet;
868 5245 918 5286 et
955 5248 1109 5286 nemo
1137 5233 1396 5301 displicet,
1426 5233 1526 5286 nisi
1554 5233 1640 5299 qui
1679 5230 1972 5297 sibimetpsi

421 5321 611 5389 placet.
632 5321 859 5390 Dissipat
891 5338 1116 5390 namque
1144 5322 1280 5375 Deus
1311 5336 1430 5374 ossa
1454 5336 1637 5378 eorum
1673 5320 1758 5386 qui
1795 5318 1968 5371 homin

428 5410 587 5464 nibus
616 5413 845 5479 placent,
873 5422 924 5466 et
954 5413 1092 5478 quod
1133 5413 1296 5464 altum
1333 5421 1386 5465 et
1414 5410 1691 5479 pulchrum
1728 5420 1809 5463 est
1836 5408 1972 5476 apud

426 5500 1060 5564 bomines,abominabile
1085 5509 1163 5554 est
1196 5501 1332 5569 apud
1371 5501 1556 5553 Deum.
1586 5498 1773 5552 Mirum
1808 5509 1889 5551 est
1910 5500 1972 5552 dc

428 5598 500 5652 te,
521 5591 675 5645 homo
691 5587 872 5652 miser;
894 5591 958 5644 ad
977 5591 1110 5644 mala
1143 5589 1335 5658 quippe
1361 5598 1498 5644 totus
1523 5605 1576 5643 es
1606 5589 1808 5655 avidus,
1831 5597 1973 5642 torus

2075 4421 2252 4475 dinem
2279 4418 2368 4473 Dei
2396 4422 2614 4471 creatus
2641 4428 2718 4474 es,
2736 4423 2787 4464 et
2809 4417 3030 4478 propter
3061 4407 3278 4461 nimiam
3310 4401 3631 4456 charitatem

2074 4510 2283 4565 Domini
2314 4506 2478 4562 nostri
2495 4504 2619 4558 Iesu
2640 4503 2840 4558 Christi
2881 4509 3052 4555 morte
3089 4494 3396 4565 turpissima
3432 4491 3635 4544 redem-

2073 4612 2193 4671 ptus
2214 4609 2262 4653 ct
2290 4599 2542 4651 liberatus
2571 4609 2650 4660 es,
2689 4603 2740 4647 et
2768 4595 2830 4645 ad
2851 4589 3129 4643 videndam
3162 4585 3456 4641 claritatem
3489 4595 3636 4634 sum-

2076 4692 2145 4746 mi
2164 4691 2252 4744 Dei
2287 4689 2399 4743 sola
2427 4684 2781 4739 inaestimabili
2809 4679 3173 4736 misericordia
3191 4691 3285 4729 sua
3316 4681 3631 4733 vocaluses,

2073 4792 2127 4836 et
2149 4781 2390 4849 plurimis
2421 4778 2694 4833 beneficiis
2735 4789 2796 4828 ex
2831 4785 2938 4840 quo
2967 4782 3086 4824 esse
3124 4765 3356 4835 crepisti,
3389 4761 3456 4815 ab
3484 4761 3635 4812 altis-

2074 4874 2209 4925 simo
2252 4873 2413 4925 Patre
2458 4870 2618 4922 totius
2643 4864 2889 4920 veritatis
2920 4861 2982 4914 ad
3019 4860 3182 4913 vitam
3224 4866 3478 4910 aeternam
3511 4867 3631 4905 cum

2074 4963 2188 5028 ipso
2217 4960 2518 5013 habendam
2548 4972 2644 5025 per
2666 4955 2879 5007 unicum
2909 4946 3071 5003 filium
3095 4961 3247 5002 suum
3274 4944 3525 4996 invitatus
3551 4955 3630 4993 es.

2072 5049 2233 5103 Miser
2257 5051 2437 5110 homo,
2464 5059 2782 5115 recognosce
2810 5043 2951 5095 hunc
2980 5041 3253 5093 honorem.
3287 5030 3525 5098 lntellige
3548 5030 3630 5082 di-

2073 5142 2326 5210 gnitatern
2355 5150 2409 5194 et
2436 5140 2689 5193 honorem
2739 5144 2914 5196 tuum,
2951 5145 3055 5199 quo
3090 5142 3117 5178 a
3159 5134 3303 5178 tanta
3352 5122 3629 5187 majestate

2075 5232 2370 5284 honoratus
2419 5243 2496 5281 es.
2537 5226 2790 5280 .lEternus
2835 5221 2976 5276 cnim
3029 5217 3168 5270 Deus
3226 5222 3280 5267 et
3341 5211 3629 5263 immensus

2074 5322 2277 5375 creavit
2335 5328 2402 5381 te,
2463 5316 2711 5371 formavit
2749 5298 2821 5375 te,
2868 5320 2921 5363 et
2970 5306 3215 5360 invitavit
3255 5313 3319 5355 le.
3366 5298 3628 5352 Maximus

2075 5412 2338 5472 honor,et
2364 5406 2718 5476 amplissimus
2746 5415 2918 5454 amor.
2947 5397 3236 5464 Cognosce,
3259 5405 3290 5444 o
3318 5390 3493 5449 homo,
3524 5386 3618 5438 bo.

2076 5514 2259 5554 norem
2290 5504 2522 5560 tuu|n,et
2549 5490 2944 5559 curre,gratias
2967 5500 3148 5554 agens,
3173 5483 3234 5534 ad
3266 5480 3618 5533 invitatorem.

2078 5606 2141 5643 ne
2175 5589 2306 5642 forte
2351 5586 2394 5639 si
2439 5585 2678 5652 ingratus
2705 5582 2780 5635 ire
2814 5577 3062 5639 nolueris,
3094 5574 3182 5629 sed
3228 5578 3314 5623 aut
3355 5568 3495 5629 vilia,
3533 5572 3620 5616 aut
