4214 6190
553 244 688 301 ωεδ

1076 240 1130 295 s.
1170 238 1472 297 ANSELMI
1503 224 1848 296 (taurum.
1874 210 2194 296 ‘AllClllEP.
2229 242 2377 298 orr.
2422 243 2596 299 rans
2627 242 2713 297 ιιι.
2744 272 2814 283 --
2851 238 3223 295 EPISTOLE.

3596 322 3603 330 ἱ
3642 238 3770 295 1036
4120 38 4148 374 I

3642 238 3770 295 l056

551 361 739 420 Imbus,
767 355 847 410 Vel
878 364 1043 409 uxore
1077 362 1126 407 te
1155 353 1478 421 impedicris,
1512 353 1679 407 iratus
1708 352 1961 407 Dominus
1994 358 2081 425 ju-
2112 357 2157 413 Α
2209 368 2309 404 non
2340 361 2389 405 te
2417 350 2583 404 facias
2620 350 2893 404 inimicum
2937 356 2991 401 et
3035 316 3773 416 contrarium'omnipo‘tcntjs

551 452 671 504 beat
704 456 755 500 te
779 444 1050 511 succendi,
1083 449 1136 496 et
1166 442 1260 495 tibi
1293 441 1471 495 ostim.
1516 441 1637 496 vitae
1660 450 1873 496 sternar
1906 444 1959 497 in
1982 462 2109 515 per-

550 548 769 606 petuum
796 533 1099 587 claudatur.
1127 531 1401 601 Cognosce
1428 545 1628 599 ergo,o
1656 529 2113 598 homo,honorem

551 632 720 684 tuum,
749 629 803 674 et
832 622 1034 673 honora
1069 617 1377 671 Creatorem
1432 624 1600 670 tuum.
1633 615 1739 670 Sed
1786 619 1924 673 heu!
1958 622 2115 676 hodie

552 720 702 765 recte
727 719 901 778 potest
925 708 1025 761 dici
1058 708 1124 761 de
1149 714 1224 770 te,
1253 708 1412 760 homo
1444 720 1459 759 :
1497 704 1665 759 "omo
1695 722 1812 761 cum
1842 709 1893 762 iu
1922 712 2115 764 honore

549 810 683 856 esset
715 816 814 852 non
838 797 1122 861 intellexit;
1145 805 1475 865 comparatus
1498 804 1574 850 est
1594 795 1844 864 jumentis
1872 800 2114 868 insipien-

552 889 688 943 tibus
711 899 758 942 et
777 871 962 941 similis
990 886 1161 954 {actus
1181 898 1253 939 est
1278 882 1403 937 illis.
1427 884 1650 953 Dignum
1674 896 1823 942 certe
1839 896 1893 942 et
1909 889 2111 956 justum

551 989 635 1033 est
664 985 722 1030 ut
749 977 843 1047 qui
870 975 1041 1030 noluit
1068 986 1191 1028 esse
1232 972 1410 1028 socius
1432 972 1741 1044 angelorum
1761 1015 1776 1037 ,
1810 977 1901 1031 liat
1922 978 2113 1033 similis

545 1066 935 1133 iumentorum,
968 1069 1023 1137 et
1051 1062 1141 1130 qui
1172 1061 1439 1116 destruxit
1468 1062 1521 1115 in
1556 1077 1615 1116 se
1641 1063 1925 1133 imaginem
1949 1076 2001 1121 et
2039 1066 2117 1122 si-

550 1155 911 1210 militudinem
944 1154 1060 1221 Dei,
1089 1152 1305 1224 dignum
1330 1161 1411 1207 cst
1442 1162 1501 1207 ut
1527 1154 1703 1221 imago
1740 1165 1797 1210 et
1820 1156 2112 1213 similitudo

544 1246 912 1313 iumentorum
944 1244 1218 1299 adhaereat
1251 1244 1323 1299 ei.
1357 1244 1636 1314 Cognosce
1674 1261 1804 1316 ergo
1834 1256 1917 1314 te,
1949 1249 2114 1305 miser

548 1336 729 1398 homo,
760 1350 1025 1405 cognosce
1056 1344 1107 1389 te
1133 1334 1406 1388 meliorem
1438 1350 1557 1389 esse
1582 1337 1790 1401 avibus,
1817 1336 2111 1415 digniorem

546 1425 755 1478 cunctis
784 1423 1168 1497 animantibus.
1192 1421 1308 1478 Noli
1341 1421 1536 1478 similis
1561 1438 1682 1478 esse
1708 1423 1963 1493 iumentis
1986 1427 2114 1483 insi-

547 1514 841 1583 pientibus,
871 1526 988 1583 qua:
1033 1520 1241 1567 tantum
1275 1511 1439 1567 vitam
1492 1524 1809 1582 praesentem
1852 1515 2109 1585 cogitant,

546 1618 667 1670 qua:
693 1609 898 1655 tantum
926 1600 1167 1655 carnalia
1196 1609 1253 1656 et
1275 1600 1576 1671 corporalia
1601 1612 1879 1672 appetunt,
1898 1614 2111 1660 terrena

546 1697 603 1744 et
630 1689 945 1757 temporalia
977 1689 1229 1760 diligunt,
1258 1691 1382 1758 quia
1415 1703 1514 1744 nec
1540 1690 1643 1744 alia
1674 1691 1867 1745 scium.

621 1778 812 1843 Homo,
862 1793 967 1833 non
1022 1787 1077 1832 te
1117 1777 1372 1847 subjicias
1413 1777 1589 1843 carni,
1635 1792 1740 1832 non
1779 1779 1854 1833 sis
1908 1788 2115 1836 amator

551 1870 754 1924 mundi.
790 1868 900 1925 Nec
928 1879 981 1925 te
1007 1869 1274 1926 sustineas
1300 1883 1421 1925 esse
1448 1868 1614 1923 lilium
1644 1868 1866 1934 diaboli,
1897 1882 2116 1940 propter

548 1959 806 2012 honorem
831 1955 1607 2027 potentissimi,sapientissimi
1632 1965 1685 2012 et
1709 1956 2117 2027 incomprehen-

546 2046 723 2101 sibilis
766 2046 941 2100 Patris
974 2048 1047 2102 tui
1078 2046 1326 2102 altissimi
1376 2046 1494 2101 Dei.
1526 2045 1757 2116 Propter
1803 2048 2117 2105 admirabile

546 2150 745 2189 nomen
780 2134 869 2190 Dei
892 2135 1079 2191 aeterni
1108 2151 1215 2192 non
1249 2144 1301 2191 te
1330 2138 1631 2193 constituas
1662 2136 2031 2195 adversarium
2062 2146 2117 2195 et

548 2217 876 2280 homicidam
915 2226 1012 2280 tui.
1052 2226 1281 2297 Propter
1323 2236 1563 2285 amorem
1610 2231 1980 2303 benignissimi
2023 2231 2115 2286 Dei

2218 442 2328 494 Dc-i.
2358 442 2581 517 Propter
2608 440 3026 511 magnitudinem
3060 448 3113 492 et
3157 438 3409 492 dilectum
3447 439 3637 494 Filium
3684 443 3772 499 Dei

2214 531 2482 585 Christum
2499 532 2779 585 Dominum
2813 546 2916 583 non
2947 540 2997 583 te
3023 529 3189 583 facias
3211 530 3414 583 socimn
3446 531 3767 595 tiaamonum,

2215 629 2270 674 ct
2303 621 2728 675 combustionem
2785 620 2923 688 ignis
2971 620 3190 683 aeterni,
3234 620 3323 686 qui
3376 621 3682 689 redemptus
3715 636 3773 676 es

2216 710 2605 780 pretiosissimo
2646 710 2905 777 sanguine
2941 708 3075 776 Agni
3126 708 3628 765 immaculatissimi.
3662 710 3773 767 Noli

2218 810 2423 855 tantum
2448 802 2678 870 pretium
2713 799 3041 869 vilipendere
3062 839 3075 864 ,
3104 799 3243 868 quod
3271 815 3367 868 pro
3398 809 3447 856 te
3481 800 3644 857 Filius
3683 803 3769 857 Dei

2216 894 2467 959 dignatus
2493 902 2576 947 est
2602 891 2899 956 exsolvere,
2937 906 3003 944 ne
3033 890 3373 959 sempiternis
3400 890 3776 947 involvarisin-

2214 986 2440 1039 cendiis.
2476 986 2625 1039 Tunc
2648 985 2792 1039 enim
2822 982 3188 1051 paenitentiam
3218 981 3502 1036 maximam
3534 983 3770 1045 habebis.

2213 1073 2306 1125 sed
2335 1071 2454 1127 sine
2497 1072 2754 1127 remedio.
2791 1070 2943 1124 Tunc
2990 1068 3227 1123 dolorem
3275 1067 3653 1137 inopinabilem
3678 1084 3775 1139 pa-

2214 1158 2386 1230 tieris,
2417 1160 2510 1213 sed
2534 1160 2651 1213 sine
2685 1160 2789 1213 iine
2823 1155 3103 1212 tormentis
3132 1154 3318 1224 plenus
3345 1155 3475 1219 eris,
3504 1172 3773 1226 nunquam

2214 1258 2391 1304 tamen
2418 1249 2771 1303 alleviaberis.
2807 1248 2939 1314 Quia
2984 1247 3228 1317 quisquis
3256 1261 3359 1300 non
3410 1246 3578 1310 llebit,
3616 1247 3774 1303 ﬂendi

2214 1342 2338 1394 dum
2372 1350 2580 1409 tempus
2608 1340 3073 1403 habebitsreterno
3106 1339 3250 1392 luctu
3288 1336 3509 1406 lugebit,
3538 1338 3630 1392 sed
3659 1339 3777 1394 sine

2215 1428 2411 1483 fructu.
2448 1429 2579 1482 Redi
2607 1444 2735 1499 ergo
2763 1428 2828 1481 ad
2853 1438 2923 1489 te,
2950 1427 3086 1491 redi,
3124 1441 3223 1483 nec
3242 1425 3419 1478 tardes
3447 1425 3684 1480 converti
3709 1425 3775 1480 ad

2213 1520 2359 1573 illum
2387 1519 2477 1587 qui
2515 1528 2567 1572 te
2600 1534 2695 1572 sua
2727 1525 2995 1586 potestate
3018 1515 3170 1581 fecit,
3200 1534 3297 1572 sua
3325 1515 3588 1585 sapientia
3622 1516 3779 1570 rede-

2213 1608 2330 1670 mit,
2383 1624 2477 1662 sua
2532 1608 2877 1662 inenarrabili
2929 1608 3292 1662 bonitate-ad
3340 1623 3400 1663 se
3440 1605 3668 1669 vocavit,
3719 1614 3778 1659 et

2150 1704 2195 1763 Β
2222 1706 2498 1764 exspectat
2522 1697 2697 1752 adhuc
2720 1697 2981 1765 quotidie,
3007 1706 3063 1750 et
3085 1696 3380 1750 coronabit.
3415 1695 3550 1762 Quid
3578 1694 3777 1764 quarris

2218 1795 2371 1841 extra
2420 1786 2604 1840 illum?
2632 1787 2806 1863 Quid?
2849 1787 2985 1853 Quid
3016 1787 3289 1841 desideras
3333 1794 3528 1857 praeter
3568 1784 3778 1855 ipsum?

2221 1874 2357 1941 Quid
2380 1875 2474 1929 tibi
2498 1875 2674 1944 placet
2698 1877 2812 1930 sine
2837 1875 2987 1941 ipso?
3016 1875 3131 1941 Ipse
3158 1874 3280 1928 fecit
3305 1877 3510 1938 omnia,
3541 1875 3653 1943 ipse
3682 1874 3780 1928 ba-

2220 1963 2537 2030 betomnia,
2567 1964 2679 2033 ipse
2707 1972 2790 2018 est
2827 1964 3028 2019 omnia.
3060 1961 3329 2031 Quidquid
3364 1963 3562 2017 bonum
3602 1961 3777 2031 cupis,

2221 2054 2475 2123 quidquid
2525 2055 2801 2123 pulchrum
2832 2054 3048 2123 qum‘ris,
3077 2053 3333 2121 quidquid
3368 2052 3523 2107 dulce
3553 2061 3608 2106 et
3631 2050 3778 2105 dele-

2223 2141 2417 2195 cmbile
2469 2143 2719 2210 requiris,
2751 2151 2916 2195 totum
2955 2141 3008 2194 in
3037 2141 3151 2208 ipso
3175 2140 3434 2205 invenies,
3460 2148 3517 2194 et
3561 2139 3614 2192 in
3659 2137 3782 2209 ipso

2225 2232 2545 2300 perfrueris;
2574 2232 2616 2286 si
2648 2232 2883 2302 gaudere
2909 2232 3011 2296 vis,
3048 2231 3162 2301 ipse
3189 2230 3439 2302 gaudium
3466 2238 3570 2294 est,
3597 2236 3705 2283 etc.

1083 2428 1473 2527 Exponente‘
1514 2449 1816 2528 magistro
1846 2452 2176 2517 Anselmo.
2219 2453 2346 2512 inec
2381 2448 2639 2525 collegit
2679 2448 2753 2507 N;
2787 2445 3240 2507 Amanuensis.

1776 2589 1883 2645 (Et
1904 2606 2029 2645 mss.
2053 2589 2370 2645 Corbeieusi.
2401 2608 2445 2644 ε.
2476 2590 2627 2659 596..)

615 2724 761 2794 Deus
789 2722 904 2779 solo
931 2720 1098 2780 verbo
1118 2721 1205 2779 vel
1224 2721 1504 2777 voluntate
1521 2718 1806 2793 plasmavit
1823 2721 2116 2789 hominem,

544 2829 655 2870 non
681 2828 780 2884 per
807 2812 1157 2884 angelum,ut
1178 2811 1397 2881 quidam
1425 2810 1633 2868 volunt.
1658 2810 1723 2867 Et
1748 2821 1873 2880 nota
1898 2811 2043 2881 quod
2063 2813 2117 2867 in

545 2904 669 2960 aliis
690 2901 943 2971 operibus
962 2902 1038 2955 ait
1065 2900 1293 2957 Genesis
1320 2918 1337 2955 :
1362 2900 1509 2956 Dixit
1536 2900 1677 2956 Deus
1693 2943 1708 2967 ,
1732 2902 1955 2969 et'fucta
1974 2911 2119 2956 sunt.

550 2992 659 3047 Sed
689 3006 811 3046 cum
838 2990 905 3045 de
933 2990 1213 3045 creatione
1244 2989 1481 3045 hominis
1505 2988 1817 3058 loqueretur
1845 2989 1919 3045 ait
1952 3008 1967 3043 :
1996 2987 2119 3044 lla-

547 3097 646 3135 uus
673 3079 768 3133 Dei
803 3078 1030 3146 fecerunt
1057 3078 1315 3131 hominem
1335 3093 1357 3142 ;
1379 3076 1461 3132 vel
1497 3074 1821 3131 :Faciamtu
1857 3075 2113 3131 hominem

2222 2735 2353 2791 pore
2380 2736 2477 2791 pro
2505 2736 2611 2791 quo
2636 2719 2825 2788 inciso,
2854 2734 2960 2775 non
2984 2718 3267 2786 inciditur;
3291 2727 3781 2791 augmentato,non

2222 2818 2629 2881 augmentatur;
2670 2809 2973 2881 imminuto,
2998 2794 3105 2862 non
3136 2807 3504 2874 imminuitur;
3534 2816 3591 2864 et
3613 2811 3692 2867 sic
3721 2820 3785 2868 ut

2222 2878 2717 2953 ad'similitudinem
2735 2878 2829 2952 Dei
2853 2895 2991 2952 istud
3021 2896 3474 2967 sciendum,un
3499 2896 3784 2969 Scriptura

2224 3001 2350 3043 raro
2374 2988 2503 3044 dicit
2526 2987 2797 3042 hominem
2821 2986 3106 3054 imaginem
3128 2986 3241 3049 Dei,
3278 2987 3419 3055 quod
3444 2985 3541 3042 soli
3578 3002 3785 3043 conve-

2223 3077 2302 3132 nit
2326 3076 2463 3132 Fiiio
2490 3075 2607 3141 Dei,
2633 3073 2727 3130 sed
2756 3075 2821 3129 ad
2849 3074 3158 3144 imaginem.
3203 3073 3527 3144 Augustinus
3552 3093 3566 3129 :
3596 3073 3787 3131 Omnia

547 3169 616 3223 ad
636 3126 915 3237 mysi...
950 3175 995 3221 ιι
1016 3126 1409 3219 δίωξιίικιιίηὲηι
1441 3126 1826 3229 euantis;
1855 3126 2113 3233 una:
2138 3126 2184 3187 C
2213 3126 2689 3239 Ᾱᾶαᾉξᾶαἷὲκὶὶ
2704 3126 3789 3235 “nisiniti....smsisicsaais'césnél

548 3273 671 3311 men
704 3258 875 3326 magis
909 3256 1083 3309 tactus
1114 3254 1185 3310 sit
1212 3269 1374 3323 quam
1412 3252 1548 3319 alia;
1578 3253 1672 3309 sed
1718 3260 1771 3308 ut
1802 3252 2137 3309 ostendatur.

548 3348 785 3416 dignitas
832 3346 1089 3413 hominis,
1120 3344 1208 3416 qui
1239 3345 1307 3399 ab
1354 3337 1724 3421 ipsogummo
1750 3343 1857 3401 Deo
1906 3341 2111 3399 artiﬁce

548 3454 655 3493 non
704 3438 771 3491 ab
812 3436 1096 3506 Opillribus
1121 3434 1259 3504 eius,
1302 3446 1357 3490 et
1405 3450 1527 3489 cum
1570 3434 1793 3490 consilio
1815 3449 2006 3504 magno
2032 3435 2111 3488 sic

549 3524 744 3579 factus.
777 3526 859 3579 Ad
884 3525 1171 3595 imaginem
1204 3519 1298 3579 Dei
1325 3523 1521 3578 dicitur
1546 3538 1687 3590 esse,
1723 3522 1848 3593 quia
1879 3521 2118 3579 rationa-

550 3617 617 3671 lis
642 3624 697 3670 et
728 3616 941 3685 sapiens
968 3624 1026 3669 ιιι
1057 3616 1223 3669 Deus.
1266 3614 1348 3668 Ad
1395 3614 1799 3670 similitudinem
1856 3615 1948 3667 ita.
1981 3614 2122 3668 Deus

552 3723 693 3763 unus
725 3716 829 3771 est,
866 3720 971 3759 non
1000 3714 1060 3759 ut
1085 3720 1182 3760 nos
1208 3706 1261 3758 in
1292 3704 1487 3775 quibus
1516 3705 1749 3769 diversa,
1779 3711 1839 3757 ut
1873 3703 2122 3757 substan-

553 3796 640 3850 tiae
668 3796 747 3849 vel
777 3794 1078 3849 accidentia
1104 3794 1365 3848 uninnlur
1413 3794 1464 3848 in
1516 3806 1703 3857 unum,
1728 3794 1822 3846 sed
1867 3790 2122 3845 ineﬂ‘abili

556 3887 715 3939 modo
743 3894 797 3939 et
825 3886 875 3939 in
907 3884 1153 3941 oumibus
1174 3894 1275 3950 est,
1300 3892 1353 3937 et
1376 3882 1556 3937 omnia
1586 3881 1834 3950 complet,
1869 3889 1923 3934 et
1946 3889 2125 3933 tamen

554 3992 651 4044 pro
707 3978 865 4030 rebus
920 3974 1393 4029 innnutatur.lllis
1445 3973 1648 4036 incisis,
1683 3986 1786 4025 non
1834 3971 2118 4033 inciditur;

558 4065 841 4127 truncatis,
874 4080 977 4119 non
1011 4072 1313 4129 truncatur;
1334 4064 1716 4132 augmentatis,
1740 4078 1842 4116 non
1868 4075 2125 4131 augmen-

558 4164 741 4217 tatur;
787 4155 1084 4218 diminutis,
1126 4171 1233 4209 non
1275 4154 1621 4219 diminnitur;
1655 4152 1961 4213 sordidatis,
2017 4164 2119 4203 non

561 4244 892 4298 sordidatur.
922 4244 1071 4311 Quod
1114 4246 1157 4298 si
1187 4252 1463 4313 qumt'atur
1508 4241 1772 4311 quomodo
1814 4241 1911 4296 hoc
1951 4249 2126 4310 potest

560 4333 709 4398 sciri,
751 4336 927 4387 anima
960 4346 1043 4389 est
1073 4335 1197 4389 inde
1230 4332 1543 4399 similitudo,
1572 4334 1750 4389 anima
1804 4341 1861 4387 ut
1906 4333 1958 4387 in
1999 4348 2119 4387 cor-

2214 3265 2393 3319 tatem,
2427 3258 2562 3310 unde
2591 3256 2776 3310 clamet
2812 3255 2879 3308 ad
2898 3271 3017 3309 eunt
3046 3270 3077 3307 α
3103 3269 3203 3323 quo
3225 3254 3405 3307 cecidit
3436 3266 3455 3308 :
3480 3254 3608 3320 Quis
3632 3255 3790 3308 simi-

2216 3348 2280 3403 lia
2309 3348 2439 3403 tibi?
2459 3350 2555 3404 Est
2580 3358 2758 3404 autem
2788 3348 2948 3403 homo
2985 3346 3162 3415 justus
3190 3345 3279 3413 qui
3315 3344 3485 3414 diligit
3513 3345 3787 3428 inimicos,

2216 3446 2271 3491 et
2302 3438 2567 3493 benefacit
2596 3438 2699 3503 eis,
2723 3436 2913 3492 similis
2935 3445 3017 3488 est
3058 3434 3166 3489 Deo
3198 3434 3262 3487 ad
3290 3432 3443 3499 cujus
3488 3434 3786 3503 imaginem

2220 3530 2393 3584 factus
2420 3534 2523 3591 est,
2553 3526 2644 3595 qui
2679 3525 2848 3580 solem
2901 3540 3054 3578 suum
3088 3524 3215 3583 facit
3238 3522 3365 3577 oriri
3424 3538 3584 3592 super
3604 3522 3790 3590 justas

2222 3627 2277 3673 et
2323 3619 2569 3686 iniustos,
2602 3624 2656 3669 et
2708 3615 2843 3683 pluit
2892 3628 3051 3681 super
3088 3613 3259 3682 justos
3306 3624 3360 3665 et
3404 3612 3656 3680 injnslos;
3686 3616 3789 3670 sed

2224 3708 2340 3762 lucc
2368 3706 2673 3761 obedientia
2701 3713 2804 3769 est,
2834 3720 2938 3757 non
2969 3704 3238 3770 superbia.
3278 3703 3370 3757 Est
3399 3717 3527 3771 ergo
3546 3702 3684 3759 bene
3708 3705 3791 3759 si-

2228 3799 2369 3852 milis
2396 3797 2485 3867 qui
2518 3796 2691 3851 credit
2719 3797 2882 3849 Deum
2913 3809 3176 3847 summum
3207 3808 3343 3855 esse,
3368 3793 3511 3847 nullo
3532 3807 3791 3860 egere,”

2227 3900 2354 3940 vero
2376 3901 2480 3939 non
2511 3897 2606 3952 per
2630 3898 2712 3947 se,
2743 3880 2835 3935 sed
2865 3881 3001 3949 apud
3034 3880 3195 3932 Deum
3221 3894 3340 3932 esse
3366 3896 3379 3931 :
3421 3880 3509 3947 qui
3539 3894 3664 3932 vero
3686 3888 3810 3947 per‘

2226 3993 2281 4033 se
2306 3976 2415 4031 vult
2442 3991 2561 4030 esse
2586 3983 2643 4028 ut
2666 3973 2827 4035 Deus,
2857 3988 2885 4025 a
2922 3970 3064 4025 nullo
3094 3970 3464 4024 est.Pervcrse
3490 3970 3599 4021 vult
3636 3971 3791 4024 simi-

2224 4070 2289 4123 lis
2310 4082 2449 4131 esse,
2472 4074 2532 4119 ut
2564 4063 2805 4118 diabolus
2828 4062 2916 4131 qui
2951 4061 3117 4114 noluit
3139 4061 3236 4113 sub
3273 4075 3337 4113 eo
3366 4075 3508 4122 esse;
3544 4066 3598 4113 et
3622 4060 3788 4113 homo

2226 4158 2410 4228 qtti....
2441 4168 2630 4209 servus
2668 4152 2838 4206 noluit
2866 4150 3031 4202 teneri
3058 4148 3522 4218 praecepto,voluit
3551 4158 3609 4202 ut
3636 4147 3789 4205 nullo

2225 4247 2323 4302 sibi
2350 4246 2659 4299 dominante
2687 4250 2827 4295 esset
2854 4239 3001 4309 quasi
3031 4240 3187 4292 Deus.

557 4534 855 4609 Magister
884 4532 1227 4595 Anselmus
1255 4550 1447 4611 super
1472 4548 1725 4595 versum
1756 4531 1934 4592 illum
1974 4552 1986 4587 :
2016 4528 2266 4590 Decebat
2294 4527 2449 4586 enim
2474 4542 2603 4584 cum
2635 4541 2746 4601 per
2780 4538 2951 4600 quem
2994 4518 3195 4577 omnia
3230 4523 3284 4577 et
3312 4536 3387 4577 ea:
3412 4534 3533 4595 quo
3571 4516 3784 4577 omnia

1903 4630 2127 4689 '(Hebr.
2160 4646 2203 4687 ιι
2227 4671 2240 4689 .
2285 4628 2403 4689 10).

1903 4630 1989 4689 Ἠ
2035 4630 2127 4689 br.
2160 4646 2203 4687 ιι
2285 4628 2357 4685 10
2390 4670 2403 4686 .

634 4730 776 4785 Deus
801 4728 1141 4798 omnipotens
1170 4730 1215 4787 si
1246 4729 1443 4786 nullam
1471 4728 1687 4800 penitus
1710 4630 2027 4783 creaturiani3
2058 4724 2132 4777 I'e-
2162 4729 2207 4785 Ι)
2227 4626 2583 4792 ’pori)indidit,
2638 4720 2864 4788 qualiter
2909 4718 3046 4773 bene
3104 4704 3334 4784 regendo
3387 4713 3594 4800 ipsum,
3624 4713 3787 4800 simul

562 4820 749 4881 cisset,
805 4818 859 4870 in
913 4820 1090 4887 seipso
1137 4820 1293 4888 plene
1332 4822 1518 4874 beatus
1546 4833 1665 4873 esse
1708 4816 1899 4887 potuit.
1932 4815 2127 4883 quippe

569 4909 721 4963 nullo
751 4909 1016 4978 indigens,
1042 4910 1135 4965 sed
1162 4908 1376 4962 sibimet
1421 4920 1802 4977 usquequaque
1833 4905 2119 4958 sutile-iens.

568 5000 767 5056 Voicns
806 5010 978 5053 autem
1020 5015 1081 5053 ea
1110 5016 1318 5056 summa
1348 4999 1585 5055 bonitate
1624 5007 1925 5053 creaturam
1955 4994 2125 5047 beati-

570 5089 739 5151 licari,
772 5087 911 5157 quod
956 5089 1119 5157 ipsius
1170 5100 1373 5145 tantum
1408 5088 1711 5158 cognitione
1746 5095 1801 5140 et
1830 5101 2014 5139 amore
2041 5084 2123 5136 iu-

570 5196 749 5233 turum
778 5191 914 5243 erat,
934 5183 1197 5251 angelicas
1226 5192 1499 5235 creaturas
1522 5179 1644 5233 fecit
1668 5194 1695 5231 a
1723 5179 1915 5247 quibus
1943 5176 2122 5229 lauda-

572 5278 746 5335 retur,
775 5285 881 5323 non
911 5272 1029 5325 utci
1055 5272 1119 5326 de
1146 5271 1300 5325 laude
1333 5286 1516 5325 eorum
1546 5269 1745 5335 aliquid
1775 5274 2127 5330 accresceret,

571 5362 665 5414 sed
696 5362 841 5429 ipsis.
865 5359 1032 5416 Porro
1070 5362 1257 5416 eadem
1298 5362 1555 5425 bonitate,
1578 5369 1636 5413 ut
1674 5359 1787 5413 laus
1818 5357 2129 5426 imperfecta

577 5469 682 5507 non
727 5464 892 5519 esset,
920 5468 1231 5522 corpoream
1262 5464 1565 5507 creaturam
1597 5452 1831 5508 condidit
1862 5466 1923 5504 ac
1960 5449 2126 5501 beati-

577 5544 739 5599 ﬁcat'e
767 5545 951 5600 voluit.
984 5545 1094 5600 llac
1124 5546 1188 5600 de
1210 5560 1365 5600 causa
1398 5544 1640 5613 spiritum
1667 5541 1980 5597 rationalem
2012 5553 2129 5592 Cur»

2235 4826 2356 4865 cum
2380 4823 2603 4877 corpore
2627 4808 2679 4861 in
2705 4807 2812 4861 Deo
2833 4803 3254 4867 beatiﬁcaretur;
3283 4810 3338 4855 et
3362 4802 3431 4854 ita
3462 4799 3576 4855 laus
3604 4800 3697 4853 Dei
3718 4799 3790 4853 ab

2233 4901 2377 4957 omni
2401 4908 2645 4953 creatura
2672 4897 2823 4967 plena
2855 4894 3159 4950 esset.inde
3189 4902 3269 4946 est
3295 4892 3433 4960 quod
3460 4889 3639 4945 omnia
3675 4890 3790 4943 lau-

2235 4992 2363 5061 dare
2390 4990 2555 5043 Deum
2598 4989 2866 5051 dicuntur,
2896 4986 3019 5039 dum
3064 4983 3351 5037 rationales
3380 4990 3657 5043 creaturze,
3686 4995 3787 5033 an-

2234 5082 2335 5151 geli
2386 5078 2591 5133 scilicet
2620 5087 2672 5133 et
2708 5076 2971 5135 homines.
3018 5075 3206 5127 miram
3260 5073 3351 5125 Dei
3389 5069 3681 5141 potentiam
3733 5075 3790 5122 et

2238 5172 2528 5225 bonitatem
2564 5178 2668 5221 tam
2702 5168 2753 5221 in
2785 5182 2862 5230 se,
2895 5181 3052 5234 quam
3082 5164 3131 5216 in
3164 5162 3372 5215 caneris
3411 5158 3671 5213 creaturis
3702 5157 3789 5211 ni-

2236 5270 2416 5315 tantur
2440 5269 2493 5313 et
2524 5258 2759 5311 laudant.
2788 5256 2878 5309 Sic
2927 5268 3052 5322 ergo
3087 5252 3369 5321 Apostolus
3415 5250 3489 5302 ait
3517 5265 3530 5301 :
3569 5246 3788 5309 Propter

2234 5368 2349 5404 cum
2377 5350 2572 5412 omnia,
2612 5347 2817 5402 scilicet
2841 5342 3159 5398 laudandum
3203 5351 3257 5395 et
3284 5338 3706 5409 gloriﬁcandum,
3739 5343 3789 5388 et-

2236 5456 2325 5507 per
2345 5455 2457 5490 eum
2482 5437 2653 5489 omnia
2678 5434 2827 5499 nihil,
2842 5432 3043 5486 scilicet
3065 5428 3349 5500 superﬂue.
3366 5425 3515 5491 Quod
3535 5423 3579 5478 si
3600 5434 3787 5477 verum

2236 5542 2334 5597 Cal,
2363 5531 2466 5584 imo
2497 5530 2617 5597 quia
2654 5542 2833 5582 rerum
2876 5533 2980 5591 est,
3009 5523 3276 5577 hominem
3307 5519 3369 5574 ad
3412 5516 3632 5587 gloriam
3665 5511 3785 5567 duci

4120 374 4147 471 1

3778 5511 3785 5523 ι

3866 6014 3899 6037 in
3966 6018 3971 6035 1
