4214 6222
499 235 635 289 1057

1791 238 1914 292 ΜΒ.
1948 238 1987 291 1.
2018 269 2085 277 --
2116 238 2450 295 ιιοκιτυιι.

3586 239 3724 299 1058

501 365 718 407 necesse
746 359 829 406 cst
859 369 872 405 :
904 367 1020 419 qme
1049 366 1168 405 eum
1196 351 1489 406 necessitas
1518 367 1618 404 non
1645 352 1860 407 aliunde
1887 370 2043 422 quam
2076 356 2121 412 Α
2152 352 2232 404 lus
2254 354 2426 405 victus
2467 356 2628 404 etiam
2654 350 2923 404 hominem
2949 355 3239 417 amitteret,
3260 352 3398 408 ratio
3422 368 3527 407 non
3562 365 3723 410 esset.

498 457 567 497 ex
597 444 826 496 maxima
855 442 972 505 Dei,
1000 458 1158 510 quam
1186 432 1805 510 prmdiximus,bonitatc
1828 446 2053 500 descen-

499 533 595 596 dit,
613 534 771 587 homo
792 522 819 583 ἐι
844 542 1059 601 peccato
1084 548 1182 586 suo
1208 532 1450 601 perditus
1470 541 1570 586 est.
1589 532 1726 601 Ergo
1749 536 1813 587 ad
1831 536 2053 605 gloriam

499 639 603 676 non
648 623 877 686 ducitur,
914 638 1041 692 ergo
1089 625 1200 692 ipse
1252 639 1355 677 non
1411 621 1622 687 laudat;
1667 637 2056 693 consequenter

500 714 661 781 igitur
704 728 961 781 corporea
1002 722 1245 768 creatura
1284 732 1397 768 non.
1434 716 1639 781 laudat;
1676 719 1847 772 otiose
1901 721 2057 787 igitur

500 802 639 857 facta
663 792 773 857 est.
790 803 939 870 Quod
966 804 1010 858 si
1048 805 1119 857 ita
1147 815 1247 872 est,
1280 821 1407 877 ergo
1437 823 1534 861 nec
1577 809 1673 876 ipsi
1699 809 1870 878 angeli
1904 811 2057 878 plene

500 892 740 961 laudant,
765 908 886 946 cum
918 910 1170 949 numerus
1218 911 1401 949 eorum
1426 899 1495 952 sit
1520 899 1836 953 diminutas.
1866 900 1934 953 Ut
1963 918 2057 954 au-

503 989 609 1035 tem
642 983 757 1037 haec
783 983 961 1036 omnia
1012 984 1440 1040 inconvenientia
1468 989 1535 1041 ab
1565 990 1679 1057 ipso
1720 1006 1828 1057 quo
1877 1007 2060 1061 proce-

502 1071 633 1125 dunt
665 1071 811 1127 fonte
831 1074 1223 1143 supprimamus
1246 1076 1515 1131 hominem
1543 1080 1807 1147 perditum
1841 1082 1904 1133 ad
1940 1082 2056 1151 glo-

500 1161 637 1215 riam
669 1162 789 1217 duci
832 1164 1250 1229 constituamus,
1280 1162 1431 1234 cujus
1474 1168 1716 1236 gloriosm
1747 1171 2059 1226 salvationis

499 1252 773 1317 ordinem,
820 1254 937 1322 ipso
992 1264 1213 1309 auctore
1262 1255 1568 1323 adjuvante,
1598 1254 1892 1313 videamus.
1921 1261 2061 1315 Deus

500 1327 767 1396 hominem
793 1342 963 1409 ipsum
986 1344 1062 1397 sic
1088 1344 1138 1397 in
1166 1346 1341 1399 medio
1368 1347 1625 1408 condidit,
1643 1356 1700 1401 ut
1725 1349 1771 1402 si
1802 1351 2061 1403 obediens

502 1430 551 1483 ei
605 1432 884 1497 existeret,
928 1443 1146 1501 paracta
1203 1434 1524 1499 obedientia,
1580 1438 1697 1490 sine
1748 1439 2059 1508 interposita

502 1528 676 1572 morte
724 1519 789 1571 de
839 1521 1054 1574 mortali
1104 1523 1421 1577 immortalis
1466 1523 1637 1591 ﬁeret,
1674 1528 1756 1581 sin
1790 1538 1967 1582 autem
1995 1530 2063 1585 de

504 1609 716 1663 mortali
746 1609 797 1662 in
823 1622 1049 1665 mortem
1084 1614 1525 1683 praecipitaretur.
1561 1616 1855 1674 Persuasus
1878 1636 2003 1690 ergo
2030 1637 2059 1674 a

501 1699 746 1762 diabolo,
795 1698 949 1767 juxta
1000 1703 1288 1758 terribilem
1336 1706 1429 1759 Dei
1481 1710 1949 1765 comminationem
1997 1715 2061 1768 de

500 1789 710 1843 mortali
747 1800 988 1847 mortuus
1016 1792 1189 1847 factus
1217 1805 1320 1858 est,
1351 1806 1405 1849 et
1441 1796 1585 1865 juste
1630 1814 1660 1852 a
1690 1800 1899 1856 diabolo
1940 1818 2063 1870 pos-

500 1892 680 1935 sessus
731 1880 814 1932 cui
860 1890 1051 1947 sponte
1087 1876 1450 1937 consenserat.
1486 1883 1664 1941 Voluit
1714 1888 1890 1943 tamen
1936 1905 2058 1945 eum

501 1964 640 2021 Deus
670 1958 972 2037 requirere,
1004 1972 1129 2037 quia
1176 1972 1298 2027 licet
1325 1983 1535 2043 sponte,
1553 1976 1730 2051 aliena
1764 1987 1938 2033 tamen
1970 1995 2060 2036 ce-

499 2053 633 2109 cidit
658 2058 1024 2125 persuasione.
1057 2059 1307 2117 Diabolus
1342 2078 1467 2119 vero
1507 2068 1705 2135 requiri
1728 2084 1833 2121 non
1857 2070 2057 2137 debuit,

496 2146 622 2214 quia
679 2146 732 2200 in
776 2156 983 2203 natura:
1026 2166 1134 2204 sum
1175 2151 1425 2208 firmitate
1476 2169 1570 2223 per
1598 2170 1656 2210 se
1689 2157 1879 2224 ipsum,
1914 2159 2059 2214 nulla

497 2236 834 2294 extrinsecus
878 2244 1226 2309 persuasione
1270 2244 1482 2321 cecidit.
1538 2245 1790 2315 Oportuit
1833 2264 1962 2321 ergo
2001 2260 2061 2305 ut

497 2338 771 2385 auctorem
798 2330 990 2387 salutis
1017 2334 1255 2395 haberet.
1290 2319 1385 2404 per
1403 2352 1561 2406 quem
1591 2339 1735 2406 justa
1761 2319 1964 2396 ratione
1991 2344 2056 2399 ad

502 2416 671 2472 Deum
696 2420 914 2475 rediret.
948 2422 1236 2479 Videamus
1262 2442 1392 2495 ergo
1429 2428 1549 2496 quis
1591 2429 1677 2484 ille
1722 2441 1912 2487 auctor
1940 2444 2061 2488 esse

496 2510 754 2576 potuerit.
794 2510 851 2565 Si
888 2513 1028 2567 Deus
1068 2515 1383 2586 simpliciter
1408 2515 1571 2585 esset,
1600 2531 1809 2590 poterat
1842 2524 2055 2593 quidem

500 2601 767 2656 diabolum
811 2603 1047 2673 vincere,
1096 2607 1367 2663 hominem
1416 2611 1654 2681 eripere;
1681 2614 1773 2668 sed
1798 2615 1913 2670 haec
1941 2616 2055 2671 sola

489 2688 599 2759 jam
628 2701 770 2747 esset
790 2694 1051 2763 potentia,
1084 2712 1185 2751 non
1215 2698 1349 2753 ratio
1363 2699 1687 2769 justitiae,‘si
1709 2703 2054 2776 diabolo,qui

495 2783 684 2837 mortis
704 2782 935 2840 habebat
960 2785 1263 2856 imperium,
1291 2790 1430 2845 sicut
1454 2792 1529 2847 ait
1554 2793 2055 2866 Apostolus,quam-

495 2870 579 2925 vis
624 2886 735 2927 rem
791 2874 1019 2930 alienam
1062 2879 1257 2949 injuste
1302 2882 1606 2947 invasisset.
1637 2896 1813 2942 tamen
1868 2902 2055 2959 sponte

2160 440 2264 511 Sed
2309 454 2407 492 nec
2457 440 2679 508 angelus
2702 440 2753 492 in
2792 439 3009 494 homine
3051 443 3151 496 hoc
3183 452 3412 511 poterat,
3440 442 3566 511 quia
3593 442 3639 496 si
3668 443 3725 498 in

2156 509 2248 585 sua
2298 531 2533 598 simplici
2583 540 2637 584 ct
2666 531 2786 584 forti
2846 539 3035 584 natura
3085 530 3327 587 infirmus
3352 533 3600 587 inventus
3622 542 3725 598 est.

2155 620 2323 672 multo
2351 619 2518 687 magis
2549 620 2771 672 infirmre
2794 621 2917 674 huic
2946 630 3171 686 naturae,
3190 622 3439 677 humanm
3457 622 3725 689 videlicet.

2157 710 2417 763 admistus
2444 710 2634 763 debilis
2665 711 3013 765 inveniretur.
3041 710 3265 780 Oportet
3308 727 3437 779 ergo
3462 723 3731 768 utauctor

2159 799 2245 852 ille
2265 798 2451 850 salutis
2477 801 2614 852 Deus
2640 800 2689 852 in
2718 800 2935 854 homine
2966 802 3059 860 sit.‘
3081 802 3171 869 qui
3197 818 3259 855 ex
3290 803 3389 855 hoc
3422 802 3563 871 quod
3588 804 3730 857 Deus

2158 897 2263 950 est,
2294 890 2493 957 possit;
2519 905 2579 941 ex
2610 891 2711 943 hoc
2741 892 2881 959 quod
2906 891 3095 957 homo,
3122 891 3314 945 debeat
3338 908 3575 962 congruo
3598 894 3732 947 mul-

2159 988 2268 1031 tum
2301 981 2520 1041 ordine;
2550 989 2607 1033 ut
2642 982 2781 1035 sicut
2810 981 3053 1035 diabolus
3099 982 3234 1035 mala
3268 983 3457 1037 fraude
3494 985 3730 1053 primum

2163 1084 2277 1139 rem
2307 1071 2503 1122 invasit
2528 1070 2783 1134 alienam,
2825 1070 2894 1123 ita
2923 1070 3064 1125 Deus
3091 1072 3251 1137 bona,
3278 1082 3338 1125 ut
3367 1072 3440 1125 ita
3466 1073 3727 1135 dicamus,

2161 1160 2345 1214 fraude
2373 1177 2483 1215 rem
2508 1178 2660 1216 suam
2685 1163 2913 1217 ellirerct
2936 1180 3028 1233 per
3048 1167 3306 1234 gratiam:
3328 1177 3382 1221 et
3405 1168 3545 1221 sicut
3574 1168 3731 1222 homo

2161 1250 2247 1303 ille
2298 1253 2514 1319 propria
2568 1252 2818 1307 libertate
2849 1256 3175 1319 Succubuit,.-
3207 1258 3276 1310 ita
3324 1258 3485 1313 homo
3536 1258 3640 1313 iste
3666 1273 3728 1314 ex

2161 1341 2373 1393 arbitrii
2428 1342 2675 1396 libertate
2722 1344 2935 1396 diabolo
2972 1346 3249 1400 resisteret
3293 1361 3495 1415 :qucm
3538 1357 3591 1401 ct
3622 1351 3731 1417 pati

2160 1432 2421 1499 oportuit,
2452 1443 2510 1485 ut
2544 1434 2789 1486 diabolus
2823 1435 2874 1487 in
2901 1450 2966 1489 eo
2995 1445 3243 1502 peccaret
3272 1436 3323 1489 in
3372 1453 3477 1506 quo
3523 1437 3731 1507 culpam

2162 1536 2268 1573 non
2298 1522 2499 1589 reperit
2530 1523 2675 1575 illmn
2709 1525 2995 1591 puniendo.
3043 1525 3199 1580 Hunc
3240 1528 3454 1596 quippe,
3494 1527 3635 1581 sicut
3676 1538 3733 1581 et

2162 1616 2563 1677 cacteros,omni
2587 1630 2781 1684 genere
2813 1617 3123 1671 teutationis
3153 1633 3437 1687 aggressus
3463 1628 3563 1681 est,
3582 1618 3735 1673 blano

2163 1702 2246 1755 dis
2274 1704 2527 1770 primuin,
2561 1715 2618 1759 ut
2668 1706 2852 1770 draco,
2907 1708 3101 1763 deinde
3145 1710 3374 1777 asperis,
3403 1720 3461 1763 ut
3509 1711 3591 1765 leo
3620 1728 3635 1765 :
3666 1713 3733 1765 ad

2162 1792 2404 1847 ultimum
2427 1796 2653 1857 occidit;
2685 1805 2739 1847 et
2761 1796 2837 1849 sic
2871 1796 3169 1863 justissime
3194 1816 3260 1865 οίι
3286 1815 3351 1852 ne
3376 1816 3529 1853 suum
3564 1802 3615 1853 in
3637 1801 3735 1856 ho"

2161 1874 2336 1936 mines
2387 1883 2678 1938 dominium
2726 1885 2999 1952 perdidit,
3051 1886 3175 1941 dum
3219 1903 3276 1941 se
3337 1889 3476 1941 ultra
3533 1889 3734 1943 licitum

2160 1970 2419 2023 extendit.
2454 1969 2602 2025 Unde
2635 1970 2810 2025 adhuc
2851 1971 2933 2025 lex
2962 1974 3263 2027 communis
3297 1975 3477 2038 habet,
3507 1984 3567 2029 ut
3585 1976 3733 2032 debi-

2163 2068 2275 2112 tum
2300 2060 2490 2127 perdat
2520 2060 2607 2127 qui
2632 2060 2749 2129 plus
2773 2048 2948 2130 quam.
2964 2061 3200 2116 debitum
3224 2064 3409 2134 exigit.
3427 2064 3581 2119 Sicut
3605 2080 3734 2134 ergo

2160 2148 2214 2202 in
2273 2151 2442 2219 ipsum
2484 2150 2575 2219 qui
2625 2151 2673 2203 ei
2723 2166 2826 2205 non
2858 2153 3150 2216 consensit,
3182 2150 3273 2220 jus
3308 2154 3510 2221 amisit,
3558 2156 3627 2209 ita
3654 2158 3655 2161 “
3684 2157 3736 2209 in

2159 2252 2350 2293 omnes
2398 2237 2534 2294 filios
2581 2237 2697 2305 ejus
2733 2239 2823 2307 qui
2869 2239 2987 2307 ejus
3032 2241 3390 2296 innocentiam
3439 2242 3734 2298 imitantur.

2159 2328 2311 2382 Nunc
2336 2340 2467 2382 vero
2505 2328 2604 2382 iste
2637 2329 2689 2382 in
2719 2338 2893 2383 morte
2936 2344 3217 2384 remanere
3242 2345 3345 2385 non
3376 2330 3582 2394 debuit,
3609 2332 3736 2399 quia

2160 2418 2264 2473 hoc
2302 2417 2461 2472 modo
2489 2432 2589 2473 nec
2614 2419 2713 2473 sibi
2742 2434 2841 2475 nec
2868 2419 3022 2474 alteri
3057 2419 3365 2490 profuisset.
3384 2420 3499 2476 Per
3525 2420 3749 2499 passio-_

2158 2524 2280 2564 nem
2310 2524 2440 2579 ergo
2468 2511 2924 2565 conSummandus
2950 2519 3088 2577 erat,
3116 2520 3177 2567 ut
3207 2512 3280 2567 ita
3304 2526 3430 2567 suos
3477 2526 3736 2582 sequaces

2160 2608 2591 2664 consummaret;
2619 2609 2673 2654 et
2701 2599 2803 2655 hoc
2829 2608 2911 2654 est
2936 2601 3077 2669 quod
3102 2588 3389 2671 Apostolus
3419 2601 3496 2655 ait
3527 2618 3541 2655 :
3573 2600 3735 2655 Dece-

2157 2688 2270 2752 bat,
2298 2694 2406 2742 etc.
2440 2686 2690 2759 Singulos
2721 2702 2912 2757 passus
2953 2698 3098 2744 uota.
3121 2688 3343 2743 Docebat
3372 2690 3563 2743 mullos
3594 2689 3735 2759 ﬁlios

2155 2779 2213 2834 in
2259 2778 2481 2849 gloriam
2538 2779 2795 2833 adducere
2837 2796 2977 2844 cura,
3023 2779 3229 2835 scilicet
3260 2779 3492 2847 Patrem,
3527 2782 3736 2850 propter

2154 2884 2326 2938 quem,
2356 2868 2560 2923 scilicet
2583 2869 2904 2929 laudandum
2934 2880 2983 2924 et
3007 2868 3439 2939 gloriﬁcandum,
3456 2870 3594 2937 facta
3614 2876 3732 2923 sunt

493 2962 870 3018 assentientem
897 2965 1042 3033 juste
1069 2970 1327 3024 obtinenti
1364 2972 1633 3028 hominem
1680 2976 1758 3031 sic
1784 2956 2051 3035 subditum
2082 2989 2126 3048 (3
2159 2961 2375 3023 οηίηίαὶ
2424 2968 2479 3014 εί

2159 2961 2375 3023 omnia;
2424 2968 2479 3014 ct
2534 2960 2635 3014 hoc
2682 2960 2860 3013 dando
2910 2970 3183 3023 auctorem
3254 2958 3469 3022 salutis,
3528 2956 3735 3012 scilicet

491 3049 744 3107 auferret.
781 3054 836 3108 Si
860 3055 1019 3111 homo
1046 3058 1267 3127 simplex
1295 3072 1458 3126 esset,
1487 3068 1751 3133 quomodo
1774 3071 1835 3121 in
1860 3078 2051 3129 natura

493 3152 745 3211 corrupta
794 3146 1088 3209 resisteret,
1120 3149 1211 3216 qui
1273 3150 1325 3203 in
1379 3152 1588 3207 meliori
1639 3165 1779 3210 statu
1825 3160 2048 3227 positus,
2094 3198 2097 3201 ι

494 3236 603 3282 tam
632 3229 786 3285 facile
814 3234 1130 3288 succubuit?
1164 3236 1260 3291 llic
1291 3240 1579 3294 notandum
1607 3253 1688 3297 est
1726 3246 1850 3313 quia
1878 3250 2048 3316 gratia

495 3317 583 3370 Dei
618 3318 724 3372 vim
774 3336 879 3376 non
912 3321 1072 3376 infert
1108 3323 1278 3379 libero
1304 3326 1546 3383 arbitrio.
1580 3330 1814 3398 Rursus,
1840 3335 1885 3389 si
1913 3336 2047 3392 hanc

489 3422 719 3477 pugnam
756 3412 973 3483 angelus
1003 3414 1317 3486 insumeret,
1348 3438 1515 3489 quare
1541 3432 1819 3492 propterea
1868 3426 2051 3481 diabo-

502 3630 837 3647 ..ψ-

2157 3052 2429 3107 Christum
2449 3093 2464 3119 ,
2490 3062 2543 3106 ct
2573 3054 2717 3107 hunc
2760 3053 2937 3106 damlo
2984 3052 3240 3122 passioni,
3274 3060 3330 3105 ct
3377 3051 3458 3105 sic
3483 3064 3734 3105 consum-

2155 3144 2373 3197 mando.
2399 3144 2841 3227 Quem‘ordincnt
2870 3143 2914 3195 si
2938 3143 3223 3211 diligenter
3245 3141 3499 3205 attendis,
3527 3138 3733 3193 Videbis

2156 3232 2429 3286 hominem
2488 3234 2738 3288 debuisse
2786 3233 3002 3298 salvari,
3031 3234 3243 3289 etiamsi
3295 3233 3473 3288 nullus
3511 3230 3733 3303 attgclns

2155 3321 2456 3376 cecidisset.

1302 3803 1977 3918 SANCTI
2094 3810 2924 3988 ANSELMI-

1528 4082 2093 4145 CANTUARfENSIS
2131 4087 2656 4144 ARClllEPlSCOPl

779 4284 1685 4457 OPEBUM
1809 4322 2441 4517 PARS
2528 4325 3385 4462 TERTIA

1137 4624 1942 4785 EPISTOLARUM
2056 4638 2375 4789 LIBRI
2485 4637 3041 4813 QUA’PUllll.

1731 4961 1886 5032 3n
1927 4976 2449 5059 MONITUM.

554 5143 781 5222 Sanctus
817 5144 1095 5233 Ansebnus
1116 5151 1286 5218 egisse
1308 5166 1363 5205 se
1392 5154 1710 5205 monachum
1756 5166 1850 5220 per
1893 5168 2063 5206 annos
2096 5153 2309 5233 triginta
2340 5152 2890 5233 trcs_cum_l§aldrico
2937 5154 3097 5233 priori
3141 5151 3389 5233 propensi
3431 5156 3542 5233 ipse
3586 5154 3700 5233 jam

481 5212 880 5289 Cantuariensis
920 5212 1352 5286 archiepiscopus
1374 5222 1652 5285 scriberet,
1687 5212 1909 5289 ipsemet
1956 5212 2261 5274 testatur-(in
2293 5224 2515 5289 cpistola
2555 5223 2585 5273 7
2626 5224 2745 5274 libri
2779 5239 2856 5283 ιιι,
2908 5212 3075 5275 tribus
3105 5223 3352 5275 videlicet
3379 5212 3531 5275 anitis
3575 5227 3697 5275 abs~

479 5298 597 5371 q‘ne.
633 5281 965 5371 pra‘lalimlte,
995 5281 1293 5352 quindecim
1325 5290 1373 5340 in
1408 5281 1665 5356 prioratu,
1698 5281 2028 5371 t'otidetnuitr
2050 5292 2281 5371 alibatia.
2315 5281 2343 5345 ὁ
2372 5310 2475 5371 qua
2522 5293 2587 5371 ad
2628 5281 3041 5371 Catttt_tariettscs
3072 5292 3264 5371 infulas
3298 5294 3562 5371 abductus
3591 5302 3692 5371 est.

482 5351 556 5404 Eo
587 5352 763 5430 itaque
794 5355 983 5431 ordine
1016 5351 1183 5420 ipsius
1220 5351 1471 5425 epistolas
1513 5351 1740 5425 «piatuor
1772 5361 1854 5413 his
1888 5360 2061 5441 .lih'ris
2093 5362 2314 5441 seorsim
2354 5351 2641 5441 dispositas
2705 5363 2885 5413 habes.
2938 5360 3119 5441 Primo
3158 5360 3302 5441 libro
3342 5362 3697 5441 _c.ont.inentur

480 5435 611 5498 quas
638 5420 850 5498 scripsit
891 5425 1119 5475 nondum
1167 5420 1359 5498 abbas;
1404 5420 1657 5498 scen-mlo,
1695 5445 1825 5495 quas
1872 5429 2013 5481 dedit
2074 5428 2266 5488 abbas;
2303 5420 2459 5483 tertio
2514 5440 2566 5484 et
2618 5440 2830 5497 quarto,
2862 5446 2996 5498 quas
3052 5431 3193 5482 misit
3246 5429 3692 5497 archiepiscopus.

479 5490 919 5567 Quartumlntnc.
943 5508 1099 5567 quem
1128 5495 1438 5560 adjecimns,
1466 5496 1653 5550 librum
1688 5490 1906 5566 implent
1936 5499 2171 5567 epistola:
2193 5514 2310 5567 qua:
2346 5501 2603 5555 hactenus
2637 5490 2856 5553 inedita:
2881 5490 3135 5562 'fncrunt,
3176 5506 3226 5549 ct
3258 5515 3388 5567 quas
3427 5490 3493 5551 ex
3524 5490 3696 5549 diter"

481 5559 552 5608 sis
578 5572 704 5610 mss.
730 5558 1169 5629 deprompsimus.

1864 4881 2178 4900 ~—
