4214 6188
742 248 875 303 10153

1275 246 1327 300 S.
1363 244 1657 299 ANSELMI
1699 242 2043 299 (IAN'I‘UAR.
2077 241 2393 297 AllClllEP.
2443 240 2591 295 OPP.
2637 240 2813 294 l'AllS
2846 241 2927 295 Ill.
2964 270 3031 282 --
3061 242 3435 299 EPISTOLJE.
3819 60 3989 305 Mf]

726 359 776 411 id
804 357 1000 410 nmndo
1029 354 1242 408 cliarius
1281 355 1549 423 possideo.
1579 356 1781 423 Legant
1819 355 2151 411 dilectissimi
2179 354 2285 407 fra-
2316 363 2356 411 Α
2389 365 2483 419 per
2521 366 2672 403 suam
2701 352 3061 419 praesentiam,
3093 354 3171 407 sic
3192 368 3309 406 eam
3340 354 3442 409 sibi
3470 354 3648 409 anima
3676 372 3793 411 mea
3820 362 3948 414 cha-

724 454 842 499 tres
868 443 1057 507 nostri,
1082 444 1173 511 qui
1202 444 1478 498 vobiscum
1523 452 1667 507 sunt,
1715 454 1835 512 post
1862 444 2068 500 litteras
2098 454 2291 498 vestra:

724 534 1036 590 sublimitati
1062 534 1318 600 directas,
1352 537 1491 590 hanc
1528 535 1905 591 brevissimam
1934 546 1989 591 et
2019 536 2286 593 suﬂicieu-

727 636 833 677 tem
857 626 955 678 sibi
986 626 1202 679 missam
1235 634 1469 679 nostram
1496 626 1781 694 epistolam
1812 644 1825 680 :
1850 628 2173 683 desiderium
2200 643 2289 681 ve.

724 714 821 765 stri
857 713 984 767 mihi
1015 729 1228 782 semper
1254 714 1486 774 crescit;
1518 726 1573 768 et
1594 731 1764 778 amor,
1797 716 1950 785 cujus
1984 716 2111 771 olim
2155 717 2283 771 mihi

724 803 926 856 conscii
951 803 1145 866 fuistis,
1174 819 1447 872 nunquam
1488 805 1770 859 decrescit.

1168 913 1329 982 312
1364 913 1693 969 EPISTULA
1720 914 1815 967 ιιι.

1110 1019 1176 1056 Αἰ)
1223 1018 1430 1057 οοοΝΕιι
1481 1018 1549 1057 ET
1594 1019 1889 1058 LANZONEI.

858 1086 1150 1141 Sanctioris
1186 1090 1304 1139 vita!
1340 1105 1575 1140 normam
1606 1107 1635 1141 η
1669 1089 1910 1157 Lanzone
1936 1097 2144 1156 rogatus

1353 1159 1656 1223 prtt'SCribtl.
1686 1188 1691 1205 ε

796 1244 1047 1303 Dominis,
1096 1244 1306 1306 amicis,
1338 1243 1605 1296 fratribus
1649 1246 2015 1308 ciiariss'mis,
2066 1245 2282 1299 Onoxt'

720 1342 774 1385 et
803 1332 1055 1393 Lmzoxt,
1090 1331 1252 1383 frater
1284 1334 1559 1385 ANSELMUS
1604 1332 1909 1397 Beecensis,
1948 1335 2055 1386 vita
2088 1350 2280 1402 pecca-

721 1433 826 1483 tor,
853 1424 1035 1475 habitu
1084 1424 1419 1487 monachus;
1466 1440 1561 1490 pro
1605 1425 1820 1477 :eternis
1862 1426 2171 1493 temporalia
2192 1400 2310 1479 deJ

721 1513 949 1578 spicere,
972 1526 1078 1578 pro
1104 1511 1483 1579 temporalibus
1512 1521 1709 1565 :cterna
1738 1513 2033 1581 percipere.

790 1598 1047 1664 Quoniam
1072 1614 1229 1650 verus
1262 1616 1434 1660 amor,
1467 1600 1601 1652 sicut
1642 1600 1980 1653 laudabiliter
2018 1601 2279 1669 impendi-

2391 439 2565 493 ritatis
2619 440 2867 508 amplexu
2907 442 3011 495 alte
3042 442 3311 511 impressit
3350 443 3728 515 astringendo,
3754 456 3811 500 ut
3834 446 3948 515 ejus

2390 532 2674 600 imaginem
2709 531 2763 584 in
2794 547 2853 585 se
2902 533 3242 601 perspicuam
3293 535 3621 603 exprimeret
3660 535 3945 605 diligendo,

2386 634 2482 688 per
2514 634 2675 688 quam
2724 634 2819 673 vos
2865 635 3076 689 semper
3126 632 3416 689 prmsentes
3459 631 3604 697 tenet
3647 624 3810 677 etiam
3855 628 3950 679 ab:

2386 710 2625 763 sistendo
2664 726 2677 761 :
2716 709 2857 762 unde
2887 710 3012 763 licet
3037 702 3189 763 rarus
3226 711 3297 764 sit
3337 720 3610 781 aspectus,
3634 728 3739 767 non
3767 722 3947 767 tamen

2388 812 2559 859 rarus,
2593 798 2687 850 sed
2714 796 3002 851 continuus
3039 806 3123 852 est
3166 798 3412 853 affectus.
3442 799 3715 854 Hactenus
3740 801 3947 856 duobus

2385 896 2676 957 spontanea
2708 885 2987 939 charitatts
3032 894 3116 940 est
3143 887 3346 955 digesta
3395 888 3669 953 salutatio,
3700 885 3948 958 deinceps

2385 976 2473 1027 uni
2500 973 2832 1043 persolvetur
2877 974 3054 1027 debita
3100 975 3401 1029 exhortatio
3430 992 3447 1040 ;
3477 977 3569 1029 uni
3608 977 3824 1045 quidem
3856 991 3947 1029 ve-

2384 1072 2577 1125 strum,
2608 1063 2727 1128 quia
2761 1062 2829 1113 ab
2854 1076 2961 1115 uno
2990 1071 3070 1114 est
3096 1062 3384 1129 postulata,
3409 1064 3698 1127 addicitur,
3722 1064 3814 1118 sed
3844 1063 3947 1117 dn-

2385 1146 2503 1217 pliei
2535 1151 2893 1205 emolumento
2915 1149 3117 1209 laboris
3143 1151 3413 1216 gaudebo,
3440 1151 3484 1203 si
3510 1151 3577 1204 ab
3606 1161 3833 1218 utroque
3860 1170 3947 1207 ve-

2386 1242 2459 1292 lut
2486 1240 2582 1293 sibi
2625 1242 2764 1291 dicta
2806 1240 3087 1307 accipitur.
3129 1240 3388 1307 Equidem
3442 1241 3680 1304 memini,
3732 1243 3947 1296 domine

2384 1330 2474 1390 mi,
2498 1341 2547 1381 ct
2581 1329 2749 1380 amite
2770 1337 2823 1381 et
2848 1328 3049 1391 Lanzo,
3078 1340 3322 1381 sanctum
3368 1339 3512 1381 tuum
3555 1329 3691 1391 bene
3734 1331 3944 1385 vivendi

2384 1416 2682 1479 fervorem,
2717 1416 2895 1470 multis
2943 1430 3118 1469 meum
3166 1414 3413 1483 precibus
3460 1416 3761 1483 postulasse
3802 1426 3941 1485 tepo«

2386 1522 2517 1567 rem,
2551 1516 2814 1574 quatenus
2863 1506 2975 1560 suis
3020 1520 3145 1559 cum
3190 1504 3608 1559 commonitoriis
3652 1505 3845 1559 litteris
3881 1507 3945 1560 ad

2383 1595 2713 1663 Spiritualem
2753 1597 3071 1649 accenderet
3113 1610 3373 1649 amorem.
3403 1596 3553 1659 Quod
3581 1596 3834 1663 quoniam
3868 1597 3943 1648 in-

722 1698 826 1748 tur,
858 1688 937 1740 sic
986 1688 1529 1756 irreprehensibiliter
1583 1690 1809 1742 amando
1858 1690 2116 1759 exigitur,
2160 1700 2285 1759 ιιηιο
2317 1684 2359 1737 Β
2385 1689 2708 1739 conveniens
2733 1686 3129 1752 existimabam,
3162 1697 3219 1739 ut
3242 1686 3468 1755 frigidus
3492 1686 3723 1740 calidum
3751 1686 3949 1739 calefa-

720 1792 803 1829 me
842 1778 1203 1845 impmlentem
1233 1794 1335 1831 non
1358 1794 1498 1841 esse,
1525 1780 1568 1832 si
1600 1794 1774 1833 memn
1802 1793 1926 1848 erga
1956 1795 2051 1833 vos
2080 1781 2285 1849 aliqua-

720 1875 873 1920 tenus
900 1868 1048 1920 vobis
1068 1869 1293 1921 ostendo
1315 1878 1648 1933 amorem,nt
1672 1878 1903 1923 vestrum
1928 1870 2055 1923 mihi
2085 1872 2281 1939 possim

721 1962 815 2005 aut
836 1956 1135 2021 acquirere,
1165 1967 1256 2007 aut
1283 1957 1603 2024 acquisitum
1636 1958 1859 2011 reddere
1886 1956 2281 2025 perfectiorem.

716 2042 822 2098 Sed
854 2045 1103 2112 quoniam
1130 2056 1349 2113 propter
1385 2048 1543 2100 nimis
1569 2046 1888 2113 disjttnetam
1918 2050 2285 2102 conversatio-

718 2149 839 2193 nem
866 2135 1021 2189 nullis
1043 2145 1132 2189 aut
1154 2138 1448 2205 obsequiis,
1472 2149 1563 2191 aut
1591 2138 1780 2191 saltem
1809 2139 2085 2207 colloquiis
2108 2139 2281 2207 ipsum

716 2223 782 2277 de
805 2224 955 2278 bonis
996 2240 1090 2278 cor
1125 2241 1298 2278 incum
1332 2228 1553 2294 potestis
1594 2228 1888 2297 percipere,
1923 2227 2002 2281 vel
2034 2227 2283 2296 epistola-

717 2315 791 2367 ris
811 2314 1067 2368 salutatio
1094 2316 1163 2369 sit
1194 2317 1344 2370 vobis
1366 2297 1583 2386 signum
1622 2317 1923 2371 dilectionis
1954 2329 2143 2373 vestra:
2174 2332 2285 2372 me-

717 2405 944 2458 moriam
992 2405 1042 2457 in
1094 2420 1179 2458 me
1215 2405 1415 2475 vigere.
1456 2407 1589 2460 Cum
1633 2408 1776 2459 enim
1822 2408 2050 2475 primum
2107 2415 2284 2460 vestra

715 2493 1008 2548 reverenda
1054 2492 1365 2555 fraternitas
1398 2495 1647 2549 oarvitati
1686 2509 1815 2548 meae
1854 2510 1913 2548 se
1946 2505 2127 2548 notam
2159 2494 2285 2550 fecit

2385 1791 2509 1829 ccre
2532 1783 2785 1839 tentaret,
2817 1775 2999 1842 utique
3024 1775 3168 1828 volui
3193 1790 3465 1838 reensare,
3488 1775 3579 1827 scd
3614 1790 3799 1829 rursus
3821 1791 3947 1828 cou-

2385 1865 2630 1919 siderans
2674 1866 2797 1933 quia
2848 1864 3040 1934 frigido
3081 1864 3204 1918 flatu
3254 1863 3467 1919 fervens
3515 1865 3653 1933 ignis
3691 1875 3943 1934 augetur,

2386 1969 2490 2033 non
2522 1954 2743 2007 omnino
2781 1953 2920 2021 quod
2948 1954 3168 2021 petebas
3205 1953 3356 2023 potui
3404 1968 3673 2008 recusare.
3703 1954 3949 2024 Quapro-

2384 2057 2504 2115 pter
2528 2061 2649 2101 cum
2688 2047 2807 2110 hoc,
2836 2048 2975 2113 quod
3001 2062 3032 2099 a
3073 2061 3159 2101 me
3189 2047 3386 2116 poscis,
3424 2044 3620 2113 ubique
3670 2046 3721 2098 in
3776 2046 3950 2099 sacris

2385 2130 2594 2205 paginis
2627 2136 2794 2190 multo
2840 2136 3030 2190 melius
3068 2135 3244 2204 possis
3274 2133 3534 2196 invenire,
3565 2141 3619 2188 et
3654 2141 3947 2187 mansueta:

2384 2228 2633 2295 gravitati
2687 2237 2790 2280 tua:
2836 2225 3017 2289 velim,
3047 2226 3115 2279 ob
3143 2225 3224 2280 sui
3271 2224 3646 2287 reverentiam,
3688 2230 3947 2291 quantum

2386 2316 2438 2369 in
2477 2332 2562 2370 me
2587 2324 2690 2381 est,
2722 2316 2950 2370 libenter
2982 2314 3219 2389 o_bedire,
3262 2315 3341 2368 sic
3366 2313 3509 2367 inter
3545 2323 3837 2381 utrumque
3866 2311 3946 2364 in-

2386 2406 2594 2469 cedam,
2622 2414 2682 2457 ut
2715 2405 2941 2473 primum
2971 2403 3215 2459 studendi
3258 2403 3312 2456 in
3352 2416 3507 2456 sacra
3541 2401 3823 2469 Scriptura
3856 2400 3947 2454 tibi

2386 2509 2572 2549 curam
2625 2493 2926 2565 injungam;
2967 2494 3245 2550 deindein
3294 2508 3410 2548 mea
3456 2507 3682 2563 persona
3728 2505 3838 2547 non
3881 2506 3948 2547 ex

1974 2604 2198 2659 VARI/EI
2232 2603 2625 2659 LECTIONES.

784 2693 806 2725 δ
826 2693 1034 2767 gallum
1066 2696 1405 2767 ctmrdualius
1428 2695 1951 2767 niss._excinplri_ribus
1968 2698 2028 2767 in
2055 2697 2233 2767 eodem
2261 2712 2357 2751 ms.
2388 2695 2521 2750 Vict.
2544 2712 2703 2767 supra
2728 2707 2936 2763 notato,
2969 2706 3018 2751 et
3055 2697 3249 2751 Levavi.
3276 2713 3391 2750 cum
3418 2714 3513 2752 ms.
3562 2706 3688 2754 ηερ.
3728 2696 3833 2750 Βιι.
3861 2698 3941 2753 18.

714 2765 785 2817 ul.
820 2762 933 2819 EE.
971 2765 1053 2818 13.
1125 2765 1146 2794 ⁸
1174 2765 1336 2818 Sootti
1365 2781 1486 2817 mss.
1527 2764 1659 2817 Vict.
1694 2775 1740 2817 et
1781 2764 1909 2818 Lar.
1952 2764 2122 2820 Odoni

1917 2852 2200 2911 JOANMS
2252 2853 2521 2908 PICAHDI
2552 2854 2779 2941 Nom.
3022 2930 3023 2935 χ

714 2943 1096 3000 monasterium
1144 2943 1375 2996 condidit
1418 2943 1474 3011 iu
1528 2942 1838 2996 memoriam
1891 2942 1954 2995 Ι).
2009 2943 2270 3011 Stephani
2300 2952 2340 3006 (ζ
2374 2947 2516 2999 niam
2549 2939 2881 3000 Guilhelmus
2930 2943 3435 3009 Malmesburiensis,
3496 2939 3780 2998 Mattluetis
3817 2945 3946 2999 Par-

712 3014 1139 3084 protomartyris,
1176 3014 1259 3065 cui
1292 3010 1643 3084 Lanfrancum
1672 3012 2009 3084 renitentem,
2042 3017 2134 3065 sed
2160 3023 2273 3084 tan-

715 3078 836 3135 ilem
883 3094 978 3132 sua
1012 3078 1407 3147 procer-unique
1438 3078 1921 3132 Nortlnnannorum
1952 3082 2269 3147 importuni-

719 3162 830 3205 tate
868 3158 1221 3217 expugnatunt
1260 3149 1565 3216 pt':l‘p(lSllil.
1606 3150 1815 3201 Condili
1850 3158 2031 3201 autent
2058 3148 2277 3212 hujusce

713 3220 941 3275 emnohii
968 3233 1157 3270 eansas
1186 3219 1438 3270 cuodahit
1468 3218 1669 3269 notatio
1693 3218 1759 3268 ad
1782 3218 2059 3284 epistolam
2090 3218 2155 3269 l5
2180 3219 2277 3271 hu-

709 3289 799 3356 jus
827 3288 969 3340 libri.
1012 3288 1119 3356 AV’ix
1156 3287 1433 3356 ellluxerat
1463 3287 1771 3356 triennium,
1829 3288 1927 3339 hoc
1965 3294 2048 3339 est
2107 3301 2277 3356 annus

720 3359 876 3420 1067,
907 3354 1162 3407 latiferl).
1195 3354 1433 3407 Maurilio
1484 3354 1987 3421 llothomagcusium
2041 3354 2272 3421 prmsnli,

718 3429 771 3478 in
843 3424 992 3489 cujus
1052 3424 1221 3476 locum
1282 3424 1447 3476 sulliei
1512 3422 1867 3475 Lanl'ranenm
1932 3423 2276 3491 postulabant

718 3493 1089 3553 Nirtlmianui,
1145 3495 1234 3546 sed
1284 3508 1376 3545 eos
1422 3502 1730 3544 constanter
1779 3493 2104 3559 postulantes
2143 3505 2273 3544 con—

716 3566 872 3616 stanti
914 3561 1148 3630 fatigavit
1218 3560 1555 3613 refutatione.
1611 3563 1793 3612 Annus
1840 3561 2050 3630 tandem
2109 3560 2270 3624 1070,

718 3637 975 3687 homiretn
1016 3628 1262 3698 onusque
1291 3630 1421 3681 alias
1460 3630 1525 3681 ab
1555 3644 1620 3681 eo
1650 3630 1902 3697 rejectutn
1952 3628 2131 3695 injecit
2177 3630 2273 3680 ltit-

719 3702 902 3762 nieris,
930 3700 1051 3752 licet
1092 3697 1187 3766 pro
1219 3714 1363 3751 more
1388 3699 1610 3751 firmiter
1658 3697 2022 3766 detrectantis.
2050 3698 2120 3749 [Ca
2149 3713 2274 3766 vero

716 3772 783 3823 de
832 3786 993 3821 causa
1046 3764 1375 3825 Guilhelmus
1417 3767 1707 3833 Anglorum
1763 3781 1849 3818 rex
1880 3767 1929 3817 iu
1956 3764 2274 3819 Northniau-

719 3842 860 3891 niani
910 3839 1127 3889 miserat
1163 3837 1363 3902 legatos
1388 3877 1402 3898 ,
1451 3837 1543 3887 sed
1578 3844 1632 3887 et
1660 3834 2077 3888 llermcufrodus
2101 3836 2272 3887 Sedu-

720 3908 961 3962 neusium
1002 3905 1232 3973 pontifex
1263 3906 1425 3957 redux
1449 3919 1513 3973 ex
1534 3904 1725 3973 Anglia
1764 3905 2021 3973 (inquam
2056 3906 2275 3971 naviga-

717 3986 866 4029 verat
921 3971 1039 4027 cum
1071 3975 1274 4026 duobus
1316 3973 1372 4023 S.
1405 3975 1467 4024 lt.
1502 3971 1564 4024 E.
1587 3971 1946 4026 cardinalibus
1986 3974 2163 4025 missis
2205 3974 2272 4024 ab

716 4045 1022 4098 Alexandro
1062 4057 1195 4109 papa
1224 4051 1278 4093 ttt
1306 4041 1663 4093 Guilhelmum
1694 4041 1921 4093 Notlmm
1954 4042 2156 4108 Anglici
2193 4056 2271 4093 re-

756 4114 805 4166 ni
830 4113 1129 4165 diademate
1183 4111 1534 4171 redimerem,
1569 4110 1617 4162 id
1667 4111 1807 4162 enim
1839 4112 2084 4178 petierat)
2136 4109 2273 4161 Lan-

756 4130 805 4166 nt
830 4130 1129 4165 (llalIClllalC
1183 4130 1534 4171 I'CUIIIICI'CIII,
1569 4130 1617 4162 Ill
1667 4130 1807 4162 CIIII"
1839 4130 2084 4178 pCIICI‘ill)
2136 4130 2273 4161 hilli-

717 4130 907 4236 ςῥηιῆω
942 4179 1274 4233 denuntiavit
1317 4178 1367 4230 iit
1394 4178 1618 4232 concilio
1643 4181 2009 4247 episcoporum
2035 4189 2085 4231 et
2108 4179 2273 4230 abba-

720 4261 832 4304 tum
879 4248 1278 4302 Northntanuim
1328 4248 1636 4313 petitionem
1680 4250 1838 4317 regis,
1890 4248 2150 4314 simulque
2187 4264 2273 4298 vo-

718 4322 978 4373 luntatem
1007 4332 1179 4378 suam,
1209 4324 1263 4367 et
1284 4316 1605 4385 reliquorum
1636 4316 1778 4379 sedis
1804 4319 2108 4385 apostolicze
2133 4316 2274 4383 lega-

718 4400 914 4440 torum.
951 4387 996 4437 ls
1030 4400 1153 4437 vero
1179 4385 1330 4453 petiit
1361 4388 1616 4439 inducias.
1666 4386 2006 4454 Pet-Spectato
2050 4401 2275 4450 namque

717 4468 770 4509 et
804 4457 1157 4508 indubitatum
1192 4456 1426 4517 tenebat,
1457 4456 1613 4508 simul
1663 4457 1736 4509 ire
1760 4472 1863 4508 non
1916 4469 2069 4521 posse
2111 4468 2272 4521 nego-

721 4529 849 4578 tium
911 4523 1318 4589 archiprmsulis,
1374 4535 1425 4576 et
1472 4527 1638 4578 otium
1702 4526 1968 4577 monachi.
2022 4523 2276 4575 Precatur

720 4596 899 4664 regina
920 4608 1037 4642 eum
1059 4593 1163 4664 tilio
1184 4592 1358 4658 ;jubet
1386 4596 1549 4664 abbas
1573 4594 1880 4653 llerluinus,
1915 4594 2032 4664 licet
2056 4594 2270 4655 invitus,

717 4662 801 4715 cui
838 4673 1085 4727 tanquam
1110 4663 1319 4713 Christo
1351 4662 1563 4715 obedire
1607 4664 1790 4716 solitus
1820 4674 1953 4715 et'at.
1985 4663 2273 4721 llot'tautur

717 4734 877 4783 etiam
910 4732 973 4780 ad
1007 4731 1103 4780 hut:
1131 4732 1368 4801 studiose
1411 4734 1616 4786 collecti
1678 4735 1926 4801 majores.
1954 4733 2085 4784 Nam
2138 4732 2272 4784 hanc

718 4809 993 4867 urgentem
1035 4800 1263 4867 undique
1285 4801 1590 4853 violentiam
1618 4800 1910 4855 dictaverat
1964 4800 2269 4852 mandatum

722 4870 900 4936 regis,
954 4867 1168 4919 SCit‘llliS
1231 4871 1633 4923 a‘stimatiouem
1692 4871 2017 4924 dilectissimi
2074 4869 2269 4932 Patris,

726 4954 843 4985 rum
877 4938 942 4988 ad
973 4936 1157 4988 altiora
1209 4939 1542 4993 invitaretur.
1592 4938 1703 4991 Non
1743 4939 1927 4992 :ihnuit
1964 4940 2048 4991 ille
2080 4939 2269 5003 prioci-

722 5006 815 5073 piti
842 5007 1100 5057 sententia
1153 5008 1251 5075 (sic
1277 5024 1432 5060 omne
1470 5013 1659 5061 factum
1698 5019 1749 5061 ct
1772 5010 1969 5061 dictmn
1995 5007 2272 5058 discretio-

721 5076 805 5126 nis
831 5090 1010 5124 norma
1046 5080 1280 5143 regebat)
1323 5079 1699 5141 obedientiam,
1730 5080 1997 5130 offendere
2022 5086 2171 5128 cavet
2200 5077 2271 5127 si-

724 5144 827 5194 mul
866 5153 918 5195 et
946 5152 1117 5197 tantos
1147 5147 1234 5212 qui
1255 5160 1431 5215 rogant
1458 5189 1469 5205 ,
1494 5150 1690 5205 lavent,
1719 5150 2015 5209 hortantur.
2054 5144 2269 5197 Mutslus

722 5226 852 5276 (Ὗμο
885 5223 1031 5264 trans
1060 5230 1202 5267 mare
1226 5229 1533 5268 excusatum
1571 5235 1626 5267 se
1653 5219 1815 5278 vadit,
1846 5216 2269 5281 spurattsjuttun-

723 5281 941 5333 ditatrtn
973 5282 1020 5331 in
1056 5286 1377 5337 reversione.
1431 5289 1693 5335 (ludorum
1724 5288 1912 5336 climax:
1934 5283 2266 5350 dispositioni

721 5367 826 5417 quo
858 5351 1075 5403 consilio
1108 5355 1279 5404 resiin
1328 5357 1517 5421 potetit
1541 5362 1561 5405 '.’
1593 5355 1701 5406 liex
1734 5370 1852 5403 cum
1884 5355 2075 5420 gaudio
2113 5363 2269 5417 atque

723 5436 838 5469 cum
888 5422 1039 5486 digtta
1082 5420 1374 5473 reverentia
1418 5426 1605 5490 tta-epit
1644 5424 1961 5474 Christiana:
2003 5420 2269 5483 religionis

726 5490 1108 5554 l'ltiltijllilll’l‘lll,
1164 5492 1352 5543 devicit
1394 5492 1978 5554 l’t‘illt'lftllltllllIllilt‘ill'c
2032 5504 2270 5555 pugnans

730 5557 1093 5610 huuulitatect
1130 5560 1420 5625 majestate.
1476 5563 1527 5611 in
1575 5566 1881 5626 [illiillilt'uill
1913 5569 2081 5625 gesta,
2140 5575 2268 5623 quo-

2380 3014 2528 3068 kirus
2570 3017 2620 3067 in
2676 3014 3054 3081 Antiquitatib.
3112 3014 3410 3083 ecclesiast.
3459 3014 3703 3083 Britanni.
3736 3022 3792 3067 et
3828 3025 3945 3083 post

2377 3099 2470 3135 eos
2495 3083 2785 3136 cardinalis
2817 3082 3143 3134 Baroniusin
3176 3081 3423 3135 Anualib.
3458 3082 3764 3134 minutatim
3798 3081 3944 3137 eom-

2378 3162 2649 3219 putarunt,
2684 3152 2901 3203 minimc
2930 3151 3159 3219 replico?
3204 3151 3372 3204 Unum
3405 3158 3607 3205 tantum
3632 3160 3685 3205 et
3712 3151 3943 3206 altermn

2378 3221 2818 3289 complicaturus,
2846 3220 3156 3288 deprompta
3210 3234 3276 3289 ex
3316 3220 3431 3287 ejus
3456 3221 3656 3289 gestis,
3687 3219 3742 3271 in
3774 3220 3943 3275 Chro-

2378 3286 2511 3341 nicf
2537 3290 2794 3341 Beccens.
2848 3286 3135 3354 enarratis,
3183 3286 3249 3339 ad
3283 3286 3425 3341 hunc
3450 3286 3685 3341 modum.
3718 3289 3941 3354 Quando

2376 3358 2640 3426 gloriosus
2666 3372 2754 3409 rex
2792 3356 3125 3426 Guilhclmus
3179 3357 3491 3409 morabatur
3520 3357 3584 3426 in,
3608 3356 3938 3426 Nortltmau-

2378 3424 2485 3488 uia,
2515 3426 2844 3478 Lanfrancns
2868 3434 2985 3477 erat
3012 3424 3259 3491 princeps
3279 3433 3333 3477 et
3356 3435 3537 3493 custos
3561 3424 3789 3493 Anglite,
3821 3429 3939 3481 sub-

2370 3494 2529 3561 jectis
2563 3496 2662 3547 sibi
2687 3494 2934 3546 omnibus
2982 3490 3313 3561 principibus
3348 3502 3403 3546 et
3449 3490 3849 3559 juvantrbusin
3880 3497 3938 3549 iis

2376 3580 2493 3631 quae
2516 3564 2580 3616 ad
2630 3562 2993 3615 defensionem
3039 3571 3094 3615 et
3131 3561 3583 3631 dispositionem,
3618 3562 3713 3631 vel,
3754 3578 3936 3631 pacem

2376 3629 2715 3702 pertinebant
2746 3633 2924 3697 regni,
2950 3629 3241 3702 secundum
3273 3629 3414 3699 leges
3456 3629 3934 3702 patrimaLéctioni

2373 3698 2491 3754 erat
2522 3702 2771 3753 assiduus
2797 3707 2993 3753 etante
3022 3698 3406 3766 episcopatum,
3442 3699 3571 3767 etin
3599 3699 3930 3767 episcopatu,

2375 3780 2630 3840 quantum
2659 3776 2885 3840 poterat.
2921 3768 2985 3820 Et
3003 3768 3128 3835 quia
3150 3767 3438 3835 Scriptum
3459 3766 3933 3840 scriptorum’vitio

2372 3835 2530 3893 erant
2567 3835 2789 3890 uiniium
2819 3846 3104 3905 corruptzc,
3144 3849 3332 3889 omnes
3363 3845 3468 3888 Iam
3517 3835 3732 3889 Veteris
3777 3854 3929 3904 quam

2375 3909 2505 3962 Novi
2533 3906 2861 3960 Testamenti
2892 3906 3078 3967 libros,
3109 3919 3207 3957 nec
3237 3920 3341 3957 non
3378 3906 3537 3957 etiam
3562 3906 3768 3972 scripta
3813 3921 3929 3958 san-

2373 3988 2580 4031 ctorum
2612 3976 2826 4029 Patrum
2850 3972 3141 4028 secundum
3165 3972 3519 4027 orthodoxam
3548 3972 3709 4027 ﬁdem
3727 3975 3931 4028 studuit

2373 4047 2646 4113 corrigere
2672 4052 2726 4095 et
2756 4043 2915 4095 etiam
2966 4042 3129 4113 multa
3191 4044 3287 4113 de,
3319 4042 3448 4113 his,
3481 4042 3675 4109 quibus
3734 4045 3931 4096 utimur

2375 4112 2537 4168 nomo
2565 4130 2627 4165 ac
2655 4114 2738 4165 die
2760 4114 2811 4164 in
2842 4112 3062 4166 servitio
3092 4112 3360 4175 Eeclesim,
3388 4112 3453 4163 ad
3498 4125 3727 4179 unguem
3755 4126 3933 4166 emen-

2376 4184 2539 4248 davit,
2567 4192 2619 4235 et
2647 4182 2748 4235 hoc
2770 4196 2873 4235 non
2906 4190 3108 4234 tantum
3128 4195 3220 4248 per
3239 4195 3318 4245 se,
3337 4181 3428 4233 sed
3456 4182 3618 4241 etiam
3646 4194 3747 4247 per
3776 4180 3933 4235 disci.

2378 4252 2527 4321 pulos
2557 4266 2681 4305 suos
2711 4249 2854 4321 fecit.
2886 4251 3151 4321 Quantum
3198 4258 3403 4321 poterat
3448 4258 3821 4321 paupertatem
3856 4264 3932 4321 re-

2378 4319 2580 4375 tinebat
2618 4321 2668 4373 in
2700 4319 2902 4373 vilitate
2936 4319 3166 4383 habitus,
3190 4319 3571 4386 parcimoniam
3609 4325 3799 4373 tenens
3860 4320 3932 4372 in-

2376 4400 2459 4442 ter
2504 4390 2846 4443 multimodas
2878 4388 3125 4451 delicias;
3161 4387 3325 4440 inulta
3362 4400 3590 4454 {quoque
3645 4395 3702 4439 et
3743 4402 3928 4456 magna

2372 4459 2733 4512 offerebantur
2760 4458 2859 4510 sibi
2889 4458 3051 4520 dona,
3087 4472 3203 4524 qua:
3227 4457 3313 4510 ille
3343 4457 3585 4510 hilariter
3618 4457 3929 4525 rogantibus

2373 4543 2450 4591 se,
2483 4528 2565 4579 vel
2598 4526 2956 4595 indigentibus
2988 4526 3278 4595 tribuebat.
3589 4593 3601 4595 _
3628 4558 3661 4595 λ-

2442 4597 2679 4649 Alterum
2715 4592 2871 4660 'quod
2912 4594 3133 4660 promisi
3187 4596 3348 4648 hocce
3376 4600 3462 4648 “est
3507 4607 3536 4646 a
3589 4592 3928 4662 biograpbzeo

2373 4666 2657 4719 Lanfranci
2686 4666 2753 4717 ad
2780 4679 2875 4717 nos
2901 4665 3271 4717 transmissum
3330 4664 3412 4716 his
3440 4677 3661 4730 prorsus
3714 4663 3925 4715 verbis:

2368 4737 2427 4788 In
2455 4738 2682 4802 quadam
2707 4732 2995 4788 festivitate
3027 4733 3091 4784 de
3126 4733 3297 4787 tribus
3320 4731 3588 4802 Magis,rin
3617 4730 3813 4802 quibus
3838 4747 3925 4782 rex

2370 4800 2659 4857 Coronatus
2708 4803 2913 4856 solebat
2972 4811 3152 4855 utere
3207 4802 3434 4862 curiam,
3482 4801 3569 4853 die
3612 4800 3927 4853 festivitatis

2372 4876 2542 4925 sancti
2576 4872 2818 4935 Martini,
2869 4886 2989 4923 cum
3041 4887 3133 4923 rex
3196 4871 3490 4924 diademate
3527 4878 3581 4922 et
3606 4868 3927 4922 indumentis

2373 4943 2637 5009 regalibus
2669 4944 2879 4994 sederet
2908 4942 2973 4991 ad
3003 4955 3262 5003 mensam,
3294 4947 3347 4991 et
3394 4937 3725 4991 Lanfraucus
3767 4934 3919 5009 juxta

2370 5007 2513 5073 cuiu,
2552 5011 2765 5075 quidam
2815 5024 2999 5062 scurra
3043 5008 3227 5060 videns
3254 5022 3431 5075 regem
3461 5022 3590 5060 auro
3616 5016 3670 5058 et
3700 5007 3926 5071 gemmis

2374 5082 2692 5141 radiantem,
2726 5079 2991 5131 exclamat
3024 5078 3074 5129 in
3104 5078 3221 5128 aula
3248 5091 3434 5144 magna
3471 5075 3812 5144 'adulationis
3841 5089 3927 5124 vo-

2372 5165 2432 5201 ce
2463 5166 2474 5200 :
2510 5150 2643 5201 Ecce
2671 5150 2831 5199 Deum
2856 5147 3026 5207 video,
3066 5143 3396 5198 Lanfrancus
3418 5158 3710 5197 conversus
3754 5143 3806 5194 in
3847 5156 3926 5193 rc-

2372 5235 2487 5285 gem
2520 5219 2590 5269 ait
2626 5236 2637 5269 :
2675 5218 2785 5268 Noli
2838 5217 2963 5285 talia
3012 5216 3210 5283 imponi
3241 5215 3372 5285 tibi;
3405 5212 3806 5285 nou_sunt_ha:c
3836 5211 3919 5261 ho-

2375 5280 2549 5349 initiis,
2582 5287 2673 5339 sed
2715 5287 2826 5338 llei.
2859 5283 2993 5337 Jube
3019 5280 3139 5337 cuin
3183 5283 3377 5335 acriter
3422 5280 3710 5339 verberari,
3741 5292 3811 5331 ne
3832 5294 3923 5330 uu—

2371 5372 2527 5422 quam
2555 5356 2675 5407 talia
2711 5356 2901 5408 audeat
2939 5355 3149 5422 iterare.
3198 5351 3345 5415 Quod
3377 5365 3468 5402 rex
3504 5349 3655 5415 juxta
3702 5348 3920 5401 verbum

2370 5421 2513 5476 illius
2533 5427 2648 5475 iieri
2673 5425 2851 5490 jussit.
2877 5424 3003 5489 Qua:
3033 5423 3097 5476 de
3118 5421 3415 5474 Lanl'ranco
3438 5424 3749 5487 supersunt,
3771 5426 3923 5485 apptr

2374 5508 2565 5545 nentur
2592 5495 2679 5545 lilt.
2722 5510 2777 5544 tt.
3654 5504 3657 5511 '

3706 5383 3923 5485 ίῑξιῑδδε
4070 5383 4104 6122 Ι
