4214 6190
697 282 834 340 1067

1226 393 1551 451 EPISTULA
1586 393 1733 450 ill”.

1039 552 1071 577 π
1104 522 1170 561 ιιι)
1210 521 1493 561 noaearuu
1536 496 1842 563 uomenuu.

720 597 856 668 Ejus
903 614 1109 666 preces,
1157 608 1218 651 et;
1252 597 1914 677 Anastasii_connuouuchi
1953 596 2239 651 amicitiam

1359 678 1594 734 requirit.

755 757 984 812 Domino
1000 756 1345 812 dilectissimo
1388 755 1681 810 reverenda
1697 758 1959 811 monacho
1981 756 2238 812 Rouunro
2252 798 2267 824 ,

684 848 851 903 frater
880 847 1164 904 Ausecuns
1193 846 1509 912 Beccensis,
1535 845 1685 919 inter
1722 857 1910 903 sancte
1941 863 2271 904 conversan-

680 947 762 995 tes
785 947 996 993 tantum
1026 939 1301 1000 minimus,
1327 938 1406 991 sic
1432 937 1486 990 in
1526 938 1911 1008 temporalibus
1942 940 2081 995 velle
2106 950 2266 996 teter-

679 1030 928 1094 nitatem,
954 1039 1013 1082 nt
1034 1029 1085 1083 in
1123 1028 1343 1082 aeternis
1371 1027 1506 1083 nolit
1534 1027 2012 1097 temporalitatem.

746 1121 882 1176 Cum
916 1121 1220 1185 considero,
1244 1129 1467 1175 strenue
1492 1121 1652 1177 miles
1688 1123 1804 1190 Dei,
1828 1134 1883 1179 et
1905 1125 2037 1179 mihi
2057 1126 2265 1181 charis—

678 1210 839 1276 sime,
861 1226 983 1265 cum
1015 1208 1299 1265 considero
1329 1210 1436 1265 tua:
1461 1221 1750 1281 provectus
1778 1212 2116 1267 strenuitatis
2147 1213 2190 1245 “
2211 1224 2265 1268 et

675 1317 809 1359 mea:
833 1300 1177 1369 sterilitatem
1203 1302 1434 1369 inertiae,
1449 1304 1534 1358 vix
1552 1318 1843 1375 suggerere
1861 1306 2135 1359 sanctitati
2160 1315 2263 1362 tua:

672 1409 941 1463 pne-sumo
970 1404 1169 1450 mutuae
1217 1395 1779 1450 nostraementionem
1817 1396 2090 1451 amicitias.
2123 1399 2259 1465 Quia

671 1485 817 1540 enim
847 1487 899 1539 in
947 1487 1155 1541 cunctis
1210 1485 1402 1555 tepidae
1445 1487 1567 1540 vita:
1604 1499 1738 1540 mete
1781 1488 2087 1545 actionibus
2127 1490 2261 1544 nihil

668 1586 753 1629 est
779 1577 923 1645 quod
957 1577 1232 1632 beneficiis
1256 1586 1360 1631 tute
1385 1575 1691 1633 dilectionis
1712 1577 2257 1648 possitcompensari,

665 1668 827 1739 313
858 1670 1120 1724 erubesco
1151 1670 1232 1725 vel
1278 1684 1307 1723 a
1342 1677 1394 1724 te
1423 1666 1662 1723 debitum
1693 1668 1853 1723 amici
1897 1670 2147 1739 exigere,
2174 1671 2257 1725 vel

1233 236 1288 336 s.
1331 281 1633 336 ANSELMI
1671 242 2019 338 curem.
2057 280 2373 340 ARCIIIEP.
2415 280 2562 337 ore.
2592 246 2782 339 rans
2822 283 2900 340 ιιι.
2942 316 3012 326 --
3047 286 3420 355 Et’lSTOL/E.

3812 296 3936 357 εἴ)Βὸ

2300 398 2344 453 A
2372 395 2621 451 ctabilius
2642 397 2836 464 anima:
2858 411 2990 451 mea:
3020 397 3253 469 fragrat;
3286 410 3429 455 tante
3450 402 3561 471 ipsa
3583 404 3648 457 ad
3670 405 3784 470 ejus
3804 413 3937 465 ami-

2375 488 2557 544 citiam
2589 498 2642 544 et
2677 490 2924 543 notitiam
2960 492 3245 546 ardentius
3282 492 3488 561 flagrat.
3538 496 3683 561 Quas
3703 496 3835 565 jam,
3873 511 3938 556 ex

2372 596 2480 650 quo
2506 582 2667 637 vitam
2694 579 2809 651 ejus
2834 583 3039 648 audivi,
3068 584 3239 639 habeo
3257 595 3312 637 et
3339 584 3654 653 amplector,
3684 586 3937 655 quantum

2370 682 2608 738 possum;
2624 678 2680 723 et
2700 683 2799 723 oro
2811 678 2931 723 oret
2946 678 3002 723 et
3022 671 3134 739 ipse
3148 688 3356 725 mecum
3369 712 3383 736 ,
3400 682 3458 726 ut
3479 682 3626 727 tanto
3654 676 3806 730 nobis
3828 694 3939 731 ere.

2368 769 2809 830 scant,quantum
2824 760 2875 814 in
2894 761 3002 815 Deo
3020 776 3267 818 crescere
3279 772 3519 832 possunt.
3533 765 3725 829 Ambo,
3740 768 3942 823 charis-

2369 848 2517 915 simi,
2537 848 2731 904 valete.
2757 848 3013 915 Obsecro,
3063 851 3116 904 in
3149 852 3439 923 Babylonia
3472 854 3664 908 sentite
3692 855 3939 922 idipsum,

2368 949 2427 994 ut
2450 940 2503 994 in
2526 939 2859 997 Hierusalem
2877 941 3211 1013 participetis
3232 944 3283 997 in
3311 944 3563 1014 idipsum.
3579 944 3691 1000 Nan
3706 947 3807 1007 hoc
3822 947 3941 1001 dico

2367 1031 2521 1100 quasi
2553 1033 2749 1088 timens
2767 1031 2930 1090 vobis
2952 1032 3240 1103 aliquando
3261 1035 3586 1090 discordiam
3613 1038 3820 1102 venire,
3847 1036 3939 1091 sed

2368 1137 2496 1179 vere
2529 1123 2753 1196 cupiens
2792 1139 2825 1180 a
2866 1125 3015 1181 vobis
3046 1140 3320 1195 nunquam
3372 1128 3713 1183 concordiam
3766 1129 3938 1184 abire.

2928 1233 3261 1290 EPISTOLA
3297 1234 3398 1295 Π..

2855 1338 2933 1379 ΑΒ
2971 1338 3098 1380 GON
3120 1340 3449 1387 θυιριιυιι,

2366 1410 2886 1485 ΕιδὶςίηῙνᾳᾳιιεηίὶιιε
2928 1412 3141 1485 scribat,
3191 1431 3293 1468 non
3333 1424 3504 1485 tamen
3543 1414 3776 1469 oblivisci
3803 1413 3937 1485 ejus,

2572 1483 2641 1533 ad
2669 1498 2818 1550 quem
2856 1489 2984 1534 esset
3016 1481 3340 1551 frequentius
3369 1484 3717 1536 scribendum.

2433 1570 2636 1626 Domuo
2665 1571 2980 1639 reverenda,
3026 1569 3185 1626 fratri
3230 1572 3570 1636 charissimo,
3605 1574 3783 1627 amico
3822 1589 3936 1627 eer-

2361 1663 2593 1730 tissimo,
2624 1665 2822 1720 domno
2851 1660 3163 1731 Gouuucro,
3193 1663 3360 1719 frater
3379 1665 3658 1719 ANSELIUS
3682 1665 3936 1719 salutem.

668 1758 860 1814 saltem
889 1759 1124 1813 amicum
1157 1768 1306 1812 tuum
1338 1758 1630 1813 nominari.
1670 1757 1775 1813 Sed
1808 1774 2017 1825 rursus,
2057 1774 2178 1812 cum
2202 1748 2255 1813 in
2291 1755 2332 1811 Β
2428 1754 2563 1809 Cum
2618 1756 2710 1810 tibi
2754 1772 2998 1827 propono
3048 1756 3307 1819 scribere,
3352 1756 3532 1809 anima
3578 1756 3935 1810 dilectissima

669 1848 907 1913 reditum
930 1849 1118 1919 patriae
1140 1860 1389 1917 supernae
1410 1846 1545 1903 alios
1572 1846 1727 1902 facile
1748 1862 1992 1912 currere,
2020 1862 2105 1903 me
2126 1862 2256 1903 vero

665 1938 905 2009 peccatis
940 1946 996 1993 et
1021 1945 1206 2007 tepore
1235 1946 1517 2007 gravatum
1547 1938 1589 1968 "
1619 1938 1671 1992 in
1702 1936 1888 1993 eadem
1914 1937 1997 1995 via
2026 1937 2114 1989 vix
2144 1951 2260 1991 mo-

668 2028 782 2082 veri
826 2029 1074 2095 intueor,
1122 2042 1317 2096 magna
1364 2028 1692 2083 necessitate
1735 2038 1983 2097 cogente,
2015 2028 2080 2081 ad
2119 2041 2260 2096 pra:-

664 2128 953 2175 currentes
979 2134 1067 2175 me
1102 2133 1170 2182 ex
1220 2119 1412 2174 intimo
1455 2119 1620 2175 corde
1654 2119 1891 2174 clamare
1930 2117 2254 2186 compellor;

665 2226 772 2264 non
804 2219 865 2265 ut
894 2208 1154 2265 velocitas
1184 2224 1371 2263 eorum
1399 2209 1705 2278 praistolata
1739 2208 1964 2273 lentum,
1999 2210 2258 2264 reddatur

663 2301 901 2365 tardior;
948 2300 1043 2355 sed
1084 2309 1141 2354 ut
1188 2299 1416 2353 tarditas
1462 2313 1579 2353 mea
1611 2313 1643 2352 ιι
1688 2292 2033 2353 currentibus
2074 2304 2252 2369 rapta,

661 2390 757 2444 ﬂat
800 2388 1055 2444 velocior.
1089 2387 1430 2458 Quapropter
1469 2402 1590 2442 cum
1634 2389 1909 2445 orationes
1939 2403 2078 2443 mea:
2120 2388 2255 2446 tales

659 2478 791 2545 sint,
830 2486 890 2532 ut
915 2478 997 2532 vel
1030 2477 1162 2531 nihil
1188 2475 1271 2530 vel
1299 2491 1488 2547 parum
1530 2477 1741 2547 prosint
1770 2465 1925 2543 mihi,
1963 2492 2101 2547 quas
2133 2488 2254 2535 tuas

662 2582 784 2624 esse
805 2567 1060 2639 proposui
1092 2564 1290 2622 olIerre
1317 2582 1423 2619 non
1454 2581 1723 2635 prazsumo
1750 2565 1876 2630 tibi;
1908 2568 2003 2622 sed
2036 2582 2249 2636 precor,

660 2666 719 2713 ut
747 2657 962 2712 fervore
989 2666 1201 2710 tuarum
1235 2657 1628 2721 accendantur,
1661 2664 1930 2725 quatenus
1958 2657 2252 2714 ellicaciter

658 2747 790 2802 mihi
820 2747 1030 2816 presint
1054 2745 1099 2778 '°
1122 2756 1178 2802 et
1213 2745 1328 2801 tibi.
1362 2744 1454 2800 Sic
1477 2746 1622 2801 enim
1646 2760 1832 2801 coram
1874 2746 1985 2802 Deo
2016 2747 2131 2803 vult
2154 2763 2252 2805 cor

658 2854 863 2904 meniu,
888 2846 940 2893 ct
968 2838 1047 2893 sic
1078 2837 1146 2892 ad
1190 2836 1359 2892 Deum
1393 2846 1515 2892 orat
1546 2852 1607 2893 os
1636 2852 1812 2893 meum
1843 2856 1856 2892 :
1899 2848 1960 2894 ut
1986 2841 2249 2913 quidquid

658 2934 703 2964 ¹¹
735 2933 996 3002 prodesse
1022 2932 1185 2987 debet
1216 2931 1369 2998 mihi,
1410 2946 1515 2986 non
1550 2932 1725 2988 minus
1757 2935 1926 3004 prosit
1958 2936 2052 2991 tibi
2083 2953 2245 3006 quam

658 3021 809 3075 mihi.
845 3022 953 3091 Age
1000 3036 1154 3091 ergo,
1187 3021 1271 3074 vir
1312 3020 1695 3077 venerabiliter
1725 3023 1974 3079 amabilis
2007 3036 2058 3080 ct
2096 3040 2247 3080 ama-

2360 1843 2553 1899 animze
2598 1860 2764 1911 mezn,
2806 1862 2928 1902 cum
2968 1849 3061 1902 tibi
3096 1858 3348 1917 propono
3388 1847 3659 1911 scribere,
3696 1848 3938 1903 incertus

2357 1949 2476 1987 sum
2508 1934 2649 1988 unde
2676 1936 3017 2005 potissimum
3046 1938 3306 1991 exordiar
3327 1936 3704 1990 allocutionem
3731 1951 3931 1991 meam.

2358 2024 2628 2094 Quidquid
2650 2026 2794 2081 enim
2840 2029 2907 2082 de
2940 2036 2990 2082 te
3016 2029 3214 2091 sentio,
3254 2026 3410 2080 dulce
3438 2036 3493 2080 et
3523 2027 3824 2095 jucundum
3852 2034 3936 2080 est

2357 2113 2502 2169 cordi
2532 2129 2652 2169 meo
2677 2132 2691 2169 :
2720 2116 2979 2186 quidquid
3011 2115 3104 2170 tibi
3129 2126 3276 2185 Opto,
3310 2115 3360 2168 id
3388 2115 3635 2184 estquod
3665 2115 3934 2184 Optimum

2356 2206 2628 2275 excogitat
2666 2221 2818 2261 mens
2843 2222 2984 2263 mea.
3016 2207 3201 2262 Talem
3237 2207 3380 2263 enim
3414 2217 3467 2260 te
3505 2206 3647 2272 vidi,
3692 2216 3751 2261 ut
3798 2223 3935 2277 quo-

2356 2296 2515 2351 modo
2567 2307 2623 2351 tu
2652 2297 2760 2352 scis
2789 2306 2841 2352 te
2869 2298 3163 2367 diligerem;
3200 2298 3361 2352 talem
3410 2305 3461 2351 te
3494 2299 3684 2363 audio,
3712 2308 3767 2351 ut
3799 2313 3934 2368 quo-

2355 2386 2515 2440 modo
2541 2386 2643 2440 scit
2690 2388 2831 2442 Deus
2856 2398 2908 2442 te
2931 2388 3261 2442 desiderem:
3282 2387 3420 2440 unde
3449 2385 3507 2439 lit
3530 2396 3587 2440 ut
3606 2402 3933 2459 quocunque

2356 2483 2411 2527 tu
2444 2475 2629 2541 vadas,
2657 2490 2811 2528 amor
2838 2491 2991 2530 meus
3022 2486 3071 2530 te
3100 2487 3487 2551 prosequatur;
3527 2487 3580 2531 et
3620 2478 3934 2547 ubicunque

2352 2576 2451 2629 ego
2482 2576 2812 2627 remaneant,
2844 2562 3168 2617 desiderium
3204 2578 3381 2617 meum
3424 2572 3476 2617 te
3517 2564 3930 2632 complectatur.

2352 2648 2567 2704 Etcum
2597 2649 2800 2718 rogitas
2832 2663 2918 2703 me
2964 2648 3070 2704 tuis
3106 2650 3344 2714 nuntiis,
3397 2650 3632 2705 hortaris
3686 2666 3774 2707 me
3828 2655 3935 2709 tuis

2351 2739 2578 2805 litteris,
2622 2739 2804 2810 pulsas
2832 2754 2920 2795 me
2961 2740 3067 2795 luis
3106 2740 3294 2813 donis,
3326 2748 3386 2794 ut
3428 2754 3636 2796 memor
3665 2740 3768 2795 sint
3819 2742 3930 2797 tui:

2351 2826 2628 2881 Adliwreat
2665 2827 2847 2896 lingua
2886 2842 3001 2881 mea
3058 2820 3299 2896 [συείωιὸ
3342 2828 3469 2881 meis
3520 2829 3565 2882 si
3609 2846 3713 2882 nou
3752 2830 3935 2883 memi-

2350 2933 2475 2971 nero
2499 2917 2577 2971 tui
2604 2913 2777 2987 (Psal.
2806 2931 3020 2980 cum,
3050 2916 3105 2985 6)
3119 2934 3144 2986 ,ε
3182 2917 3231 2971 si
3263 2932 3367 2972 non
3395 2917 3646 2987 proposui
3681 2916 3932 2972 Gondul-

2348 3003 2460 3059 fum
2488 3006 2540 3060 in
2571 3006 2861 3076 praecipuis
2887 3008 3139 3062 amicitia:
3170 3022 3322 3062 ineie.
3362 3008 3477 3062 Non
3507 3009 3594 3061 hic
3625 3009 3746 3063 dico
3780 3008 3931 3063 Gon-

652 3110 835 3163 mmcr
856 3109 1249 3175 venerabilior;
1282 3119 1467 3165 ροτιηε
1508 3119 1652 3178 οδω,
1679 3111 1805 3167 dum
1836 3112 1961 3169 γίνο
1982 3152 1999 3179 ,
2046 3114 2114 3170 de
2144 3117 2246 3171 hac
2272 3107 2316 3169 ο
2351 3094 2555 3148 dnlfum
2590 3094 2786 3148 laicum
2812 3109 2987 3149 meum
3018 3097 3354 3165 patrem,sed
3382 3096 3708 3152 Gondulfum
3740 3114 3933 3152 mona-

652 3210 839 3255 nostra
874 3199 1180 3268 voluntate,
1203 3208 1258 3255 et
1284 3199 1551 3257 sollicitus
1574 3209 1693 3267 esto
1731 3201 1798 3258 de
1830 3202 2159 3273 perficienda
2186 3206 2241 3259 in

654 3306 760 3357 me,
791 3307 909 3359 quae
940 3298 1030 3346 tua
1075 3291 1204 3359 erit,
1244 3290 1536 3347 eharitate.
1585 3291 1642 3347 Si
1682 3293 1829 3349 enim
1867 3295 2111 3349 oraveris
2144 3311 2244 3365 pro

649 3384 922 3451 proximo,
955 3383 1067 3437 seio
1098 3397 1286 3437 verum
1324 3396 1448 3437 esse
1487 3383 1631 3452 quod
1666 3384 1761 3440 tibi
1803 3384 2158 3453 retribuetur;
2189 3396 2245 3443 et

652 3474 696 3525 si
727 3472 1123 3542 impetraveris,
1155 3473 1291 3527 scito
1318 3480 1465 3526 tuum
1495 3486 1613 3528 esse
1652 3475 1913 3545 quidquid
1957 3475 2089 3530 mihi
2141 3478 2241 3533 tri.

656 3563 870 3616 huetur.
924 3560 1072 3617 ηειοά
1106 3571 1165 3615 ut
1194 3561 1468 3618 efﬁcacius
1498 3563 1732 3627 efficias,
1769 3579 1981 3634 precor,
2015 3568 2243 3625 obsecro

650 3660 711 3703 ut
746 3652 817 3705 illi
864 3661 1052 3706 sancto
1094 3652 1213 3706 viro
1241 3653 1550 3718 Anastasio,
1589 3653 1742 3721 cujus
1776 3640 2118 3710 desiderabili
2152 3673 2242 3712 so-

648 3742 845 3795 cietate
870 3741 1086 3804 frueris,
1112 3756 1196 3795 me
1218 3742 1646 3817 commendando
1671 3751 1930 3812 quantum
1960 3744 2239 3800 absentem

649 3839 829 3900 potes,
877 3839 1062 3885 notum
1092 3831 1135 3861 “
1180 3830 1366 3892 facias,
1416 3838 1569 3884 utet
1624 3831 1771 3884 illum
1813 3831 2046 3885 amicum
2087 3841 2237 3888 tuum

651 3934 860 3974 meemn
893 3919 1284 3983 communices,
1318 3927 1371 3972 et
1402 3934 1487 3973 me
1533 3934 1746 3972 servum
1794 3928 1943 3973 tuum
1988 3935 2109 3974 cum
2151 3922 2239 3977 illo

649 4010 960 4078 participes.
987 4009 1267 4076 Quatenus
1291 4024 1359 4063 ex
1388 4010 1488 4063 hac
1520 4008 1605 4062 die
1642 4008 1768 4063 dum
1800 4009 2033 4064 vivimus
2062 4025 2161 4079 per
2189 4020 2240 4067 te

649 4108 704 4151 et
747 4107 945 4162 tecum,
996 4108 1043 4151 et
1093 4112 1191 4169 ego
1240 4099 1388 4151 illum
1440 4110 1664 4151 venerer
1721 4098 1952 4153 amicum
2007 4097 2237 4153 alterum

652 4186 985 4248 ltobcrtum;
1016 4197 1067 4241 et
1094 4188 1182 4241 ille
1214 4188 1484 4257 possideat
1519 4202 1733 4241 servum
1767 4188 2017 4241 eumdem
2048 4187 2240 4243 Ausel-

647 4294 815 4331 mum.
842 4278 974 4345 Quia
1001 4279 1142 4332 enim
1176 4293 1280 4332 non
1309 4293 1427 4331 sum
1459 4277 1672 4347 dignus,
1699 4294 1805 4333 non
1835 4279 2008 4333 audeo
2030 4289 2233 4349 petere,

648 4370 790 4438 quod
832 4377 1010 4424 tamen
1040 4370 1175 4423 velle
1225 4383 1512 4436 prtesumo,
1548 4380 1607 4422 ut
1640 4384 1738 4440 ego
1769 4368 1919 4439 velut
1960 4370 2097 4424 alter
2129 4370 2236 4425 Ro-

2345 3184 2531 3251 chum,
2557 3194 2800 3239 nostrum
2835 3184 3081 3240 fratrem.
3113 3187 3355 3253 Qualiter
3381 3203 3613 3256 namque
3634 3186 3931 3242 obliviscar

2345 3269 2458 3329 tui?
2506 3276 2556 3331 ls
2600 3276 2746 3330 enim
2791 3276 2881 3345 qui
2955 3278 3103 3331 cordi
3154 3291 3273 3331 meo
3316 3277 3462 3332 velut
3514 3277 3749 3347 sigillum
3788 3291 3928 3332 cera:

2344 3366 2691 3435 imprimitur,
2726 3364 2995 3435 quomodo
3040 3366 3314 3420 ineuioria:
3361 3381 3493 3420 meae
3541 3368 3927 3421 subtrahetur?

2342 3459 2612 3515 Praeterea
2648 3464 2781 3521 cur,’
2805 3457 2945 3511 sicut
2989 3456 3180 3521 audio,
3226 3465 3373 3510 tanto
3416 3468 3650 3511 maerore
3678 3457 3925 3525 quereris

2342 3549 2485 3619 quod
2518 3556 2793 3615 nunquam
2824 3546 3030 3600 litteras
3060 3561 3211 3600 meas
3237 3546 3441 3612 videas,
3472 3556 3524 3602 et
3563 3556 3712 3601 tanto
3738 3562 3926 3602 amore

2342 3640 2542 3710 qumris
2572 3649 2630 3692 ut
2660 3653 2753 3693 eas
2782 3651 2925 3706 saepe
2952 3637 3183 3706 accipias
3203 3676 3217 3701 ,
3261 3652 3384 3691 cum
3430 3652 3601 3691 meam
3641 3640 3925 3693 conscien-

2344 3732 2472 3785 tiam
2508 3740 2683 3784 tecum
2715 3744 2930 3797 semper
2972 3728 3204 3782 habeas?
3243 3728 3317 3781 Te
3344 3728 3541 3797 quippe
3574 3728 3789 3794 silente,
3824 3744 3923 3799 ego

2342 3822 2465 3873 novi
2496 3819 2619 3888 quia
2641 3818 2821 3885 diligis
2850 3834 2965 3882 me;
2992 3826 3046 3871 et
3077 3832 3163 3871 me
3190 3825 3420 3881 tacente,
3450 3826 3504 3869 tu
3529 3818 3628 3870 scis
3649 3823 3775 3887 quia
3804 3832 3921 3870 amo

2341 3918 2389 3961 te
2410 3907 2589 3977 (Jonu.
2616 3920 2731 3973 xxi,
2762 3906 2868 3974 16).
2910 3906 2988 3959 Tu
3019 3905 3150 3959 mihi
3182 3906 3432 3961 conscius
3458 3922 3516 3962 es
3539 3908 3662 3977 quia
3687 3922 3792 3979 ego
3815 3925 3917 3963 non

2341 3997 2525 4052 dubito
2548 3997 2612 4051 de
2639 4005 2722 4060 te;
2755 4004 2807 4050 et
2835 4011 2935 4065 ego
2958 3996 3051 4050 tibi
3082 3997 3236 4051 testis
3257 4012 3374 4051 sum
3402 3999 3527 4067 quia
3562 4009 3615 4053 tu
3645 4010 3833 4055 certus
3862 4016 3923 4055 cs

2340 4087 2563 4141 deme.
2616 4085 2880 4151 Quoniam
2931 4086 3097 4155 igitur
3140 4087 3297 4141 nobis
3345 4097 3651 4144 nostrarum
3708 4092 3916 4146 conscii

2339 4190 2526 4231 sumus
2574 4176 3047 4231 conscientiarium
3066 4240 3079 4249 ,Α
3106 4176 3171 4230 de
3222 4175 3488 4244 invicem,
3550 4180 3650 4233 hoc
3704 4189 3916 4235 tantum

2338 4275 2509 4322 restat
2540 4276 2597 4319 ut
2625 4280 2684 4319 ea
2714 4280 2833 4333 qua:
2861 4279 2986 4334 erga
3028 4279 3127 4318 nos
3174 4274 3299 4319 sunt
3328 4267 3644 4321 mandemus
3676 4270 3743 4321 ad
3782 4269 3918 4323 invi-

2338 4373 2477 4421 cem,
2507 4366 2564 4409 ut
2604 4356 2809 4423 pariter
2852 4354 2933 4409 vel
2973 4354 3331 4426 gaudeamus,
3369 4356 3453 4409 vel
3500 4357 3711 4413 solliciti
3742 4355 3948 4414 simus‘

648 4459 836 4511 bertus
868 4469 991 4511 utar
1039 4458 1227 4511 eodem
1270 4457 1587 4521 Anastasio,
1637 4470 1691 4513 et
1736 4459 1848 4528 ipse
1894 4474 1981 4513 me
2026 4458 2234 4512 fruatur

2341 4464 2434 4519 pro
2462 4448 2707 4502 invicem.
2738 4446 2867 4513 Qua:
2887 4454 3068 4500 autem
3095 4460 3220 4517 erga
3252 4462 3337 4502 me
3360 4448 3490 4512 sint,
3518 4457 3574 4502 ct
3600 4464 3695 4518 pro
3717 4451 3920 4519 quibus

648 4548 802 4615 quasi
858 4546 1031 4601 altero
1078 4544 1359 4599 Roberto:
1402 4545 1554 4614 cujus
1602 4546 1773 4601 bonus
1818 4549 1955 4601 odor
1978 4547 2088 4615 jam
2135 4560 2232 4615 per

648 4638 784 4693 mult
807 4653 849 4689 ιδ
891 4638 1048 4707 hujus
1070 4635 1261 4705 patria:
1290 4637 1528 4689 suaviter
1548 4636 1811 4703 ,dilfusus,
1839 4647 2042 4708 quanto
2084 4638 2229 4693 dele-

2339 4551 2391 4594 te
2419 4538 2577 4594 velim
2624 4551 2834 4591 mecum
2877 4535 3141 4606 gaudere,
3177 4536 3260 4590 vel
3286 4552 3405 4593 esse
3451 4539 3763 4606 sollicitum,
3801 4556 3915 4596 rne-

2338 4634 2440 4687 lius
2481 4631 2656 4688 disces
2695 4643 2790 4699 per
2824 4625 2985 4697 hujus
3020 4629 3291 4685 schedula:
3325 4630 3574 4697 latorem,
3611 4630 3777 4699 quani
3816 4646 3913 4700 per

1928 4748 2158 4802 VARle
2195 4744 2595 4801 LECTIONES.

723 4838 761 4868 ³⁷
812 4837 1018 4893 Collata
1072 4856 1187 4892 rum
1238 4857 1344 4894 uno
1394 4858 1490 4896 ms.
1538 4843 1820 4911 exemplari
1869 4841 1999 4897 Cod.
2075 4841 2209 4896 Vict.
2258 4841 2349 4908 Ei.
2400 4841 2494 4893 20.
2545 4850 2589 4891 et
2639 4836 2833 4911 Lovau.

654 4910 1037 4960 strenuitatem
1069 4926 1167 4962 ms.
1209 4912 1560 4973 charissime,
1606 4902 1726 4966 cum
1766 4912 2051 4967 considero
2086 4923 2189 4966 tua:
2227 4902 2515 4980 provectus
2556 4906 3017 4980 sti~eiuiitalis_p_is.
3063 4902 3187 4980 Lov.

2973 4835 3016 4865 ¹⁶
3061 4833 3389 4903 Cbarissime
3418 4873 3433 4900 ,
3479 4843 3587 4889 tua:
3622 4836 3911 4903 prov‘ectus
3934 4858 3957 4901 ί

3268 4903 3316 4979 ξ’.
3349 4914 3585 4979 tempore
3626 4915 3907 4979 gravatum

648 4992 748 5051 ms.
781 4988 1308 5051 corporegravatum
1335 4997 1432 5033 ms.
1468 4972 1592 5034 Lor.
1628 4992 1867 5049 tempore
1891 4992 2177 5051 gravatum
2230 4972 2297 5011 ’¹⁰
2325 4977 2454 5031 Mihi
2485 4977 2683 5048 prosim
2709 4990 2807 5027 ms.
2835 4974 2963 5028 mihi
2998 4972 3205 5040 prosint
3278 4974 3320 5005 ²¹
3355 4973 3421 5028 Et
3446 4972 3696 5043 quicquid
3719 4989 3819 5027 ms.
3850 4982 3908 5026 ut

649 5044 905 5113 quicquid
980 5044 1249 5103 "‘Postca
1291 5060 1476 5105 notum
1516 5068 1610 5104 ms.
1642 5044 1814 5118 potes,
1858 5044 2068 5115 notum,
2113 5060 2219 5105 etc.

1838 5160 1953 5217 10A
1964 5161 2121 5216 NNIS
2161 5156 2432 5217 PICARDI
2463 5154 2691 5210 NOTAE.

647 5241 1143 5326 nisi‘splendidiixn
1194 5251 1305 5305 suis
1352 5262 1586 5326 ostentat
1639 5254 1993 5326 amatoribus,
2030 5254 2206 5326 scdin

647 5312 819 5390 cauda
842 5312 1119 5390 alligatum
1145 5328 1316 5387 gestat
1364 5321 1735 5390 f6l|lllll,f]ll0i'
1790 5324 1842 5376 in
1890 5312 2048 5388 hujus
2090 5323 2213 5376 vitae

648 5384 756 5436 ﬁne
790 5398 885 5461 per
909 5386 1131 5439 caudam
1149 5384 1407 5461 animalis
1455 5384 1777 5458 postremam
1809 5384 2014 5459 partem
2046 5393 2211 5461 signi-

649 5462 790 5528 eato,
820 5456 1369 5528 decoquetsordidam
1410 5456 1467 5512 et
1520 5462 1715 5513 luteam
1765 5456 2038 5515 humilium
2064 5456 2213 5528 cupi-

652 5523 891 5576 ditatem.
940 5527 1105 5600 l'orro
1156 5528 1241 5600 hic
1300 5531 1776 5600 versusAnselmi
1834 5542 2021 5600 argute
2069 5523 2213 5600 coms

650 5601 835 5661 pactus
856 5603 936 5647 est
963 5609 1028 5648 es
1064 5598 1269 5651 duobus
1302 5598 1655 5653 hemistichiis
1682 5600 1883 5654 lim-atii
1912 5598 1962 5653 et
2004 5599 2212 5668 Virgilii

2320 5248 2615 5303 conversis.
2640 5246 2730 5302 llle
2756 5247 2899 5302 enim
2924 5262 2940 5301 ι
2972 5246 3112 5312 δίει..
3142 5255 3245 5302 sat.
3279 5247 3335 5313 4,
3364 5259 3507 5302 vers.
3538 5245 3607 5299 ει
3628 5286 3644 5308 ,
3670 5245 3784 5301 ait:

2531 5337 2733 5391 Feuum
2759 5339 2907 5391 habet
2944 5338 2998 5390 iu
3039 5354 3220 5390 cornu.

2322 5430 2417 5485 llic
2450 5440 2649 5493 autem,
2693 5430 2887 5499 Ecloga
2915 5446 2989 5496 Ix,
3016 5444 3153 5483 vers.
3180 5429 3269 5494 Ἡ,
3299 5430 3373 5483 ait
3401 5448 3412 5482 :

2501 5518 2787 5573 Occursare
2816 5533 3004 5586 capro,
3040 5535 3195 5573 cornu
3232 5518 3349 5586 [erit
3378 5518 3482 5584 ille,
3523 5528 3717 5572 careto.
