4214 6202
335 365 475 420 1069

1679 359 1805 414 Lm.
1857 358 1895 422 l,
1917 344 2146 426 ιειιιετ.
2192 351 2277 407 vi.

3439 354 3573 411 ιθῖιι

334 473 572 547 epistola:
615 474 951 543 scriptorem.
994 472 1175 525 Saluta
1216 469 1491 523 dominum
1532 468 1893 524 LanfranCmn
1929 476 1969 528 Α
1999 466 2374 549 obtemperare
2408 467 2471 519 ‘9.
2523 467 2767 537 Denique
2809 466 3067 536 quoniam
3126 468 3342 535 utrique
3395 467 3573 535 plures

331 574 575 643 juvenem
617 579 863 636 nepotem
896 564 1175 620 reverendi
1213 562 1413 616 domini
1450 573 1504 615 et
1530 562 1703 616 Patris
1733 560 1901 614 nostri

332 658 619 714 Lanfranci
660 655 1085 725 archiepiscopi,
1132 661 1188 707 et
1230 650 1369 728 potl'er
1400 650 1479 705 eis
1521 650 1693 705 fidelis
1734 647 1900 701 nosari

330 752 539 805 servitii
569 734 923 801 voluntatem.
955 745 1219 810 Quoniam
1251 743 1393 819 enim
1429 752 1535 797 tam
1568 741 1902 811 propinquus

330 852 386 894 et
425 839 656 893 dilectus
694 848 778 893 est
808 838 924 905 ejus
967 850 1125 911 quem
1167 833 1246 887 sic
1291 833 1520 887 amando
1561 844 1815 895 veneror,
1849 839 1903 880 et

329 930 637 987 venerando
663 940 804 983 amo.
837 933 894 977 ut
922 928 1094 977 amem
1118 925 1260 991 quod
1288 932 1434 976 amat
1458 963 1473 987 ,
1503 931 1557 976 ct
1578 920 1700 988 quia
1725 934 1901 972 mores

328 1020 446 1086 ejus
474 1016 731 1071 amabiles
776 1014 934 1069 audio
982 1032 995 1065 :
1042 1013 1086 1067 si
1133 1014 1382 1082 dignatur
1413 1021 1468 1065 et
1505 1013 1549 1063 ei
1585 1009 1895 1063 fidelitatem

329 1119 572 1162 nostram
601 1105 797 1170 offero,
836 1116 890 1159 et
918 1102 1031 1175 ejus
1052 1104 1345 1157 amicitiam
1370 1101 1675 1171 expostulo.
1711 1100 1895 1154 Saluta

327 1201 580 1251 domuum
605 1196 901 1250 Osbcrnum
925 1197 1015 1267 qui
1041 1196 1313 1251 vobiscum
1339 1182 1442 1259 est,
1475 1195 1616 1249 sicut
1644 1194 1894 1248 dilectum

325 1288 547 1341 fratrem
577 1297 814 1341 nostrum
846 1304 943 1356 pro
980 1288 1224 1343 Osberno
1259 1288 1512 1341 defuncto
1537 1285 1889 1341 dilectissimo

324 1394 468 1441 meo,
498 1388 554 1430 ut
582 1393 763 1447 rogem
796 1387 848 1431 te
880 1387 935 1433 et
957 1393 1146 1433 omnes
1169 1379 1375 1432 amicos
1402 1390 1573 1441 meos,
1599 1392 1758 1445 quam
1785 1377 1896 1431 scio

323 1482 572 1521 Sermone
610 1467 834 1529 minori,
875 1477 930 1519 et
970 1481 1132 1535 quam
1180 1458 1399 1533 possum
1448 1464 1641 1519 affectu
1683 1464 1891 1534 majori,

324 1556 629 1625 ubicunque
657 1553 927 1609 Osbernus
956 1564 1055 1615 est,
1086 1556 1264 1610 anima
1288 1554 1405 1623 ejus
1430 1555 1610 1607 anima
1644 1570 1760 1609 mea
1788 1565 1891 1609 est.

325 1645 597 1713 Accipiam
630 1644 789 1713 igitur
832 1644 883 1696 in
928 1642 1019 1696 illo
1060 1644 1214 1697 vivus
1255 1643 1515 1712 quidquid
1544 1645 1612 1698 ab
1658 1644 1891 1699 amicitia

322 1746 562 1803 poteram
614 1748 831 1802 sperare
878 1734 1190 1796 defunctus,
1231 1743 1290 1786 ut
1330 1733 1440 1788 sint
1476 1733 1633 1788 otiosi
1676 1750 1761 1788 me
1796 1736 1891 1789 de-

2008 566 2322 627 praesentes,
2345 572 2480 627 quos
2500 557 2567 611 ab
2590 559 2656 613 iis
2680 559 2856 613 dilecti
2875 562 3075 627 pariter
3098 558 3262 632 314
3284 558 3575 628 diligimus.

2008 646 2301 713 habemus;
2330 646 2463 716 ipsis
2496 662 2617 698 cmn
2660 646 2967 699 rationabili
3002 648 3355 703 delectatione
3396 648 3577 701 fruen-

2006 746 2108 801 tes,
2149 738 2350 792 eisdem
2391 754 2495 791 non
2536 752 2665 789 cum
2711 735 3013 790 delectabili
3064 738 3272 792 ratione
3322 737 3577 793 fruendos

2004 837 2253 894 aptemus
2298 843 2313 881 :
2368 838 2423 882 et
2474 838 2532 881 ut
2577 829 2899 896 quandoque
2945 842 3066 881 cum
3115 829 3465 895 pnnsentibns
3520 842 3575 882 et

2004 917 2317 971 absentibus
2340 919 2531 973 amicis
2556 918 2717 973 simul
2745 927 3040 993 pnesentes
3076 919 3192 986 ipso
3218 917 3327 972 Deo
3360 920 3569 973 eunfrni

1960 1005 2302 1081 ‘possimqs,
2354 1006 2617 1063 instanter
2664 1024 2901 1063 oremus.
2947 1008 3081 1063 Cum
3140 1007 3285 1061 enim
3339 1022 3573 1077 superna

2001 1094 2231 1148 ducente
2252 1095 2533 1149 clementia
2564 1099 2628 1151 ad
2660 1098 2910 1167 patriam,
2939 1098 3005 1152 ad
3036 1114 3199 1168 quam
3230 1099 3575 1161 anhelaums,

2002 1184 2164 1238 veluti
2198 1201 2303 1238 non
2337 1187 2525 1240 eodem
2560 1189 2770 1241 tramite
2796 1189 3195 1257 perveniemus,
3233 1206 3297 1243 eo
3344 1190 3575 1250 laetiores

1909 1288 1911 1290 ·
1998 1294 2105 1344 quo
2131 1276 2285 1346 quasi
2312 1292 2377 1331 ex
2408 1278 2638 1333 diversis
2664 1280 2869 1334 ersiliis
2898 1282 3134 1335 revocati
3160 1280 3569 1337 conveniemus.

1996 1365 2115 1421 Non
2142 1367 2221 1422 sic
2272 1367 2459 1422 hortor
2503 1368 2853 1423 serenitatem
2902 1377 3068 1435 tuam,
3118 1373 3475 1436 charissime,
3508 1373 3574 1426 tl-

1995 1458 2193 1512 mendo
2220 1459 2363 1527 quod
2392 1459 2464 1512 ita
2501 1474 2603 1512 non
2633 1458 2832 1524 facias,
2875 1460 2968 1512 sed
3002 1461 3267 1528 cupiendo
3307 1472 3579 1530 quatenus

1994 1550 2062 1603 ad
2093 1549 2145 1603 id
2173 1549 2317 1619 quod
2349 1551 2484 1605 bene
2508 1551 2663 1613 facis,
2696 1550 3069 1606 indefieienter
3096 1553 3366 1620 proﬁcias.
3415 1554 3573 1611 Com-

1999 1640 2193 1693 mendo
2226 1641 2320 1695 tibi
2348 1641 2603 1695 domnmn
2633 1640 2946 1696 llerluimnn
2982 1642 3238 1697 dilectum
3263 1652 3322 1698 et
3349 1643 3573 1705 dilecto-

1996 1742 2109 1781 rem
2137 1738 2405 1793 nOstrum,
2430 1730 2572 1783 sicut
2596 1745 2660 1783 ex
2686 1728 2801 1796 ejus
2822 1732 3237 1785 conversatione
3258 1746 3572 1805 cognosces.

321 1827 526 1879 functo.
561 1825 887 1887 V'ale,~vale,
934 1824 1004 1878 mi
1033 1825 1381 1890 ebarissime,
1422 1834 1477 1879 et
1505 1834 1561 1878 ut
1596 1828 1889 1879 secundum
1925 1810 1967 1864 Β
1995 1820 2087 1888 qui
2136 1820 2332 1876 melius
2381 1820 2477 1874 libi
2508 1836 2629 1888 quae
2666 1821 2775 1874 Sim
2819 1835 2943 1891 erga
2984 1836 3094 1885 me.
3128 1833 3184 1877 el
3232 1839 3328 1892 pro
3378 1824 3575 1893 Quibus

320 1914 781 1981 importmiitatem
817 1922 960 1965 tuam
993 1913 1285 1967 retribuam
1314 1912 1432 1977 tibi,
1463 1927 1650 1982 precor
1691 1924 1745 1967 et
1773 1931 1892 1983 pre-

319 2020 435 2066 cor,
486 2015 541 2056 et
594 2019 805 2072 precor,
851 2011 1119 2059 memento
1173 2003 1306 2067 mei,
1344 2012 1505 2058 etne
1559 2003 1896 2057 obliviscaris

317 2093 511 2147 anima:
534 2093 761 2147 Osbertli
796 2096 974 2149 dilecti
1008 2095 1132 2148 mei.
1179 2095 1331 2161 Quod
1366 2094 1411 2149 si
1441 2104 1490 2149 te
1528 2095 1691 2148 nimis
1714 2095 1895 2149 videor

316 2200 566 2248 interare,
598 2187 701 2240 mei
730 2186 1068 2251 obliviscere,
1095 2196 1150 2241 et
1174 2186 1318 2241 illius
1346 2201 1663 2241 memorare.
1689 2185 1895 2240 Damno

316 2276 550 2330 lletirieo
596 2279 723 2331 misi
752 2278 987 2331 alteram
1034 2276 1353 2345 epistolam;
1405 2262 1498 2331 Sed
1551 2276 1895 2330 commutatis

317 2368 515 2419 vestris
547 2368 853 2422 nominibus
882 2382 978 2436 per
1007 2368 1207 2431 omnia,
1251 2379 1306 2422 et
1337 2377 1427 2421 tua
1452 2367 1524 2421 sit
1556 2383 1675 2434 sua,
1708 2376 1763 2422 et
1791 2382 1890 2421 sua

314 2459 386 2509 sit
414 2466 523 2509 tua.

852 2546 1185 2601 EPISTOLA
1222 2545 1266 2601 ν
1295 2548 1359 2601 ⁸³.

906 2673 973 2709 ΑΙ)
997 2673 1288 2712 ιιεδιιιεωι.

312 2764 381 2820 Se
416 2764 695 2819 llenricum
737 2767 1015 2832 impensius
1051 2783 1229 2820 amare
1272 2778 1482 2835 propter
1519 2769 1680 2821 bona;
1711 2783 1884 2820 more:

382 2846 430 2888 et
464 2837 757 2903 religiosam
788 2839 1256 2889 corroersetiauem:
1278 2847 1326 2888 et
1354 2838 1493 2905 quod
1524 2839 1679 2890 amici
1706 2837 1889 2895 absen-

378 2907 458 2956 tia
483 2921 575 2973 per
596 2906 939 2957 obedientiam
968 2905 1272 2958 sustinenda
1298 2917 1395 2958 est.

387 2996 611 3050 Domino
640 3008 692 3050 ct
736 2998 889 3052 fratri
914 2996 1236 3053 cbarissimo
1277 2996 1537 3063 llssmco,
1561 2997 1744 3069 frater
1771 2998 1883 3053 Λιι-

308 3101 511 3140 setanus
538 3072 800 3140 salutem.

383 3178 628 3242 Quanto,
662 3176 1042 3241 dilectissime,
1071 3176 1536 3232 conversationem
1576 3185 1723 3232 tuam
1754 3192 1882 3248 erga

309 3280 534 3321 cmietos
564 3269 607 3299 ³⁸
630 3268 695 3321 ad
724 3284 931 3327 morum
960 3269 1298 3324 honestatem
1324 3284 1444 3323 cum
1469 3268 1726 3340 religione
1753 3283 1882 3322 san-

306 3359 516 3413 ctitatis
554 3359 608 3413 in
639 3360 754 3413 dies
793 3374 1041 3415 crescere
1085 3359 1217 3415 mihi
1248 3359 1391 3413 fama
1420 3367 1650 3412 testatur
1682 3376 1697 3412 :
1734 3369 1883 3414 tanto

308 3450 496 3517 utique
523 3463 617 3502 cor
640 3449 799 3503 amici
840 3450 913 3502 tui
943 3440 1210 3504 desiderio
1242 3449 1453 3502 videndi
1485 3449 1627 3519 quod
1654 3450 1883 3503 amando

307 3538 478 3601 audit,
506 3545 561 3590 et
590 3536 797 3591 fruendi
825 3537 869 3567 ’⁸
897 3539 1039 3607 quod
1076 3538 1346 3592 audiendo
1383 3546 1553 3604 amat,
1584 3537 1884 3593 inﬂannna-

308 3637 418 3681 tur.
448 3629 710 3696 Quoniam
744 3639 923 3684 autem
972 3644 1068 3685 nos
1106 3631 1178 3684 ad
1228 3629 1458 3685 invicem
1498 3646 1603 3684 non
1642 3630 1879 3683 dissimi-

299 3718 431 3772 liter
460 3719 630 3771 amari
665 3734 771 3772 non
797 3720 1039 3788 ambigo,
1079 3729 1289 3775 nosmet
1310 3736 1524 3790 quoque
1552 3720 1619 3773 ab
1650 3720 1879 3773 invicem

308 3808 559 3862 similiter
584 3808 879 3862 desiderari
910 3825 1012 3861 non
1044 3808 1245 3861 dubito.
1290 3809 1522 3872 Quorum
1552 3806 1694 3861 enim
1725 3822 1876 3859 tuen-

309 3909 389 3953 tes
415 3898 467 3951 in
499 3914 658 3951 unam
707 3898 845 3966 ignis
874 3897 1172 3950 dilectionis
1195 3896 1240 3926 ³⁸
1263 3895 1478 3961 eonfiat,
1514 3895 1597 3950 his
1632 3911 1736 3949 non
1779 3895 1878 3950 im-

309 3990 501 4041 merito
529 3988 807 4040 tnulestttm
831 3998 932 4051 est,
956 3987 998 4041 si
1021 4002 1205 4040 eorum
1228 4003 1454 4056 corpora
1483 3986 1632 4041 locus
1656 4004 1878 4042 conver-

305 4078 532 4132 sationis
561 4077 850 4145 disjungat.
908 4077 1009 4153 Sed
1059 4080 1311 4145 quoniam
1355 4079 1459 4131 sive
1487 4078 1727 4143 vivimus,
1772 4079 1875 4132 sive

304 4168 578 4230 morimur,
598 4183 702 4219 non
723 4166 887 4221 nostri
901 4208 914 4231 ,
928 4170 1020 4222 sed
1048 4167 1255 4221 Domini
1275 4184 1453 4221 sumus
1470 4167 1651 4237 (Rom.
1668 4183 1776 4233 xw,
1794 4168 1870 4236 8),

304 4256 423 4326 plus
468 4266 549 4311 est
595 4258 974 4312 attendendum
1027 4258 1212 4319 nobis,
1255 4258 1395 4328 quod
1436 4257 1568 4311 facit
1608 4258 1673 4312 de
1720 4258 1873 4312 nobis

305 4346 563 4399 Dominus
594 4349 743 4414 cujus
772 4363 977 4411 sumus,
1008 4363 1167 4416 quam
1196 4350 1336 4417 quod
1363 4364 1460 4403 uos
1491 4347 1757 4416 voluntas,
1781 4348 1870 4419 qui

304 4438 477 4491 nostri
526 4448 631 4493 non
676 4454 884 4492 smnus.
937 4438 1027 4494 Sic
1071 4454 1200 4508 ergo
1245 4453 1523 4495 servemus
1543 4439 1871 4494 desiderium

305 4526 559 4581 frateer
596 4527 911 4592 cbaritatis,
946 4538 1003 4583 ut
1033 4529 1334 4584 serviamus
1376 4529 1599 4599 imperio
1628 4544 1872 4599 superna:

304 4616 632 4682 voluntatis,
680 4629 736 4671 et
765 4618 842 4671 sic
881 4618 1236 4673 exbibeamus
1286 4619 1645 4674 obedientiam
1690 4619 1871 4689 subje-

300 4706 520 4771 ctionis,
545 4723 702 4775 quam
733 4708 901 4777 exigit
928 4709 1270 4776 omnipotens
1296 4710 1576 4778 dispositio
1595 4750 1611 4774 ,
1644 4719 1700 4764 ut
1740 4711 1871 4765 reii-

302 4811 530 4850 ﬂeamus
560 4794 805 4849 affecturi:
836 4797 1169 4863 dilectionis,
1211 4815 1371 4866 quam
1421 4797 1648 4869 largitur
1688 4800 1867 4853 divina

305 4886 632 4939 distributio.
659 4887 771 4940 Non
804 4889 945 4941 enim
988 4889 1179 4943 melius
1212 4889 1302 4944 Dei
1338 4892 1731 4947 ordinationem
1775 4910 1865 4947 uo-

304 4986 431 5030 strac
460 4976 675 5029 utilitati
707 4979 748 5010 ³⁷
775 4978 1069 5033 valebimus
1093 4990 1521 5049 contemperare,
1548 4999 1710 5051 quam
1734 4984 1778 5037 si
1812 4985 1862 5037 in

305 5076 487 5118 nostra
552 5067 902 5134 dispositione
949 5070 993 5100 ’⁸
1044 5070 1159 5139 ejus
1214 5069 1472 5126 voluntati
1532 5072 1866 5128 voluerimus

1995 1916 2143 1963 tuam
2175 1924 2355 1977 rogem
2393 1908 2766 1973 dilectionem,
2788 1921 2997 1987 poterit
3037 1912 3246 1979 dicere,
3280 1930 3441 1982 quam
3472 1931 3572 1984 ego

1993 1996 2267 2066 cpistolari
2295 1999 2576 2053 brevitate.
2606 1998 2860 2065 Litteras,
2886 2018 3021 2072 quas
3076 2004 3274 2059 domno
3302 2004 3573 2061 Gondulfo

1996 2087 2142 2153 misi,
2174 2096 2383 2142 mutato
2407 2090 2648 2155 nomine,
2681 2098 2801 2145 tuas
2828 2101 2884 2146 et
2912 2101 3029 2148 tuas
3057 2093 3201 2147 illius
3228 2104 3375 2163 puta.
3406 2094 3571 2161 Quid-

1998 2178 2127 2247 quid
2159 2180 2303 2233 euim
2334 2180 2554 2235 dilectio
2584 2190 2771 2236 nostra
2812 2193 2905 2237 aut
2950 2198 3070 2237 sese
3114 2184 3437 2249 intimando,
3477 2199 3573 2241 aut

1996 2271 2199 2340 aliquid
2234 2273 2471 2342 rogando
2498 2272 2687 2328 scribit
2726 2283 2821 2327 aut
2849 2276 2973 2341 tibi,
3001 2286 3095 2330 aut
3128 2275 3227 2341 illi,
3263 2276 3365 2330 hoc
3390 2275 3571 2345 ipsum

1993 2362 2123 2415 dicit
2162 2370 2217 2415 et
2265 2361 2359 2415 tibi
2405 2368 2461 2415 et
2502 2361 2606 2427 illi;
2654 2363 2747 2418 sed
2786 2364 3041 2432 quoniam
3085 2380 3184 2435 pro
3222 2364 3570 2423 dilectissimo

1992 2451 2122 2506 mihi
2168 2452 2347 2505 anima
2407 2450 2637 2508 Osberni
2683 2454 2922 2527 defuncti
2972 2455 3162 2511 fratris
3211 2458 3415 2522 nostri,
3467 2472 3572 2515 uce

1990 2540 2369 2607 Deum’orare,
2402 2557 2502 2598 nec
2531 2543 2778 2599 homines
2804 2560 2995 2614 rogare
3021 2546 3238 2616 possum
3270 2549 3412 2619 quod
3435 2548 3566 2607 mihi

1989 2628 2250 2692 sufﬁciat;
2295 2628 2490 2684 iterum
2521 2630 2733 2686 inculco
2770 2631 2864 2687 tibi
2912 2634 3037 2702 quia
3075 2636 3336 2705 quidquid
3369 2639 3569 2708 domito

1987 2716 2259 2772 Gondulfo
2306 2734 2407 2786 pro
2452 2734 2514 2773 ea
2561 2719 2772 2787 scribo,
2830 2721 2925 2777 tibi
2976 2722 3116 2778 dico.
3162 2725 3376 2781 Salutat
3409 2735 3462 2781 te
3512 2737 3567 2783 et

1988 2807 2244 2862 domuum
2276 2806 2604 2868 Gondulfum
2636 2809 2866 2865 domnus
2902 2811 3072 2868 abbas
3097 2823 3152 2867 et
3190 2823 3302 2868 tota
3338 2815 3567 2872 fratrum

1986 2907 2299 2952 nostrorum
2329 2900 2701 2969 congregatio,
2726 2901 2931 2968 gratias
2954 2919 3177 2973 magnas
3205 2914 3431 2976 agentes
3469 2922 3569 2976 pro

1986 2988 2185 3043 vestris
2209 2988 2385 3056 donis,
2414 2990 2505 3044 sed
2538 2990 2706 3044 multo
2730 2990 2967 3059 majores
2988 3008 3087 3062 pro
3108 2995 3350 3049 moribus
3375 2997 3565 3052 vestris

1988 3086 2045 3132 et
2072 3078 2266 3133 studiis
2291 3079 2467 3134 bouis.
2500 3078 2650 3146 Vale,
2681 3091 2736 3136 et
2778 3082 3017 3137 animam
3068 3084 3300 3141 Osberni
3333 3086 3564 3143 alterum

1987 3182 2189 3236 meam,
2217 3184 2325 3225 non
2354 3177 2413 3225 ut
2441 3168 2578 3239 ejus,
2608 3173 2703 3227 sed
2741 3182 2801 3255 ut
2832 3189 3008 3229 meam
3045 3174 3205 3230 habe.

2503 3282 2838 3342 EPISTOLA
2872 3284 2940 3343 Vl
2970 3287 3041 3343 ³⁸.

2557 3391 2627 3429 Αἰ)
2660 3391 2907 3432 ιιυςοοκειι
2918 3419 2931 3433 .

1985 3462 2012 3515 I
2024 3463 2214 3518 nstruit
2258 3463 2630 3541 Hugonem_ut
2667 3467 2996 3541 pratlatirsui
3031 3468 3146 3541 licet
3184 3470 3562 3541 indisciplinatl

2260 3549 2391 3588 onus
2424 3536 2703 3600 sustineat,
2735 3551 2827 3589 uec
2846 3540 2910 3589 ab
2941 3554 3001 3590 eo
3030 3538 3283 3592 discedat.

2058 3638 2282 3694 Domino
2320 3640 2513 3695 merito
2563 3642 2869 3717 sanctitatis
2924 3646 3257 3711 reverendu,
3300 3655 3361 3701 et
3408 3645 3562 3701 fratri

1983 3726 2165 3780 debito
2196 3725 2481 3781 charitatis
2519 3728 2790 3796 diligendo
2826 3729 3033 3786 llucom
3084 3732 3255 3787 frater
3280 3733 3561 3791 Anssuus

1980 3812 2031 3865 in
2065 3812 2166 3866 bac
2191 3814 2298 3866 vita
2324 3822 2510 3867 sancte
2540 3815 2719 3869 vivere
2744 3832 2864 3870 eum
2891 3823 3271 3889 prosperitate,
3302 3824 3355 3878 in
3375 3823 3558 3883 fuwra

1980 3899 2210 3957 feliciter
2239 3915 2362 3955 cum
2391 3903 2712 3958 aeternitate.

2046 3991 2269 4047 Litteris
2319 4003 2526 4055 vestrm
2555 3993 2904 4051 beatitudinis
2939 3998 3181 4054 breviter
3228 4005 3552 4070 respondeo,

1976 4084 2104 4151 quia
2135 4083 2187 4137 in
2218 4074 2468 4151 prmscnti
2497 4088 2949 4154 eppot'tunitatem
2983 4092 3147 4144 multa
3178 4094 3412 4150 dictandi
3446 4111 3551 4150 non

1978 4176 2170 4229 habeo.
2205 4174 2261 4229 Si
2298 4192 2420 4230 cum
2451 4192 2517 4231 eo
2556 4194 2678 4231 cum
2708 4195 2814 4247 quo
2847 4181 2997 4235 vobis
3027 4199 3114 4238 res
3143 4194 3225 4239 est
3250 4200 3386 4239 onus
3423 4203 3551 4242 con-

1976 4264 2215 4318 corditer
2244 4265 2386 4318 ferre
2415 4282 2521 4319 non
2549 4270 2805 4335 potestis,
2835 4269 3104 4327 salubrius
3140 4275 3405 4330 ambobus
3444 4290 3547 4341 est,

1976 4364 2037 4407 ut
2063 4370 2157 4409 vos
2187 4353 2458 4409 humiliter
2477 4355 2545 4410 ab
2573 4373 2639 4411 eo
2669 4358 2935 4426 postulata
2959 4369 3014 4415 et
3032 4376 3292 4418 concessa
3321 4364 3546 4421 licentia

1904 4462 1950 4521 ο
1977 4445 2046 4498 ab
2072 4444 2238 4515 ipsius
2267 4446 2451 4500 oneris
2496 4446 2861 4503 sollicitudine
2893 4451 3207 4516 ouiescatis,
3242 4468 3402 4521 quam
3446 4454 3549 4512 sub

1978 4536 2096 4605 ipso
2143 4536 2377 4604 pondere
2426 4537 2802 4593 discordantes
2842 4538 3113 4603 invicem,
3172 4557 3267 4597 vos
3313 4544 3550 4614 graviter

1978 4616 2202 4681 laedatis.
2242 4627 2391 4692 Quod
2426 4629 2469 4681 si
2498 4628 2611 4696 ipse
2636 4629 2789 4684 vobis
2824 4645 2931 4683 non
2975 4633 3327 4697 concesserit,
3362 4635 3549 4691 anetina

1976 4728 2060 4773 est
2099 4719 2251 4772 vobis
2287 4734 2423 4793 opus
2469 4718 2629 4774 etiam
2682 4720 2945 4775 inutiliter
2992 4723 3257 4778 sustinete
3288 4741 3385 4793 per
3420 4728 3546 4781 obe-

1973 4809 2264 4873 dientiam,
2302 4792 2462 4877 quam
2520 4810 2783 4878 projicere
2837 4811 3180 4880 impatienter
3228 4792 3325 4883 per
3360 4817 3545 4872 inube-

1974 4898 2251 4953 dientiam.
2306 4897 2370 4953 Et
2413 4900 2459 4953 si
2504 4901 2710 4968 experti
2754 4900 2886 4954 estis
2916 4900 3042 4967 quia
3094 4904 3322 4957 consilio
3361 4915 3541 4959 Vt'Sll'ﬂ

1975 5003 2079 5042 non
2109 4986 2414 5056 corrigitur,
2453 4986 2547 5042 sed
2586 4988 2824 5051 lmditur,
2860 4991 3049 5043 melius
3078 4994 3241 5044 etiam
3273 5004 3327 5045 ut
3354 4994 3541 5047 obmu-

1973 5077 2227 5133 tesceudo
2256 5087 2311 5132 et
2359 5078 2569 5131 silendo
2614 5094 2645 5131 a
2693 5078 2848 5133 bonis
2893 5096 3015 5133 cum
3053 5080 3321 5150 l‘ropheta
3364 5082 3535 5153 μἐαι.

1602 5227 1837 5282 VARI/15
1873 5227 2273 5285 LECTIONES.

376 5337 421 5367 ³³
445 5335 805 5417 Conamen":
827 5342 1032 5417 duobus
1062 5359 1160 5396 ms.
1206 5342 1586 5417 exemplaribus
1630 5349 1786 5402 unius
1832 5350 2040 5403 Codicis
2091 5350 2220 5402 Vict.
2250 5366 2410 5417 supra
2440 5353 2653 5404 notatis.

1675 5416 1721 5447 “
1766 5418 1917 5485 Iguis'
1959 5419 2264 5472 dilectionis
2297 5416 2395 5472 ms.
2447 5422 2536 5472 ΞΟ.
2569 5422 2621 5472 in
2659 5437 2760 5474 uno
2791 5416 3071 5487 exemplar.
3114 5421 3196 5473 vis
3230 5420 3535 5473 dilectionis

303 5416 528 5461 cunctos
632 5409 677 5440 "
708 5409 771 5462 Et
822 5411 1034 5464 finiendi
1084 5428 1187 5465 mss
1264 5422 1319 5464 et
1354 5409 1565 5467 fruendi

2756 5350 2803 5384 ”
2832 5352 2971 5421 Erga
3002 5363 3225 5407 cunctas
3250 5367 3373 5421 uias.
3400 5365 3533 5421 erga

304 5476 353 5557 ‘1
375 5475 582 5557 Naistrfe
608 5479 943 5557 utilitatium.
972 5484 1061 5557 ξο.
1089 5483 1141 5534 in
1169 5484 1217 5557 i_.
1253 5484 1471 5549 exempl.
1498 5496 1691 5557 vestrae
1714 5475 1929 5557 utilitati
1956 5489 2049 5557 ﬂ"
2073 5488 2264 5540 Nostra
2299 5489 2647 5557 dispositione
2686 5507 2782 5543 ms.
2814 5492 2903 5542 ‘20.
2932 5475 2983 5543 in
3028 5494 3072 5543 l.
3104 5489 3299 5554 exempl
3352 5501 3528 5541 vestra

306 5545 649 5623 dispositione
722 5550 764 5581 ’³
798 5546 1128 5623 γιιιιιειήιιιυε
1158 5545 1545 5623 obtemperare.
1585 5554 1681 5605 llic
1712 5556 1898 5607 desinit
1947 5555 2177 5619 Epiuoia
2203 5558 2259 5609 in
2293 5545 2397 5610 ωιό
2425 5561 2704 5623 εχυηιμιιιιή
2749 5578 2846 5612 ms.
2875 5560 2966 5611 Ἣ).
3001 5572 3053 5610 ut
3089 5575 3142 5609 tu
3172 5545 3333 5609 alter.)
3358 5575 3527 5610 exeru-

305 5616 439 5734 pluji
477 5616 703 5683 ejusdem
729 5618 920 5671 codicis
944 5634 1037 5670 ms.
1063 5630 1135 5672 est
1163 5616 1361 5688 integra
1382 5661 1395 5683 ,
1441 5632 1491 5673 ut
1522 5623 1574 5676 in
1601 5623 1770 5676 (ditis.

336 5704 380 5734 ,υ
425 5703 514 5734 it‘r'.

336 5703 514 5736 .Uui‘t‘t'.

1849 5626 1891 5653 ³⁸
1920 5625 2124 5679 Collata
2148 5642 2264 5680 cum
2301 5628 2500 5681 duobus
2538 5627 2667 5680 l'ict.
2703 5646 2825 5682 mss.
2854 5628 3229 5694 rxcrirplaribus
3274 5628 3325 5680 in
3350 5631 3525 5682 eodem
