4214 6190
692 301 818 355 Ιυῖι

1203 296 1262 351 S.
1286 295 1599 381 ANSELMI
1638 295 1819 349 CAAT
1832 295 1913 349 UA
1927 296 1990 347 ιι.
2028 295 2066 348 Α
2079 294 2267 349 liClllE

2374 296 2524 352 Ol’l’.
2568 295 2743 352 PARS
2770 296 2853 351 Ill.
2895 295 3368 363 ---·ηιίῐ’15ΤΟί.Ᾱᾷ⁸

3802 303 3936 357 {073

688 426 880 472 xxvm,
912 408 1017 477 l0),
1045 408 1331 461 secundum
1358 394 1690 475 Aposto-Ium.
1714 408 1855 476 quod
1882 424 1942 461 ex
1970 408 2124 458 vobis
2153 418 2257 472 est,
2303 420 2327 471 ι
2365 410 2605 478 quzedam
2628 410 2891 465 laudanda
2920 409 3246 474 exhibendo,
3268 422 3526 480 qUautnm
3549 412 3936 469 admirantium

691 518 807 556 tum
827 503 1057 556 omnibus
1073 499 1363 551 hominibus
1386 516 1563 567 pacem
1590 499 1832 553 habeatis
1850 499 2023 567 (Rom.
2044 499 2256 566 ωδε),

689 609 850 672 quam
882 591 1016 644 bona
1043 587 1305 644 inutiliter
1340 590 1607 659 loquendo
1644 591 1989 643 occasionem
2031 588 2260 657 maligno

632 695 635 697 ‘
687 680 992 757 prmbeatis.
1021 679 1152 733 Nam
1185 681 1442 749 quoniam
1472 696 1575 733 non
1606 680 1790 740 vobis,
1823 679 1916 732 sed
1951 677 2257 747 illi'princi-

688 780 845 838 palus
873 786 1018 827 cura:
1039 770 1358 825 commissus
1386 778 1470 824 est
1490 807 1505 833 ,
1540 783 1643 822 non
1670 782 1699 821 a
1727 768 1878 822 vobis
1905 768 2158 839 exigitur,
2190 770 2258 834 si,

686 864 933 934 neglecto
960 874 1139 915 vestro
1180 861 1431 925 consilio,
1476 860 1707 928 pastoris
1750 859 1905 928 culpa
1945 875 2073 930 grex
2126 860 2261 915 bene

685 975 794 1018 non
848 960 1071 1027 regitur.
1125 952 1232 1007 Nec
1266 952 1419 1006 vobis
1474 958 1653 1003 tamen
1704 949 2092 1004 consulendum
2144 958 2261 1016 est,

686 1052 921 1122 quandiu
953 1049 1066 1117 ipse
1090 1060 1190 1100 vos
1217 1058 1320 1097 non
1367 1041 1511 1110 cogit
1540 1056 1570 1094 a
1602 1041 1743 1094 bono
1777 1040 1829 1093 in
1858 1040 2058 1094 malum
2086 1040 2260 1094 diver-

687 1153 822 1203 tere,
854 1148 911 1190 ut
936 1134 1319 1203 subiectionem
1346 1129 1823 1197 stabilitatemque,
1850 1143 2011 1197 quam
2033 1126 2259 1198 professi

686 1231 840 1295 eatis,
869 1227 1136 1288 audeatis,
1166 1224 1268 1278 nisi
1309 1237 1375 1276 eo
1417 1221 1777 1285 concedente,
1819 1220 2096 1290 migrando
2134 1234 2260 1273 con-

684 1329 961 1384 temnere;
992 1320 1035 1373 si
1067 1316 1263 1373 subeo
1313 1315 1731 1383 unumquodque
1769 1312 2049 1367 consilium
2094 1311 2261 1365 faculo

686 1423 957 1479 talemque
986 1409 1122 1464 bene
1144 1407 1355 1461 vivendi
1388 1406 1537 1458 vobis
1559 1402 1750 1471 videtis
1777 1410 2080 1470 suppetere.
2109 1400 2261 1468 Quod

688 1503 734 1557 si
760 1501 813 1556 in
843 1500 1022 1569 aliquo
1051 1497 1246 1552 vestris
1266 1494 1457 1550 studiis
1487 1502 1540 1545 et
1571 1491 1956 1560 impedimento
1984 1490 2100 1559 ejus
2128 1505 2275 1559 prae-'

598 1604 601 1607 '
688 1593 837 1655 latio,
883 1601 945 1644 ut
976 1599 1153 1644 tamen
1186 1588 1327 1639 viam
1380 1583 1571 1639 salutis
1602 1598 1710 1636 non
1754 1582 2042 1645 obstruat,
2092 1583 2263 1636 satius

662 1676 769 1737 ‘est
795 1690 856 1735 ttt
902 1678 1126 1747 occulto:
1154 1677 1245 1731 Dei
1287 1673 1516 1745 judicio,
1549 1672 1855 1742 vestrisque
1898 1672 2135 1742 peccatis
2166 1687 2261 1726 vos

2367 516 2416 555 te
2445 517 2604 557 voces
2655 503 2856 569 lasset,
2901 519 2958 559 se
3000 505 3159 560 simul
3211 514 3375 559 totam
3420 504 3747 573 probabilem
3792 507 3939 576 inge-

2364 590 2550 643 rendo.
2584 590 2669 654 Et,
2700 591 2827 644 dum
2854 605 2949 645 ora
2992 593 3327 648 laudantium
3357 592 3635 662 inquirunt
3671 604 3859 664 partes
3886 597 3940 647 in

2362 693 2591 746 quarum
2637 679 3018 747 prasdicatione
3044 682 3377 751 aperiantur,
3412 681 3693 736 incurrant
3742 692 3941 747 totum,

2362 781 2390 817 a
2442 767 2595 836 cujus
2644 766 2974 836 plenitudine
3027 773 3409 836 obstruantur;
3464 771 3648 840 sicque
3700 782 3942 827 mentem

2363 864 2510 909 tuam
2541 856 2823 913 familiaris
2852 860 3110 914 virtutum
3140 848 3487 916 .consuetudo
3508 902 3523 925 ,
3551 872 3605 915 et
3644 870 3945 915 consuetus

2362 961 2514 1000 amor
2539 947 2693 1015 quasi
2725 947 3042 1011 inebriando
3073 948 3303 1015 alliciat,
3346 959 3404 1004 ut
3436 965 3541 1004 non
3574 949 3743 1003 solum
3774 950 3946 1019 quid-

2360 1037 2487 1106 quid
2520 1038 2571 1095 in
2603 1039 2871 1095 actionem
2913 1040 3333 1111 deprontpseris,
3374 1041 3646 1095 internum
3685 1039 3945 1095 allectum

2361 1128 2556 1198 sapiat,
2587 1131 2680 1185 sed
2708 1129 2790 1185 vel
2821 1146 2977 1200 posse
3000 1147 3325 1203 quemquam
3350 1136 3591 1189 eamdem
3616 1131 3942 1187 cbaritau-m

2364 1235 2466 1271 non
2494 1220 2697 1274 sentire
2726 1220 2777 1274 iu
2809 1236 2866 1274 se
2887 1222 3099 1277 animus
3125 1222 3176 1275 in
3209 1232 3260 1276 te
3280 1232 3513 1292 stupeat.
3542 1225 3637 1280 Cui
3666 1228 3810 1283 enim
3836 1228 3947 1279 tale

2364 1311 2571 1366 vivendi
2598 1322 2809 1367 constat
2831 1329 2951 1369 esse
2973 1314 3327 1383 propositum,
3350 1330 3457 1385 quo
3480 1317 3710 1387 atnplius
3736 1317 3791 1370 in
3816 1332 3947 1385 pro-

2364 1402 2540 1468 posito
2570 1402 2809 1453 succedit
2854 1401 3128 1469 profectus
3148 1443 3163 1469 ,
3193 1417 3259 1455 eo
3310 1403 3560 1457 libentius
3592 1421 3694 1457 non
3728 1415 3943 1457 tantum

2362 1488 2742 1542 admirantium
2776 1480 3297 1554 favorem'sectatur,
3324 1503 3581 1559 quantmn
3616 1493 3943 1546 sectantium

2361 1594 2601 1632 errorem
2634 1580 2880 1633 miratur.
2917 1578 2985 1634 Ut
3027 1580 3191 1648 igitur
3222 1581 3435 1645 tandem
3486 1592 3757 1645 uestram,
3797 1593 3854 1635 et
3887 1594 3947 1634 ut

2363 1669 2544 1731 credo,
2581 1678 2724 1723 tuam
2750 1671 3073 1725 sententiam
3103 1686 3265 1741 super
3294 1682 3507 1726 tuorum
3539 1683 3756 1727 actuum
3784 1689 3949 1726 accc-

687 1770 934 1839 indignos
972 1769 1014 1799 ³⁸
1060 1766 1248 1836 majori
1281 1765 1455 1833 gratia
1492 1762 1829 1830 iudicantes,
1870 1762 1922 1815 in
1963 1762 2264 1815 minoribus
2298 1777 2340 1830 Β
2367 1760 2548 1827 ptione
2582 1760 2963 1829 propalemus,
3013 1760 3272 1830 quidquid
3313 1775 3441 1831 erga
3480 1777 3577 1816 nos
3631 1763 3715 1816 vel
3752 1778 3943 1832 quem-

687 1865 849 1918 bonis
880 1860 1156 1916 humiliter
1184 1858 1300 1913 sine
1347 1865 1567 1926 peccato
1608 1854 1823 1918 vivatis,
1853 1870 2016 1924 quam
2055 1855 2121 1908 ad
2151 1870 2280 1908 ma-.

687 1954 804 2021 jora
832 1966 929 2021 per
954 1957 1237 2019 peccatum
1285 1946 1474 2000 mortis
1506 1945 1760 1999 tendatis.
1816 1944 1932 1998 Non
1961 1945 2106 2013 enim
2144 1946 2266 2013 quis

688 2036 884 2111 sponte
930 2047 1155 2093 mortem
1205 2038 1364 2091 debet
1411 2036 1733 2096 incurrere,
1786 2032 1888 2088 nisi
1938 2049 2059 2088 cum
2111 2034 2268 2088 aliter

690 2129 927 2200 peiorem
975 2136 1203 2182 mortem
1244 2142 1347 2179 non
1397 2133 1573 2193 potest
1614 2122 1866 2179 evadere.
1914 2123 2268 2191 Omnipotens

692 2221 857 2285 Deus,
892 2227 948 2273 et
978 2217 1235 2273 Dominus
1262 2224 1445 2269 noster
1468 2212 1627 2269 Jesus
1665 2214 1914 2268 Christus
1943 2211 2268 2265 admirabilis

691 2309 1024 2363 consiliarius
1065 2307 1221 2376 (lsai.
1254 2320 1329 2369 ιι,
1365 2304 1451 2372 6),
1482 2312 1538 2357 et
1576 2305 1756 2372 magni
1802 2302 2013 2358 consilii
2050 2302 2268 2371 angelus

689 2397 770 2452 sic
808 2397 998 2451 doceat
1048 2410 1143 2448 vos
1188 2393 1368 2447 facere
1412 2392 1745 2448 voluntatem
1794 2406 1978 2455 suam,
2020 2401 2075 2445 ut
2102 2391 2268 2445 donet

687 2487 843 2543 vobis
863 2488 1044 2541 videro
1086 2483 1310 2557 gloriam
1343 2498 1519 2548 suam,
1548 2481 1769 2537 domine
1797 2490 1981 2537 sancte
2014 2491 2068 2539 et
2100 2480 2267 2534 frater

690 2579 1027 2637 charissime.

1208 2664 1535 2721 EPlSTOLA
1565 2662 1650 2716 Vll
1688 2664 1751 2715 ³¹.

1276 2794 1342 2831 AD
1363 2789 1697 2832 GONDULFUI.

696 2870 909 2927 Gratias
942 2872 1048 2940 agit
1076 2867 1342 2940 Gaudulfo
1381 2864 1877 2940 praplerubeneﬁcia
1908 2863 1973 2917 ab
2003 2863 2181 2917 eodem
2213 2848 2268 2916 in

1221 2932 1500 2991 Becce'nses
1532 2932 1743 2987 collata.

762 3031 1048 3087 Gonnum
1082 3030 1383 3084 Axssuus.

2369 1848 2497 1903 libet
2523 1849 2685 1902 alium
2714 1849 3055 1904 laudabiliter
3085 1853 3220 1919 agis,
3251 1851 3620 1922 gratissimum
3648 1851 3944 1917 habemus;

2366 1938 2459 1995 sed
2506 1938 2689 1993 Iaudes
2735 1939 2851 2009 ejus
2892 1939 2945 1993 in
2991 1939 3140 1993 illtttn
3184 1942 3367 2031 diem,
3417 1956 3538 1995 cum
3585 1941 3948 1995 laudabuntur

2367 2047 2541 2085 onmes
2572 2031 2696 2084 recti
2716 2032 2869 2085 corde
2895 2029 3066 2102 (Psal.
3095 2029 3246 2093 um,
3294 2033 3405 2095 ll),
3436 2041 3489 2084 et
3521 2048 3643 2086 cum
3689 2034 3807 2085 laus
3834 2035 3945 2086 erit

2369 2124 2660 2193 unicuique
2681 2138 2710 2176 a
2744 2124 2873 2187 Deo,
2902 2122 3194 2176 servandas
3224 2137 3529 2177 censemus.
3566 2122 3942 2177 Reverendum

2369 2222 2423 2267 et
2448 2213 2778 2284 diligendum
2808 2212 3109 2277 dominum,
3133 2219 3188 2266 et
3228 2211 3439 2266 Patrem
3484 2223 3725 2266 nostrum
3759 2215 3945 2267 archi-

2368 2305 2676 2375 episcopum
2707 2303 3092 2369 Lanfraocum,
3119 2313 3173 2359 et
3196 2313 3445 2374 nepotem
3468 2303 3604 2373 ejus,
3636 2311 3699 2358 et
3718 2306 3945 2361 dilectos

2370 2395 2565 2449 fratres
2598 2407 2834 2457 nostros,
2880 2395 2971 2463 qui
3009 2410 3130 2449 cum
3156 2409 3222 2450 eo
3251 2404 3396 2459 sunt,
3432 2410 3497 2449 ex
3528 2404 3713 2449 nostra
3761 2406 3935 2466 parte,

2369 2487 2509 2540 sicut
2538 2486 2633 2542 tibi
2666 2487 2900 2548 videtur,
2935 2486 3130 2538 saluta.
3172 2483 3441 2537 Praeterea
3473 2488 3727 2555 quoniam
3758 2500 3947 2539 omnes

2370 2581 2706 2634 adhzerentes
2733 2577 2776 2609 “
2805 2575 2933 2630 mihi
2968 2575 3243 2628 adhaerent
3274 2576 3368 2629 tibi
3404 2578 3491 2631 cui
3516 2576 3787 2640 adhaereo,
3810 2590 3948 2643 quos

2373 2669 2467 2723 tibi
2496 2685 2592 2738 per
2616 2666 3198 2723 domnumllerluiuum
3227 2667 3476 2731 manlavi
3504 2675 3700 2721 nostra:
3729 2660 3946 2735 penitus

2374 2760 2597 2831 astringi
2640 2759 2776 2815 velle
2819 2757 3205 2823 familiaritati;
3257 2773 3353 2831 eos
3404 2758 3645 2813 interiori
3696 2758 3950 2812 cubiculo

2375 2830 2647 2905 memoria:
2684 2859 2786 2904 tua:
2811 2848 2904 2914 ibi,
2942 2848 3033 2903 ubi
3057 2861 3155 2918 ego
3182 2830 3435 2903 assiduus
3463 2846 3692 2910 assideo,
3725 2849 3951 2915 quodet

2381 2943 2484 3013 ipsi
2506 2957 2715 2998 mecum
2744 2951 3055 3013 precantur,
3095 2941 3299 2995 colloca
3348 2955 3556 2994 mecum
3607 2940 3658 2992 in
3713 2939 3954 2993 circuitu

2374 3046 2527 3097 meo;
2582 3032 2675 3086 sed
2728 3032 2964 3085 animam
2997 3030 3223 3086 Osberni
3275 3030 3400 3096 mei,
3448 3043 3604 3098 rogo,
3645 3022 3809 3082 cbare
3854 3030 3953 3090 mi,

764 3123 888 3179 Ideo
918 3131 1023 3175 tam
1067 3121 1271 3174 amicus
1303 3128 1410 3173 tam
1452 3118 1627 3171 amico
1668 3114 2047 3171 salutationem
2095 3127 2266 3168 meam
2297 3115 2340 3177 C
2374 3122 2517 3176 illam
2557 3122 2771 3177 nonnisi
2817 3122 2869 3176 in
2896 3123 3017 3176 sinu
3068 3137 3207 3177 meo,
3240 3118 3392 3184 vale,
3434 3118 3572 3179 vate,
3619 3117 3797 3170 amice
3828 3117 3957 3171 iam

698 3223 806 3269 tam
853 3213 1089 3268 breviter
1112 3218 1412 3282 praenotare
1446 3211 1611 3275 volui,
1642 3208 1769 3279 quia
1799 3206 1878 3262 sic
1904 3205 2101 3260 dilecto
2141 3204 2271 3258 alie-

697 3313 842 3357 ctum
873 3316 1051 3356 meum
1079 3300 1382 3369 opulentius
1419 3300 1671 3352 intimare
1696 3312 1800 3351 non
1825 3294 1993 3365 potui.
2018 3294 2270 3362 Quisquis

694 3394 840 3447 enim
862 3393 1003 3447 bene
1026 3393 1175 3447 novit
1193 3389 1517 3446 Gondulfum
1543 3398 1598 3443 et
1617 3390 1955 3449 Anselmum,
1978 3399 2099 3438 cum
2124 3384 2272 3455 legit,

696 3483 965 3553 (ξοηάυίῙο
1002 3482 1293 3546 Anselmtts,
1340 3495 1448 3536 non
1472 3480 1685 3549 ignorat
1729 3479 1858 3549 quid
1898 3478 2272 3542 subaudiatur,

699 3576 785 3632 vel
814 3582 1049 3644 quantus
1091 3571 1525 3640 subintelligatur
1557 3569 1799 3623 affectus.
1848 3568 2002 3635 Quod
2048 3575 2108 3620 ut
2146 3581 2273 3634 quo.

703 3664 864 3720 modo
892 3662 1025 3717 velis
1054 3660 1320 3729 intelligas
1352 3659 1469 3724 tibi,
1503 3658 1645 3728 quod
1676 3668 1759 3712 est
1787 3658 1942 3710 alteri
1980 3655 2133 3717 mihi,
2160 3655 2273 3708 exi-

701 3753 861 3809 stimo
904 3748 1344 3819 relinquendum,
1388 3755 1444 3802 et
1489 3748 1556 3801 ad
1586 3746 1989 3800 exsecutionem
2030 3742 2273 3811 epistolae

700 3843 897 3913 stylum
946 3839 1388 3894 convertendum.
1431 3836 1601 3891 Instat
1649 3837 1878 3909 domnus
1922 3834 2190 3890 Robertus
2219 3843 2275 3888 et

699 3932 843 4003 cogit
872 3932 1127 3986 domuum
1169 3928 1417 3983 abbatem
1442 3927 1487 3958 ⁸³
1523 3936 1580 3980 et
1608 3941 1725 3991 me,
1756 3933 1811 3979 et
1846 3932 2009 3978 totam
2049 3939 2275 3993 congre-

698 4024 967 4094 gationem
1015 4028 1289 4081 nostram,
1320 4027 1379 4073 ut
1425 4017 1711 4071 multorum
1759 4013 2138 4069 beneficiorum
2172 4007 2276 4070 tua:

701 4113 983 4169 charitatis
1008 4111 1209 4182 gratias
1241 4109 1333 4164 tibi
1364 4106 1699 4163 referamus:
1727 4105 1820 4159 sed
1849 4119 1945 4158 nos
1980 4103 2132 4159 inviti
2172 4105 2275 4159 hoc

702 4206 955 4269 facimus,
986 4204 1112 4273 quia
1141 4200 1307 4256 totius
1337 4198 1460 4252 vitae
1500 4206 1604 4251 tua:
1632 4198 1836 4267 gratias
1867 4196 1921 4249 in
1960 4209 2055 4249 ore
2078 4196 2274 4249 mentis

701 4296 917 4352 assidue
949 4295 1046 4349 tibi
1076 4304 1130 4349 et
1159 4290 1513 4347 libentissime
1545 4302 1909 4342 susurramus.
1935 4285 1990 4339 In
2020 4284 2270 4355 iniuriam

699 4390 895 4460 quippe
920 4396 1067 4442 tuam
1105 4384 1221 4438 lieri
1248 4382 1471 4441 videtur,
1496 4381 1537 4433 si
1570 4381 1707 4433 inter
1735 4388 1811 4432 tot
1830 4387 1917 4433 tua
1944 4378 2084 4432 bona
2106 4393 2272 4431 unum

2373 3210 2703 3278 dulcissime,
2732 3212 2856 3281 quia
2882 3210 3194 3275 verissima;
3229 3208 3367 3273 vale,
3389 3216 3443 3261 et
3475 3206 3577 3259 mei
3601 3214 3749 3267 certe
3786 3205 4001 3283 3151-

2372 3302 2515 3354 servi
2538 3302 2636 3363 tui,
2663 3309 2809 3356 certe
2841 3300 3011 3354 amici
3030 3301 3131 3363 tui,
3155 3306 3301 3354 certe
3321 3295 3499 3351 dilecti
3531 3292 3605 3347 tui
3631 3292 3676 3346 si
3704 3294 3955 3349 Oblivisci

2374 3403 2481 3442 non
2512 3397 2695 3457 potes,
2724 3388 3090 3442 reminiscere.
3116 3388 3250 3442 Cum
3283 3387 3376 3442 tibi
3405 3388 3629 3454 loquor,
3662 3386 3956 3441 Dominum

2376 3478 2667 3533 llenricum
2698 3477 2962 3546 alloquor.
2989 3477 3162 3530 Ambo
3188 3478 3349 3546 igitur
3372 3477 3566 3531 valete.

2866 3566 3198 3622 EPISTOLA
3239 3566 3347 3620 V'lll
3377 3568 3442 3621 ³⁸.

2937 3673 3005 3712 AD
3056 3672 3382 3712 ll'EliLUI‘NUH.

2410 3749 2725 3803 Exhortatio
2748 3749 2815 3802 ad
2838 3748 3019 3803 swculi
3048 3749 3223 3801 adium
3252 3752 3573 3801 vehementer
3599 3727 3937 3801 accendens:

2446 3838 2674 3893 Domino
2693 3846 2748 3893 et
2767 3836 2924 3893 fratri
2945 3837 3141 3892 dilecto
3166 3836 3464 3902 lleawmo,
3478 3836 3647 3905 frater
3666 3838 3959 3892 Anssutcs

2374 3929 2621 3984 salutem.

2446 4017 2740 4086 lncoepisti,
2777 4016 2850 4071 mi
2880 4017 3224 4085 charissima,
3253 4028 3475 4089 gustare
3494 4017 3749 4089 quoniam
3773 4016 3957 4072 dulcis

2375 4118 2447 4161 est
2475 4106 2732 4161 Dominus
2765 4105 2939 4177 (Psal.
2978 4123 3145 4162 xum
3168 4149 3183 4174 ,
3214 4109 3291 4175 9).
3316 4110 3460 4165 Cave
3486 4124 3618 4179 ergo
3644 4124 3711 4163 ne
3740 4110 3822 4163 sic
3850 4109 3961 4162 im-

2375 4199 2565 4269 pleatis
2605 4213 2797 4269 sapore
2833 4200 3031 4265 smculi,
3076 4201 3165 4270 qui
3202 4201 3297 4255 tibi
3335 4200 3617 4268 opulenter
3664 4198 3860 4265 afﬂuit,
3892 4210 3959 4251 ut

2374 4292 2655 4346 evacueris
2684 4306 2877 4363 sapore
2902 4291 3017 4357 Dei,
3039 4292 3127 4361 qui
3157 4292 3266 4345 cito
3288 4298 3340 4343 et
3374 4289 3556 4343 furtim
3587 4287 3822 4361 incautis
3850 4292 3955 4341 de-

2376 4381 2512 4438 ﬂuit.
2548 4383 2740 4447 Pensa,
2771 4383 2843 4437 mi
2872 4382 3060 4445 frater,
3088 4380 3382 4451 srepissime
3406 4387 3461 4434 et
3484 4380 3619 4432 scito
3642 4376 3959 4432 certissime

700 4480 805 4534 hoc
859 4476 1040 4530 tacitis
1103 4471 1398 4538 majoribus
1449 4484 1569 4523 Cum
1624 4469 1919 4537 gratiarum
1970 4465 2270 4521 redditione
2298 4467 2346 4525 D
2373 4475 2497 4542 quia
2526 4489 2661 4543 quos
2683 4474 2848 4527 allicit
2882 4473 3110 4528 dulcedo
3138 4470 3338 4533 sa'culi,
3365 4484 3459 4524 eos
3478 4477 3706 4537 occupat
3744 4476 3955 4522 alterna

699 4568 847 4623 velut
894 4563 1165 4635 singulare
1200 4560 1554 4629 prazdiceutr,
1610 4559 1690 4612 vel
1735 4559 1781 4613 si
1830 4567 1932 4613 tua:
1990 4557 2273 4611 charitatis

700 4657 1028 4729 propositum
1060 4654 1297 4707 fomento
1324 4649 1535 4703 laudum
1577 4660 1629 4705 et
1655 4649 2060 4704 inclinationum
2100 4648 2274 4703 adhuc

702 4749 940 4817 indigere
954 4739 1247 4811 judicetu‘r.
1266 4741 1504 4809 Denique
1518 4740 1595 4795 sic
1617 4750 1666 4794 te
1691 4756 1786 4811 per
1799 4754 2081 4809 supernam
2096 4739 2274 4793 vivere

704 4839 929 4905 gratiam
962 4837 1193 4887 amando
1217 4841 1494 4901 optamus,
1541 4834 1778 4902 optando
1807 4847 2044 4895 oramus,
2071 4832 2273 4885 orando

704 4940 1000 4993 speramus,
1033 4933 1092 4977 ut
1118 4938 1239 4977 cum
1270 4922 1469 4992 aliquid
1503 4923 1555 4976 iu
1583 4924 1836 4992 operibus
1864 4931 1965 4977 tua:
1987 4922 2271 4976 charitatis

705 5014 895 5078 gratiis
936 5013 1282 5082 investigatur
1328 5013 1577 5081 dignum,
1627 5011 1761 5064 nihil
1810 5012 1862 5066 in
1909 5012 2121 5066 actibus
2168 5023 2269 5068 tuae

706 5099 993 5153 voluntatis
1036 5100 1285 5157 laudibus
1320 5101 1626 5154 inveniatur
1660 5102 1957 5168 indignum.
1994 5102 2271 5166 Quatenus

705 5190 815 5244 vita
874 5201 961 5245 tua
1022 5206 1129 5244 non
1158 5200 1362 5244 tantum
1397 5192 1693 5245 amantium
1744 5202 1794 5247 te
1842 5194 2047 5262 linguas
2100 5196 2270 5257 laxet.

2378 4566 2704 4629 amaritudo;
2740 4576 2793 4620 et
2823 4580 2960 4633 quos
2992 4564 3217 4619 attrahit
3246 4563 3482 4617 suavitas
3511 4560 3625 4623 Dei,
3661 4574 3758 4615 eos
3788 4559 3960 4612 satiat

2376 4666 2629 4726 perpetua
2658 4657 2951 4711 beatitudo.
2976 4656 3135 4711 Certe
3154 4669 3335 4709 verum
3359 4660 3463 4716 est,
3487 4667 3591 4705 non
3617 4659 3700 4703 est
3730 4647 3955 4711 falsum,

2378 4766 2587 4811 verum,
2625 4751 2869 4817 inquam,
2897 4759 2997 4809 cst,
3034 4746 3174 4814 quod
3218 4745 3345 4798 dicit
3376 4743 3609 4810 Spiritus
3652 4739 3746 4793 Dei
3778 4739 3826 4772 ⁸⁸
3856 4754 3960 4807 per

2376 4853 2435 4890 os
2473 4838 2629 4889 amici
2667 4836 2792 4898 Dei;
2829 4838 2953 4902 quia
2984 4837 3184 4886 amicus
3207 4832 3386 4884 swruli
3420 4831 3598 4897 hujus,
3629 4830 3958 4882 constiuitur

2379 4928 2694 5002 “jnimicus
2723 4926 2816 4979 Dei
2841 4925 2983 4993 (Jac.
3012 4941 3081 4987 tv,
3111 4924 3199 4993 4);
3241 4925 3425 4991 utique
3457 4921 3531 4975 sic
3555 4928 3639 4975 est
3679 4938 3693 4972 :
3726 4921 3959 4975 ontniuo

2380 5018 2434 5049 ³⁸⁸
2456 5029 2535 5072 est
2565 5017 2914 5071 immutabile.
2944 5015 3058 5069 Non
3085 5024 3207 5069 sunt
3231 5014 3391 5067 verba
3425 5021 3630 5065 tantum
3657 5012 3957 5075 audienda.

2379 5112 2471 5164 sed
2509 5120 2589 5163 est
2626 5126 2712 5164 res
2743 5110 2976 5164 lerrilice
3026 5107 3330 5161 metuenda.
3368 5103 3423 5157 Si
3466 5103 3628 5171 igitur
3655 5115 3762 5154 non
3795 5117 3962 5156 antas

2378 5199 2627 5253 constitui
2659 5200 2906 5253 inimicus
2926 5198 3040 5263 Dei,
3066 5198 3225 5250 borre
3248 5193 3575 5249 exsecranth
3598 5205 3721 5245 esse
3740 5193 3963 5251 amicus

1986 5302 2214 5358 VARle
2276 5304 2673 5361 LECTIONES.

776 5390 818 5421 ³¹
848 5389 1178 5467 Iudicio‘vos
1209 5390 1451 5467 indignos
1480 5408 1608 5467 mss;
1633 5393 1858 5467 judicio,
1894 5395 2192 5467 vestrisque
2221 5396 2454 5467 peccatis
2488 5412 2579 5451 vos
2607 5398 2845 5467 indignos

713 5457 847 5531 Yt‘ct.
892 5464 981 5531 ΕΙ.
1013 5463 1105 5516 ‘20.
1220 5461 1263 5491 ³³
1288 5457 1543 5516 Dominus
1578 5457 1865 5515 Robcrtus.
1901 5501 1915 5515 .

2941 5399 2983 5430 ³³
3013 5398 3216 5451 Col/(ua
3252 5413 3367 5448 cum
3401 5412 3503 5448 uno
3539 5392 3828 5462 exemplari
3851 5411 3959 5447 ms-

1984 5463 2265 5517 Dominum
2307 5465 2551 5519 abbatem
2590 5484 2684 5521 ms.
2719 5463 2963 5522 Domnus
3006 5468 3291 5519 liobertus.
3330 5508 3341 5519 .
3383 5465 3645 5519 Domuum
3695 5464 3962 5518 abbatem

708 5528 752 5604 f‘
780 5528 1038 5604 Quoniam
1072 5533 1406 5604 adhaarenteS
1434 5546 1528 5604 ms.
1563 5534 1816 5604 quoniam
1860 5547 2047 5604 oumcs
2074 5534 2411 5604 adltzcrcntes
2485 5536 2527 5565 ³⁵
2564 5536 2765 5589 Collata
2792 5554 2906 5590 cum
2942 5537 3142 5590 duobus
3169 5536 3430 5604 prwdictis
3475 5550 3596 5604 mss.
3620 5533 3962 5604 exemplari-

710 5600 799 5652 bus
829 5613 873 5654 et
900 5602 1093 5656 Lovrtn.

714 5670 899 5738 ςᾷεεδι
932 5674 1146 5735 (lumini)
1176 5689 1296 5725 mss.
1333 5672 1511 5737 utique
1542 5669 1615 5723 sic
1656 5678 1755 5721 est.
1801 5668 2031 5720 Umn'tuo

1172 5602 1215 5632 ³⁸
1248 5600 1676 5675 Dicitscriptura
1710 5601 1952 5675 llei‘rnss.
1984 5601 2113 5651 dicit
2156 5605 2384 5671 Spiritus
2418 5604 2510 5659 Dei
2588 5606 2627 5637 ³⁷
2661 5607 3014 5664 Coustituitur
3040 5624 3134 5661 ms.
3164 5598 3209 5661 ἰ.
3244 5598 3598 5661 ουιιειίιυειυὶ-
3671 5602 3717 5635 ³⁸
3755 5598 3963 5675 Utique

3704 5709 4125 6091 Δ

4010 5888 4029 5917 ρ

3958 5932 4015 5965 si:
