4214 6206
328 217 463 269 1075

1650 215 1773 267 ιλιι.
1816 214 2110 273 ΙὲΕΡΙΒΤ.
2154 217 2211 269 Χ.

3419 215 3557 276 ‘Itm

326 328 488 395 hujus
517 323 718 376 saeculi.
774 320 990 375 Amicus
1017 333 1195 376 autent
1230 323 1406 377 szeculi
1441 324 1596 391 hujus
1625 334 1727 387 est,
1769 325 1888 391 qui-
1924 330 1964 386 Λ
1998 328 2133 380 nihil
2167 328 2464 378 l‘t'llli)ll(‘l'C
2495 334 2691 394 potest)
2730 328 3017 394 quidquam
3050 344 3145 381 sua
3172 330 3557 385 intercessione

326 430 544 484 cunque
593 414 867 468 smcularis
917 414 1291 467 delectationis
1336 418 1541 469 amicus
1592 424 1692 469 est.
1741 413 1890 481 ltogo

320 519 453 570 ergo
483 513 556 566 te,
607 503 801 567 amice,
842 518 921 581 pe
955 517 1105 556 ames
1145 502 1427 557 saecularia
1475 504 1886 557 oblectamenta.

320 594 455 647 Cum
479 594 695 657 absunt,
724 594 836 655 noli
863 594 926 646 ad
954 610 1017 648 ea
1047 609 1142 647 cor
1162 597 1486 659 extendere;
1518 610 1640 649 cum
1672 594 1887 656 adsunt,

322 683 429 737 noli
489 682 593 737 illis
635 700 726 736 cor
771 700 1027 752 apponere
1070 683 1245 751 (Psal.
1295 700 1404 749 ut,
1457 686 1545 751 ll)
1579 702 1590 735 :
1625 683 1716 737 sed
1767 698 1888 736 cum

321 778 541 839 absunt,
581 785 780 831 etcum
811 777 1028 844 adsunt,
1064 793 1277 846 semper
1301 789 1351 832 te
1390 778 1523 831 velis
1553 778 1620 830 ab
1658 776 1762 830 illis
1792 778 1891 830 ab-

320 865 603 917 scondere.
637 862 696 916 Si
738 866 992 927 mundus,
1042 865 1123 919 vel
1170 866 1369 935 aiiquid
1398 882 1585 921 eorum
1614 881 1735 935 qua:
1767 876 1891 920 sunt

321 952 529 1015 nunuli,
559 951 700 1006 ridet
746 952 875 1018 libi;
909 955 1013 1007 noli
1052 954 1296 1009 arridere
1328 956 1421 1008 illi.
1467 954 1645 1020 Certe,
1702 954 1888 1020 frater,

319 1058 425 1096 non
452 1042 589 1097 ridet
617 1044 736 1108 libi,
769 1052 825 1097 ut
848 1045 899 1099 in
924 1045 1027 1099 line
1051 1046 1193 1099 risus
1224 1056 1275 1098 tu
1308 1045 1513 1109 rideas;
1547 1045 1639 1099 sed
1672 1044 1892 1098 simulat

321 1133 515 1195 r’sum,
540 1141 599 1184 ut
631 1142 681 1186 te
704 1133 946 1187 irrideat.
981 1135 1108 1188 Esto
1137 1136 1316 1204 igitur,
1352 1134 1721 1198 dilectissime,
1751 1150 1891 1187 sem-

315 1233 416 1287 per
443 1231 652 1285 cantus,
683 1229 739 1273 ut
761 1223 1024 1291 anticipes
1051 1238 1195 1285 eum,
1225 1232 1278 1276 et
1302 1234 1619 1291 retorquens
1651 1222 1890 1289 fraudem

316 1308 437 1377 ejus
474 1310 527 1362 in
563 1325 716 1373 eum;
744 1319 799 1364 et
827 1326 949 1365 cum
979 1312 1065 1366 ille
1084 1313 1180 1366 tibi
1204 1312 1469 1367 fallaciter
1500 1312 1657 1375 ridet,
1690 1294 1756 1365 ῖιι
1796 1328 1890 1366 ve-

320 1398 523 1453 raciter
566 1399 734 1453 irride
786 1392 940 1455 eum.
992 1402 1061 1457 Et
1115 1410 1261 1458 certe
1313 1417 1584 1472 nunquam
1645 1403 1893 1457 veracius

322 1488 574 1545 irridebis
597 1490 767 1555 illiilli,
797 1507 960 1561 quant
992 1492 1059 1559 si,
1088 1508 1209 1548 cum
1240 1492 1353 1563 ipse
1383 1492 1562 1547 riserit
1597 1501 1786 1549 contra
1819 1500 1887 1555 te,

322 1590 377 1635 tu
418 1580 628 1636 ﬂeveris
675 1590 863 1634 contra
910 1581 1080 1634 illum.
1117 1582 1195 1636 Ad
1238 1583 1334 1635 has
1361 1582 1577 1651 quidem
1626 1582 1890 1652 lacrymas

321 1681 474 1726 tmto
516 1672 812 1725 studiosius
854 1683 906 1727 te
941 1671 1105 1727 debes
1154 1688 1430 1736 exercere,
1467 1683 1672 1743 quanto
1698 1674 1889 1729 melius
1923 1667 1964 1720 Β

321 1771 619 1843 ιιςιοοιιιιυει
667 1762 861 1817 falsum
906 1764 1069 1818 risum
1103 1764 1171 1820 ad
1217 1766 1486 1820 modicum
1512 1778 1580 1819 ex
1613 1765 1889 1821 voluntate

323 1851 473 1915 ﬂere,
526 1867 688 1922 quam
718 1854 817 1908 sub
857 1869 982 1908 vera
1029 1854 1281 1910 irrisione
1316 1856 1368 1910 in
1407 1866 1667 1909 aeternum
1704 1864 1759 1908 et
1798 1868 1890 1907 ne-

320 1943 574 1995 cessitate
599 1943 643 1973 ”
672 1942 876 2013 lugere.
924 1943 1092 2013 Legat
1137 1945 1277 1999 hanc
1331 1943 1615 2013 epiSlolam
1662 1941 1889 2019 domnus

317 2035 620 2089 Gondnlfns
658 2036 739 2100 ‘°;
776 2052 881 2090 non
915 2048 974 2090 ut
1004 2036 1169 2090 faciat
1197 2035 1339 2105 quod
1359 2034 1507 2104 legit,
1543 2033 1635 2087 sed
1665 2042 1723 2086 ut
1747 2031 1888 2101 legat

317 2124 459 2190 quod
510 2122 657 2177 facit.
709 2123 860 2189 Quod
910 2124 953 2178 si
984 2124 1164 2178 fervor
1228 2123 1346 2191 ejus
1392 2121 1695 2176 devotionis
1748 2122 1888 2176 hanc

318 2214 596 2279 epistolam
648 2214 765 2267 vult
802 2230 922 2269 esse
969 2230 1152 2278 suam,
1197 2229 1294 2283 pro
1343 2221 1433 2267 tuo
1462 2214 1680 2268 nomine
1727 2226 1889 2283 ponat

319 2316 495 2365 suurn,
523 2311 580 2358 et
606 2302 680 2357 sit
710 2317 828 2357 sua.
854 2302 1028 2357 Ambo
1057 2302 1252 2357 valete.
1372 2360 1381 2365 _
1734 2310 1735 2313 ‘

828 2413 1157 2469 EPISTOLA
1199 2414 1267 2467 IX
1307 2415 1371 2467 δι.

741 2520 806 2556 AD
847 2520 1164 2559 GERBEBTUH
1207 2521 1447 2560 ABBATEH

388 2590 698 2647 Gratulatur
725 2592 899 2646 abbati
927 2595 1064 2662 quod
1091 2611 1185 2648 suo
1212 2606 1394 2674 rogatu
1427 2596 1593 2649 vidua:
1616 2596 1819 2665 amicta:

941 2676 1278 2717 succurrerit.

388 2718 614 2809 bomino
631 2764 682 2808 et
706 2753 1153 2808 Patrivenerabili
1180 2754 1357 2808 abbati
1383 2754 1696 2817 Genusum,
1725 2753 1888 2808 frater

320 2844 602 2897 Ακειῖωιυδ
628 2861 775 2898 suus.

389 2936 541 2989 Sicut
596 2936 749 2990 nobis
797 2935 1126 2990 credendum
1170 2944 1254 2991 est
1300 2937 1424 3006 quia
1488 2938 1573 2989 ubi
1605 2937 1885 2991 abundavit

1993 414 2214 470 concedi
2249 423 2476 484 qua-rat.
2506 414 2561 467 Si
2596 413 2732 467 adeo
2773 426 2972 468 mutua:
2998 416 3298 471 dilectionis
3338 418 3557 471 immen-

1992 507 2124 559 sitas
2145 519 2248 567 me,
2267 514 2319 559 et
2342 504 2657 573 praedictum
2680 502 2907 557 fratrem
2925 504 3090 558 lilium
3114 504 3349 571 ejusdem
3362 505 3556 567 vidum,

1991 596 2100 647 vita
2129 596 2245 665 ejus
2273 596 2375 649 hoc
2402 594 2675 663 exigente,
2699 594 2834 647 duos
2861 593 3111 648 videlicet
3137 596 3557 666 conglutinavit.

1966 684 2050 734 ‘ut
2075 698 2139 735 co
2170 684 2445 746 defuncto,
2501 681 2661 735 matri
2693 682 2806 751 ejus
2847 695 2933 734 me
2963 681 3124 734 velim
3165 681 3329 735 filium
3372 697 3469 751 pro
3494 696 3560 736 eo

1992 762 2353 837 substituere;
2398 782 2665 841 quatenus
2698 786 2795 841 pro
2849 781 3021 826 matre
3050 786 3168 826 mea
3199 772 3308 841 jam
3338 787 3425 828 me
3449 788 3558 827 non

1992 864 2207 933 pudeat,
2237 867 2317 917 vel
2348 865 2652 933 importune
2692 864 2978 918 sollicitum
3019 876 3163 918 esse.
3208 864 3403 918 Verum
3440 874 3559 919 esto

1992 968 2052 1014 ut
2090 960 2203 1012 haec
2246 957 2669 1025 importunitatis
2724 972 2854 1011 mea:
2913 955 3240 1025 impudentia
3268 970 3296 1007 a
3320 955 3562 1024 quolibet

1985 1047 2260 1118 iudicetur
2288 1064 2301 1100 :
2334 1047 2463 1100 dum
2494 1054 2687 1098 vestra:
2724 1046 3071 1115 benignitatis
3112 1046 3393 1102 clementia
3420 1061 3449 1099 a
3480 1045 3561 1101 vi-

1992 1140 2112 1194 duis
2141 1147 2195 1191 et
2244 1133 2501 1205 o‘rphanis
2554 1132 2911 1202 prtedicetur,
2942 1143 3053 1188 et-a
3083 1136 3317 1200 Christo,
3368 1133 3462 1203 qui
3501 1132 3557 1189 in

1992 1231 2100 1285 illis
2129 1229 2354 1296 recipiet
2388 1236 2442 1279 et
2465 1241 2561 1294 pro
2586 1224 2691 1279 illis
2723 1225 3005 1289 retribuet,
3034 1228 3357 1294 approbetur
3381 1228 3447 1283 “.

2522 1337 2844 1392 EPISTULA
2894 1334 2937 1389 Χ
2970 1337 3034 1388 ⁸⁸.

2568 1445 2634 1481 ΑΙ)
2676 1440 2971 1481 IKODULFUM.

1992 1522 2058 1577 Se
2086 1524 2340 1590 nusquam
2365 1520 2557 1590 dixisse
2586 1518 2721 1590 quod
2770 1532 2871 1590 non
2914 1516 3137 1590 amplius
3170 1515 3222 1590 ei
3244 1532 3363 1590 suos
3399 1514 3588 1571 librat

2060 1585 2363 1660 prtesiarent
2398 1602 2415 1639 :
2444 1589 2548 1639 imo
2576 1585 2644 1637 ad
2682 1586 2855 1639 omnia
2884 1586 2930 1639 ei
2958 1585 3256 1653 prwstanda
3283 1586 3479 1641 sincere
3501 1602 3558 1640 ιθ

2060 1678 2168 1713 esse
2191 1669 2455 1729 paratum.

2006 1744 2013 1753 “
2065 1747 2271 1801 Meritis
2301 1754 2357 1800 et
2401 1743 2641 1798 moribus
2682 1744 2978 1799 reverendo
3024 1745 3263 1811 domino,
3295 1745 3561 1802 charitate

1990 1848 2045 1891 et
2076 1836 2351 1906 proposito
2378 1833 2687 1888 dulcissimo
2719 1832 2892 1900 fratri,
2931 1834 3129 1889 domno
3158 1835 3430 1897 RODULFO,
3452 1832 3561 1887 fra-

1993 1935 2074 1979 ter
2104 1926 2402 1978 Aussuws.

2061 2014 2289 2069 Litteras
2302 2020 2530 2079 vestras,
2545 2014 2774 2079 litteras,
2787 2014 3023 2082 inquam,
3039 2029 3163 2068 vere
3176 2014 3355 2069 dilecti
3371 2022 3561 2068 etvere

1988 2108 2264 2162 dilectoris
2288 2105 2393 2160 mei
2420 2104 2546 2160 olim
2562 2105 2767 2173 accepi,
2792 2119 2913 2174 quat
2940 2119 3005 2158 ex
3034 2103 3116 2159 his
3146 2119 3264 2174 qua:
3284 2102 3505 2157 interius
3527 2116 3559 2154 a

1988 2199 2127 2253 faeie
2157 2196 2424 2260 ferebant,
2454 2195 2539 2265 pia
2562 2194 2940 2263 eompassione
2982 2208 3068 2247 me
3093 2201 3521 2263 compunxerunt
3540 2208 3569 2257 ς,

1966 2288 2082 2343 'sed
2105 2302 2171 2341 ex
2198 2286 2304 2352 his,
2330 2299 2449 2355 qum
2482 2285 2721 2339 exterius
2743 2298 2773 2337 a
2805 2292 2957 2354 tergo
2994 2283 3272 2353 gerebant,
3300 2282 3559 2337 intolera-

1990 2376 2082 2429 bili
2108 2390 2343 2431 mmrore
2367 2388 2453 2429 me
2474 2372 2910 2427 vulneraverunt.
2936 2372 3098 2438 Cujus
3115 2372 3297 2426 livoris
3318 2371 3559 2426 dolorem

1992 2466 2093 2520 nisi
2149 2466 2299 2535 prius
2346 2478 2440 2535 per
2484 2462 2909 2517 satisfactionem
2950 2461 3243 2522 deterscro,
3288 2470 3341 2513 et
3378 2471 3563 2517 noster

1991 2555 2203 2609 animus
2232 2556 2297 2608 ad
2328 2570 2414 2616 ea,
2445 2568 2563 2621 qnze
2590 2554 2762 2606 antica
2785 2553 3058 2606 desiderat
3077 2551 3401 2620 contpassio,
3428 2565 3564 2608 mte-

1993 2658 2115 2697 rore
2141 2641 2424 2712 languidus
2471 2650 2525 2695 et
2570 2642 2777 2711 pudore
2818 2650 3003 2697 mutus
3032 2642 3263 2705 deficiet,
3291 2651 3347 2697 et
3384 2653 3565 2700 nostra

1992 2747 2149 2787 mens
2200 2724 2535 2786 sinceritatis
2581 2733 2747 2796 dicta,
2796 2731 2944 2787 velut
3000 2733 3362 2795 simulationis
3418 2733 3560 2801 fleta,

1989 2824 2147 2893 quasi
2169 2823 2295 2894 jure
2322 2822 2621 2900 ‘despieiet.
2652 2821 2884 2877 Omnino
2929 2823 3073 2877 enim
3114 2824 3222 2893 pati
3253 2838 3361 2879 non
3387 2829 3567 2895 potest

1993 2929 2144 2969 meus
2171 2913 2345 2980 vobis,
2369 2922 2421 2968 et
2451 2912 2662 2967 caeteris
2693 2912 2923 2967 dominis
2952 2914 3152 2967 nostris
3176 2915 3557 2979 dilectissimis,

320 3034 605 3091 peccatum,
641 3025 1078 3093 superabundavit
1122 2987 1519 3095 gratiajmom.
1574 3038 1621 3089 v,
1661 3025 1784 3097 20),
1816 3026 1885 3080 ita
1917 2987 1960 3046 C
1994 3014 2186 3059 "esum
2208 3003 2337 3097 im?»
2363 3002 2505 3097 quo}!
2532 3002 2785 3097 Ῑίίξῆδηίίηξ
2808 3002 2925 3097 die?
2955 3003 2999 3097 si
3024 3003 3559 3097 digﬂaminitnosim

320 3114 473 3167 nobis
505 3114 803 3170 faciendum
831 3124 935 3179 est,
958 3125 1018 3169 ut
1037 3117 1127 3170 ubi
1156 3117 1392 3171 abundat
1421 3116 1637 3170 miseria
1658 3115 1703 3149 “
1733 3131 1889 3185 supe-

321 3206 587 3259 rabntulet
615 3206 1006 3260 misericordia.
1040 3207 1096 3261 Si
1125 3208 1269 3263 enim
1302 3207 1372 3259 ibi
1411 3207 1669 3261 dilatatur
1691 3208 1887 3275 gratia,

320 3295 419 3357 ubi,
445 3296 618 3364 major
639 3304 720 3347 est
759 3294 1010 3360 offensio,
1034 3294 1303 3363 quomodo
1320 3295 1669 3350 contrahetur
1684 3297 1892 3350 miseri-

319 3385 628 3449 cordia,ubi
654 3385 822 3453 major
840 3387 1065 3440 debetur
1094 3385 1439 3455 compassio?
1469 3385 1728 3452 Quoniam
1758 3386 1891 3439 enim

319 3478 772 3547 qtttescntinav'erit
796 3477 949 3531 homo
976 3478 1085 3531 Ita'c
1110 3488 1156 3529 et
1184 3486 1331 3531 metet
1347 3477 1490 3547 (Gal.
1520 3492 1597 3539 vt,
1623 3477 1714 3542 7):
1742 3474 1889 3527 Beati

322 3567 702 3630 misericordes,
734 3568 980 3633 quoniam
1010 3562 1108 3634 ipsi
1133 3566 1546 3619 misericordiam
1580 3579 1890 3631 consequere

321 3656 634 3726 tttr(tllauh.
658 3673 709 3719 v,
742 3657 814 3725 7).
841 3656 950 3709 llac
974 3657 1155 3725 itaque
1176 3655 1607 3710 consideratione
1626 3653 1691 3707 de
1715 3662 1888 3705 vestra

321 3748 657 3817 benignitate
680 3747 956 3802 conlidens
986 3748 1051 3799 ad
1083 3746 1384 3799 sanctitatis
1410 3755 1603 3798 veStra-
1630 3758 1715 3797 me
1738 3744 1893 3797 vesti-

322 3840 406 3908 gia
447 3849 624 3893 mente
671 3847 956 3905 prosterno
1010 3836 1352 3890 intereedens
1380 3849 1477 3903 pro
1509 3835 1701 3888 eadem
1730 3833 1889 3886 vidua

321 3928 664 3999 paupercula,
692 3928 845 3995 cujus
884 3928 1121 3979 animam
1162 3927 1214 3978 in
1249 3923 1593 3979 tribulatione
1620 3922 1895 3976 viduitatis

323 4026 377 4068 et
409 4016 743 4085 paupertatis
774 4013 1196 4069 misericorditer
1219 4020 1440 4082 propter
1470 4010 1638 4065 Deum
1672 4010 1893 4082 refrige-

324 4106 665 4170 rastis;cum
696 4106 745 4160 ei
789 4104 917 4159 illud
981 4104 1027 4135 ’⁵³
1084 4102 1346 4159 tantillum
1391 4101 1618 4167 servitii,
1666 4102 1808 4172 quod
1863 4118 1892 4155 a

323 4197 648 4265 paupercula
679 4205 869 4251 vestra:
898 4193 1591 4265 magnitudinisolvebatur,
1616 4208 1701 4247 me
1724 4194 1892 4247 inter-

1990 3094 2431 3164 congregationis
2457 3091 2717 3147 fratribus
2742 3092 3091 3148 devotissim‘a
3112 3094 3178 3160 “,
3205 3094 3448 3159 omnino,
3480 3096 3564 3149 in.

1992 3200 2177 3253 quam,
2220 3185 2335 3254 pati
2377 3199 2483 3238 non
2512 3194 2711 3255 potest,
2742 3195 2802 3239 ut
2843 3186 2927 3240 vel
2972 3187 3319 3255 suspiceminl
3368 3201 3436 3241 ex
3465 3202 3562 3243 ore

1995 3290 2117 3329 meo
2137 3275 2359 3340 exiisse,
2390 3275 2534 3342 quod
2571 3289 2679 3328 non
2710 3275 2939 3344 amplius
2976 3275 3126 3330 vobis
3154 3275 3319 3331 libros
3349 3284 3563 3331 nostros

1995 3368 2369 3438 praestabimus
2394 3384 2407 3421 :
2437 3368 2538 3421 hoc
2581 3358 2813 3436 namque
2842 3367 2886 3421 si
2910 3382 3145 3437 unquam
3173 3371 3354 3425 dicere
3380 3371 3560 3440 potui,

1995 3469 2047 3512 et
2076 3444 2167 3512 v'os
2195 3456 2421 3521 credite,
2447 3464 2500 3509 et
2526 3467 2626 3525 ego
2667 3456 2963 3512 confitebor
2995 3472 3081 3514 me
3106 3440 3381 3529 nunquam
3410 3460 3563 3516 vobis

1993 3551 2223 3602 amicum
2252 3548 2418 3602 fuisse
2451 3562 2722 3611 veracetn,
2751 3547 2844 3601 sed
2885 3549 3252 3606 simulatorem
3291 3549 3562 3609 fallacem.

1993 3639 2270 3704 Quomodo
2294 3638 2459 3703 enim,
2492 3640 2753 3707 quantum
2779 3638 2845 3692 ad
2871 3653 2956 3693 me
2985 3641 3199 3705 attinet,
3232 3641 3433 3709 aliquid
3458 3640 3565 3698 illis

1995 3746 2212 3797 possum
2242 3744 2461 3799 negare,
2524 3728 2858 3797 pro—quibus
2906 3730 3141 3785 animam
3187 3746 3293 3785 non
3324 3732 3567 3787 dubitem

1997 3824 2161 3877 dare?
2185 3821 2337 3887 Quod
2368 3831 2548 3875 tamen
2585 3822 2628 3875 si
2657 3838 2759 3891 qua
2792 3839 2909 3877 mea
2935 3837 3042 3877 non
3067 3823 3309 3879 cruditas
3330 3824 3563 3887 ventris,

1996 3914 2090 3966 sed
2113 3912 2408 3967 crudelitas
2434 3912 2629 3966 tuentis
2658 3913 3015 3977 evomuisset,
3046 3922 3151 3967 tam
3184 3910 3399 3966 sublimi
3432 3911 3563 3990 illud

1999 4000 2325 4067 humilitate,
2353 4011 2462 4056 tam
2499 3999 2804 4055 admirabili
2844 4003 3124 4070 patientia,
3158 4010 3265 4055 tam
3298 4001 3565 4077 submissa

1996 4091 2371 4147 satisfactione
2418 4101 2473 4148 et
2506 4092 2865 4149 satisfacienti
2893 4092 3254 4147 submissioue
3284 4090 3562 4157 retulistis,

1962 4188 2055 4239 'nt
2080 4201 2167 4241 me
2200 4186 2332 4239 nihil
2361 4202 2597 4255 unquam
2628 4186 2804 4240 simile
2831 4185 3036 4239 dixisse
3062 4180 3379 4273 prot'undlus
3399 4187 3565 4253 pude-

321 4286 594 4350 venieutc,
614 4286 912 4339 relaxastis.
928 4282 1303 4352 Precorigitur
1323 4281 1509 4350 quanti
1528 4281 1678 4336 valeo
1691 4281 1892 4353 suppli-
1923 4301 1969 4366 ι)
2000 4288 2102 4345 ret,
2126 4277 2208 4333 vel
2236 4278 2397 4333 altius
2420 4280 2723 4348 pmoiteret.
2746 4276 2979 4331 Litteras
3004 4291 3239 4345 quoque,
3268 4291 3386 4347 qua:
3414 4276 3565 4330 vobis

322 4377 645 4438 cationibuv,
675 4384 732 4429 ut
764 4391 978 4429 manuni
1019 4374 1424 4439 consolationis,
1471 4389 1631 4443 quam
1671 4374 1719 4427 ei
1766 4387 1888 4442 por-

324 4465 541 4518 rexistis
564 4480 682 4519 cum
711 4472 917 4519 tanttun
936 4465 1193 4521 viduitate
1212 4475 1593 4534 etpaupertate
1622 4480 1893 4536 premere~

324 4566 434 4617 tur,
466 4570 609 4608 nunc
638 4571 706 4610 ne
730 4556 1047 4619 retrahatis;
1079 4573 1201 4611 cum
1225 4557 1590 4628 multiplicatis
1616 4557 1890 4618 aerumnis.

321 4644 487 4697 etiam
513 4644 695 4699 dolore
721 4646 956 4699 defuncti
986 4645 1101 4711 ﬁlii,
1135 4647 1313 4700 anima
1369 4647 1485 4716 ejus
1513 4645 1892 4701 miserabiliter

324 4742 627 4803 torquetur.
660 4734 725 4786 Et
752 4734 965 4802 quidem
986 4735 1098 4789 scio
1118 4736 1240 4804 quia
1260 4736 1691 4805 praesumptionis
1711 4735 1893 4789 existi-

321 4823 458 4875 mari
484 4833 663 4891 queat,
690 4824 833 4892 quod
860 4825 1151 4879 homuncio
1172 4826 1279 4895 (eui
1308 4826 1441 4879 nihil
1462 4824 1707 4888 debetur,
1733 4823 1891 4892 etqui

1998 4385 2093 4437 pro
2120 4368 2463 4423 remittendis
2486 4368 2638 4422 libris
2662 4368 2843 4422 missa:
2871 4378 3015 4432 sunt,
3045 4383 3143 4421 nec
3162 4369 3235 4421 ita
3263 4366 3559 4436 fierijussi;

1997 4474 2095 4513 nec
2126 4466 2251 4512 ante
2288 4455 2664 4511 recitationem
2694 4471 2906 4522 eorum,
2934 4457 3023 4526 qui
3049 4455 3215 4509 libros
3241 4454 3559 4517 attulerunt,
3621 4468 3624 4474 λ

1998 4549 2068 4600 ita
2111 4548 2277 4600 factas
2303 4560 2422 4599 esse
2469 4547 2621 4600 scivi.
2662 4546 2890 4613 Domino
2919 4546 3079 4615 igitur
3130 4544 3325 4599 abbate
3371 4558 3564 4598 conce«

1996 4636 2174 4698 dente,
2202 4651 2285 4690 me
2314 4637 2552 4701 volente,
2580 4637 2723 4691 nullo
2752 4637 2973 4690 fratrum
3027 4637 3328 4699 resistente,
3350 4643 3561 4697 nostro.

1998 4727 2202 4797 pariter
2254 4734 2309 4782 et
2359 4738 2539 4783 vestro
2592 4736 2939 4797 compensate
2977 4726 3276 4789 commodo,
3326 4726 3563 4779 libenter

1996 4821 2146 4877 vobis
2174 4835 2523 4889 quoscunque
2552 4820 2735 4884 libros,
2766 4819 2848 4872 vel
2884 4819 3057 4889 potius
3079 4832 3412 4889 quascunque
3459 4817 3561 4872 ha-

1622 4957 1848 5012 \'ARl/E
1884 4954 2283 5014 LECTIONES.

397 5094 442 5123 ³ν
477 5092 729 5144 lrrisione
758 5091 809 5144 in
849 5099 1107 5146 aeternum
1131 5108 1193 5145 ex
1221 5093 1537 5155 necessitate
1570 5110 1696 5147 mss.
1726 5092 1974 5147 irrisione
1996 5106 2059 5145 ex
2081 5090 2421 5143 Pnecessuate
2494 5088 2536 5119 ⁸ο
2578 5086 2828 5141 Dominus
2866 5084 3215 5155 Gnndulphns
3250 5104 3372 5140 mss.
3400 5087 3565 5141 Dom-

320 5160 797 5239 nll§_90ttdulpl_ltl8
867 5160 909 5191 “
936 5160 1139 5239 Cnoilata
1162 5178 1278 5239 cum
1298 5164 1578 5239 .prtedictis
1618 5165 1836 5239 duobus
1863 5162 1991 5239 Vict.
2067 5160 2385 5239 "Abundet
2409 5160 2625 5212 miseria
2651 5172 2771 5209 mss.
2808 5160 3219 5239 abun_dat‘ntiset

1212 5232 1257 5260 “
1283 5225 1640 5298 A'pprobetur.
1682 5247 1781 5282 ms.
1815 5233 1864 5284 1.
1920 5232 2028 5281 Ιιιιτ
2068 5230 2213 5281 addit
2252 5242 2268 5279 :
2300 5245 2415 5296 qute
2446 5237 2564 5281 sunt
2593 5242 2713 5298 pars
2743 5226 2892 5291 epist.
2938 5225 2991 5298 7_.
3050 5226 3311 5298 Utigitur
3343 5226 3557 5298 tandem

321 5234 369 5285 ei
413 5230 539 5283 illud
570 5244 667 5281 ms.
700 5230 747 5280 l.
792 5245 914 5283 cum
973 5230 1101 5283 illud

2067 5160 2110 5189 "
2140 5158 2385 5212 Abundet
2409 5158 2625 5212 miseria
2651 5172 2771 5209 mss.
2808 5156 3045 5209 abundat
3069 5157 3283 5210 miseria
3355 5155 3399 5186 "
3428 5158 3557 5209 Cum

252 5326 255 5327 ν
323 5308 564 5353 nostram
588 5307 643 5351 et
669 5306 724 5349 ut
751 5300 912 5351 credo
942 5308 1091 5367 tuam
1118 5294 1441 5352 sententiam
1467 5316 1625 5367 super
1652 5309 1862 5352 tuorum
1888 5310 2101 5352 actuum
2128 5294 2442 5367 acceptione
2470 5295 2809 5367 propalentus
2844 5294 3140 5367 :__quicquid
3180 5308 3323 5367 erga
3353 5308 3447 5367 nos
3477 5294 3559 5346 vel

324 5368 615 5434 quemlibet
647 5367 806 5418 alium
838 5366 1171 5420 laudabiliter
1200 5362 1737 5436 agis,gratissituum
1784 5370 2059 5431 habemus,
2092 5368 2183 5420 sed
2222 5362 2409 5419 laudes
2437 5362 2550 5434 ejus
2572 5362 2639 5416 in
2671 5362 3011 5436 illuurtliem,
3036 5362 3160 5416 cum
3205 5362 3559 5415 laudabuntur

322 5452 533 5507 (ttitttCS__
553 5436 680 5489 recti
708 5436 888 5507 corde,
920 5445 973 5507 et
1002 5452 1124 5507 eum
1156 5438 1267 5490 Iatts
1306 5438 1407 5489 erit
1442 5438 1727 5507 unicuique
1754 5455 1781 5491 a
1811 5438 1935 5497 Deo.
1970 5436 2259 5491 scrxaudas
2285 5449 2567 5491 censemus

325 5508 456 5559 ulari
499 5503 628 5557 Vict.
706 5506 746 5533 “
778 5505 1141 5559 Devotissituis
1174 5523 1267 5558 ms.
1299 5506 1636 5561 dcvolissima

2667 5434 2709 5463 δδ
2740 5431 2941 5485 (Iollam
2971 5449 3086 5484 cum
3121 5446 3221 5483 uno
3254 5447 3350 5483 ms.
3384 5448 3559 5483 excin-
