4214 6198
634 194 768 247 1075

1122 199 1176 249 5.
1211 198 1503 261 ANSELMI
1542 204 1889 259 (IANTUML
1928 199 2171 255 ARCHlli

2278 197 2406 253 ιιιθιδ
2467 196 2643 252 I‘AIlS
2680 192 2763 251 Ill.
2797 198 3257 277 α-ηςβΡΙΞΤυιιΑἶ.

3718 176 3858 256 toto

632 305 838 366 bemus,
875 311 1146 360 uuttemns
1201 313 1418 376 quando
1470 314 1730 381 cxigetis;
1776 330 1911 383 quos
1955 328 2079 365 vero
2123 313 2188 363 de
2221 314 2259 368 Α
2292 310 2455 377 ptitzsil
2487 325 2622 360 esse.
2656 308 2755 374 Qui
2787 310 2829 361 si
2865 324 2961 361 nos
2995 309 3181 360 audire
3225 309 3564 375 dignabitur,
3606 307 3726 361 talis
3768 314 3861 375 sit,

629 395 825 446 nostris
877 405 970 445 vos
1020 394 1248 459 habetis,
1284 398 1614 453 dituitletnus
1644 403 1875 469 quandiu
1919 402 2183 468 indigetis.

632 480 999 536 llelectabilius
1020 485 1353 553 scripsissem
1374 490 1692 543 cliarissinio
1718 506 1836 542 meo
1862 492 1910 540 iu
1928 490 2187 557 spirituali

625 572 919 625 eet-tamine
972 576 1267 641 anhelanti,
1301 588 1355 630 et
1404 580 1561 632 amici
1598 582 2025 646 compassioncm
2089 579 2191 647 piis

623 662 911 727 gemitibus
942 669 1282 730 provocanti,
1311 668 1556 731 licctjnon
1579 668 1858 735 indigenti,
1887 671 1981 721 sed
2011 680 2187 722 tamen

621 754 855 819 cupienti
886 756 1095 823 qualem
1129 772 1336 824 possem
1391 757 1875 823 confortationem,
1906 773 2190 831 qupm,ne.

620 843 750 908 quid
779 844 846 897 de
881 861 966 897 me
1014 846 1289 899 inimicum
1341 847 1548 909 amicus
1576 850 1841 913 crederet,
1885 851 1987 904 mei
2022 864 2185 904 excu-

618 931 900 986 sationem.
938 932 1042 987 Sed
1094 935 1345 1000 quoniam
1399 944 1455 989 et
1482 937 1610 991 illud
1640 939 1746 992 erit
1797 938 2185 1007 rccuperabile,

617 1027 672 1069 et
708 1020 809 1073 hoc
837 1020 949 1086 pati
978 1021 1152 1075 amico
1176 1032 1296 1075 erat
1344 1023 1706 1090 intolerabile,
1735 1041 1836 1081 nec
1882 1026 2186 1096 epistolaris

615 1110 659 1138 ⁵⁷
686 1110 931 1179 angustia
957 1119 1169 1177 poterat
1208 1114 1258 1166 in
1290 1122 1518 1183 utroque
1543 1116 1767 1171 allectus
1792 1132 1983 1186 capere
2012 1117 2186 1171 latitu-

612 1198 814 1261 dinem,
831 1200 1000 1270 313
1031 1202 1214 1255 distuli
1240 1204 1382 1272 quod
1405 1204 1729 1267 delectabat,
1754 1215 1813 1259 ιιι
1839 1206 2182 1260 excluderem

609 1289 756 1356 quod
784 1289 1029 1347 laedebat.
1058 1293 1206 1347 Adeo
1229 1295 1393 1359 enim,
1419 1294 1586 1350 frater
1607 1296 1972 1359 dilectissime,
1996 1297 2061 1350 de
2082 1290 2184 1351 tute

608 1379 849 1446 puritate
878 1381 1163 1439 ebaritatis
1191 1383 1339 1437 omni
1393 1383 1556 1439 modo
1581 1400 1699 1441 sum
1725 1396 1928 1451 certus,
1955 1394 2014 1440 ut
2042 1388 2087 1441 si
2116 1389 2183 1442 de

608 1482 731 1522 mea
754 1484 879 1539 erga
918 1481 970 1525 te
1008 1472 1299 1542 quidquam
1321 1474 1621 1529 credideris
1651 1477 2013 1538 imminutum,
2046 1476 2097 1530 id
2132 1484 2183 1530 te

606 1561 726 1614 sine
753 1561 970 1616 tristitia
1002 1563 1085 1617 vel
1110 1564 1349 1635 cogitare
1376 1580 1481 1620 non
1508 1580 1665 1635 posse
1704 1566 1849 1619 nullo
1886 1566 2046 1621 modo
2074 1566 2177 1620 sim

2293 414 2359 450 eo
2386 399 2620 464 iuvante,
2657 410 2838 450 nostra
2860 399 3208 457 eobabitatio,
3234 408 3292 449 ιιι
3320 409 3429 452 tota
3459 400 3509 451 in
3541 401 3645 450 vita
3676 412 3862 454 nostra

2294 491 2364 542 sit
2397 490 2466 540 illi
2511 488 2809 557 gratiarum
2860 489 3019 541 actio.
3070 488 3567 559 Quoniam-autem
3616 503 3862 556 necego,

2295 593 2392 630 nec
2424 586 2479 629 ιιι
2512 576 2680 630 nostri
2712 592 2919 635 sumus,
2964 578 3072 629 sive
3109 578 3245 628 enim
3282 577 3522 639 rivimus,
3560 580 3666 630 sire
3700 579 3865 629 mori-

2245 662 2249 673 “
2291 683 2428 727 mur,
2469 666 2678 719 Domini
2698 683 2877 719 manu
2911 666 3088 733 (liam.
3128 682 3241 729 xw,
3267 666 3353 735 8);
3382 667 3426 718 si
3472 667 3651 729 aliter,
3695 682 3865 734 quam

2292 757 2539 821 velimus,
2593 758 2920 826 disposuerit
2959 772 3077 821 nos,
3126 758 3219 826 qui
3266 758 3409 809 novit
3442 756 3634 811 melius
3683 760 3859 821 nobis,

2288 846 2415 914 quid
2449 845 2657 911 placeat
2687 846 2811 908 sibi,
2850 845 2931 898 vel
2962 844 3206 915 expediat
3261 845 3447 905 nobis,
3482 846 3748 913 patienter
3779 854 3865 897 to-

2290 933 2526 986 leremus
2545 933 2807 1002 quidquid
2847 933 2921 987 illi
2952 934 3018 987 de
3046 933 3203 986 nobis
3243 932 3579 986 senserimus
3616 932 3860 1000 placere,

2287 1026 2332 1077 si
2367 1022 2636 1077 noluimus
2660 1023 2761 1092 ipsi
2808 1038 2907 1077 nos
2945 1022 3257 1091 displicere.
3288 1020 3459 1087 Quam
3492 1022 3638 1073 enim
3677 1018 3865 1073 brevis

2287 1127 2369 1171 est
2394 1119 2501 1171 vita
2535 1126 2744 1180 nostra,
2771 1124 2879 1169 tam
2907 1128 3069 1183 prope
3088 1123 3188 1175 est,
3220 1123 3278 1167 ut
3306 1116 3373 1169 de
3405 1113 3571 1182 ipsius
3592 1123 3645 1166 et
3673 1121 3864 1166 nostra

2289 1217 2471 1261 mutua
2501 1208 2792 1295 prtescutia
2816 1206 2928 1276 jam
2978 1220 3085 1259 non
3111 1204 3341 1274 amplius
3384 1203 3681 1257 divellenda
3726 1216 3865 1256 con-

2284 1294 2648 1367 gratulentur;
2682 1300 2749 1365 si,
2779 1298 2898 1367 ipso
2936 1297 3115 1359 dante,
3150 1296 3202 1350 in
3241 1296 3493 1350 omnibus
3534 1294 3607 1349 illi
3640 1295 3861 1362 acquicc

2285 1387 2482 1442 scendo
2512 1388 2652 1442 banc
2677 1388 2844 1456 ipsam
2871 1385 3190 1448 brevitatem
3222 1393 3600 1438 transcurrere
3626 1384 3862 1435 vitzecu-

2285 1494 2493 1534 retuus.
2524 1479 2744 1533 Interim
2771 1486 2950 1531 tamen
2980 1487 3315 1543 quarcuoqne
3341 1488 3440 1527 nos
3472 1473 3739 1534 locorum,
3771 1474 3858 1525 vel

2285 1571 2667 1640 pmpinquitas
2705 1571 3002 1633 cmitiueat,
3029 1568 3119 1621 vel
3158 1564 3521 1632 longinquitas
3569 1563 3858 1627 distineat,

606 1660 807 1705 certus.
876 1654 1155 1719 Quomodo
1206 1657 1369 1725 igitur
1410 1671 1629 1726 possum
1682 1672 1788 1711 non
1818 1657 2109 1713 transferre
2135 1658 2180 1689 ⁸⁸
2215 1628 2256 1685 Β
2285 1660 2527 1715 cluat-itas
2566 1675 2785 1730 semper
2832 1674 2997 1713 unum
3050 1656 3115 1711 de
3171 1654 3381 1707 duobus
3428 1653 3583 1707 nobis
3612 1654 3856 1707 animum

607 1739 752 1794 illum
776 1730 1011 1798 ilolorem
1038 1744 1088 1797 in
1112 1746 1352 1800 animum
1374 1761 1581 1812 meum;
1619 1748 1699 1802 vel
1722 1749 1898 1816 potius
1913 1750 2179 1818 quomodo

530 1866 531 1871 η
606 1849 713 1885 non
741 1834 915 1888 dicam
955 1835 1101 1890 illum
1133 1838 1405 1893 dolentem
1434 1838 1676 1891 animum
1701 1854 1822 1893 esse
1853 1853 2053 1903 meum,
2084 1841 2176 1909 qui

608 1925 689 1978 sic
716 1925 859 1979 dolet
880 1936 1103 1996 propter
1128 1943 1367 1984 amorem
1398 1931 1613 1986 meum?
1644 1932 1794 2000 Rogo
1824 1929 2017 2000 igitur,
2047 1933 2178 1985 eba-

606 2015 847 2079 rissime,
882 2028 939 2070 ut
972 2020 1015 2073 si
1044 2020 1171 2089 quid
1217 2022 1469 2092 deinceps
1509 2023 1745 2076 audieris
1776 2024 1841 2076 de
1893 2038 1998 2090 me,
2035 2027 2175 2092 quod

601 2118 731 2174 erga
760 2115 813 2160 te
838 2117 993 2161 extra
1026 2109 1260 2179 regulam
1296 2111 1541 2165 videatur
1565 2112 1873 2175 cbaritatis,
1912 2127 2016 2166 non
2049 2128 2171 2167 cre—

600 2197 694 2247 dat
732 2196 834 2250 boc
886 2198 1245 2253 indiscussum
1295 2200 1508 2253 animus
1562 2210 1683 2253 tuus
1736 2200 1873 2255 alter
1898 2217 2069 2269 meus,
2108 2216 2175 2256 ne

600 2284 827 2339 ltedatur
854 2288 1067 2342 auiutus
1099 2305 1252 2343 meus
1302 2290 1438 2345 alter
1492 2299 1638 2345 tuus.
1667 2289 1852 2345 Saluta
1883 2307 1951 2346 ex
1989 2303 2172 2348 nostra

603 2384 755 2442 parte
777 2391 967 2457 omnes
994 2379 1241 2433 dominos
1270 2394 1419 2434 meos
1445 2380 1641 2436 fratres
1683 2393 1803 2438 tuos
1829 2401 1843 2437 :
1876 2385 2018 2437 inter
2039 2398 2175 2452 quos

600 2465 745 2517 enim
776 2466 980 2521 nullum
1014 2468 1257 2524 invenire
1285 2485 1504 2539 possqu
1538 2488 1643 2525 non
1668 2474 1948 2539 dilectum,
1979 2484 2044 2526 ex
2072 2473 2175 2528 illis

604 2551 811 2605 nullum
865 2554 1069 2623 eligere
1120 2572 1339 2627 possum
1393 2569 1451 2612 ιιι
1496 2560 1770 2614 dilectum.
1822 2561 1923 2628 Qui
1995 2572 2171 2617 tamen

600 2641 923 2696 diuturniori
959 2648 1290 2715 experientia
1316 2649 1435 2714 plus
1467 2661 1640 2702 tecum
1663 2648 1732 2703 de
1757 2665 1875 2721 mea
1900 2634 2170 2704 confidant

599 2731 879 2796 ﬁdelitate,
911 2750 1009 2788 nec
1044 2746 1210 2801 tuam,
1242 2752 1340 2791 nec
1363 2738 1575 2792 illorum
1606 2738 1741 2793 latet
1776 2739 2166 2795 sinceritatem.

602 2818 731 2874 Vale
759 2833 831 2886 ιιι,
860 2834 915 2877 et
938 2824 1150 2879 valeant
1184 2826 1279 2879 illi.

1114 2936 1442 2993 EPISTOLA
1479 2938 1549 2993 XI
1585 2937 1634 2972 δ’

1208 3045 1276 3083 ΔΙ)
1316 3045 1554 3087 EUIDEM.

530 3158 533 3163 ’
595 3132 1104 3213 Ηυάιιιιιιηινρήῃὶι,
1153 3159 1303 3207 quem
1348 3145 1704 3211 prtepositurte
1748 3146 1953 3213 negotia
1983 3160 2015 3195 tt
2064 3144 2167 3211 fre-

665 3211 947 3275 qttentioris
999 3213 1230 3263 lectionis
1259 3222 1305 3264 et
1347 3214 1598 3265 orationis
1647 3211 2165 3280 opere—rrttocabant,

666 3289 714 3333 et
743 3281 829 3345 qui
856 3296 908 3331 se
938 3280 1041 3331 illis
1071 3284 1317 3349 imparem
1338 3281 1634 3349 judicabat.

669 3373 943 3433 lloomru,
973 3370 1123 3424 fratri
1156 3384 1280 3425 vere
1312 3371 1529 3432 dilecto,
1561 3371 1727 3425 frater
1754 3372 2053 3427 Aassuws.

672 3464 738 3515 Ut
765 3475 866 3512 nec
894 3468 1101 3513 taceam
1132 3460 1299 3513 animi
1329 3459 1522 3513 allecto
1557 3461 1887 3527 admonitus,
1922 3462 2063 3530 quod
2086 3462 2170 3517 di-

596 3566 722 3605 rere
772 3565 875 3603 non
922 3550 1093 3603 audeo
1138 3550 1333 3603 vestris
1380 3550 1575 3603 litteris
1617 3551 1951 3617 prohibitus,
2005 3566 2162 3620 quem

596 3639 746 3694 timui
777 3640 1049 3694 dominum
1082 3654 1257 3693 meum
1289 3653 1477 3691 vocare
1512 3640 1563 3691 iu
1587 3638 1931 3701 salutatione,
1956 3640 2165 3695 audebo

594 3731 784 3784 saltem
812 3730 1097 3784 ostendere
1144 3744 1231 3783 me
1279 3743 1494 3781 servum
1528 3726 1643 3794 ejus
1671 3728 1725 3781 in
1764 3729 2005 3794 epistola!
2043 3745 2166 3798 pro-

593 3821 887 3877 secutioue.
926 3821 1173 3888 Inquam
1211 3820 1353 3871 enim
1387 3818 1651 3870 cbaritate
1697 3819 1857 3888 diligo
1890 3820 2163 3874 dominum

596 3910 884 3964 llodulfum
916 3920 971 3961 ut
999 3908 1221 3961 fratrem
1255 3921 1386 3960 mea:
1418 3921 1519 3959 non
1565 3908 1764 3971 carnis,
1807 3910 1902 3963 sed
1934 3911 2126 3964 anima:
2149 3951 2163 3972 ,

591 4003 648 4057 iu
697 4001 809 4069 ipsa
878 4000 1052 4053 cidem
1129 3998 1335 4051 servire
1382 4007 1601 4065 paratus
1666 3994 1808 4064 sum,
1862 4009 1919 4053 ut
1952 4015 2161 4053 servus.

590 4092 931 4160 Quapropter
954 4090 997 4142 si
1041 4091 1141 4141 hoc
1173 4101 1258 4142 me
1297 4087 1499 4155 jubetis
1535 4099 1735 4152 tacere,
1767 4091 1910 4158 quod
1955 4093 2159 4160 utique,

596 4194 653 4235 ιιι
678 4199 743 4236 ex
770 4182 1097 4237 conscientia
1126 4181 1333 4248 loquar,
1363 4180 1490 4232 tuibi
1523 4180 1653 4233 estis
1683 4195 1749 4235 ex
1799 4196 2003 4235 morum
2032 4198 2160 4251 qua-

2280 1750 2550 1804 ronliciat.
2588 1751 2669 1804 Ad
2706 1751 2832 1803 illud
2864 1765 2991 1803 vero
3017 1747 3156 1818 quod
3181 1759 3266 1798 me
3296 1754 3403 1797 tam
3440 1746 3667 1801 sollicite.
3692 1760 3857 1812 rogas

2281 1840 2572 1909 impetrare
2594 1841 2664 1892 ab
2691 1839 3099 1907 archiepiscopo
3130 1839 3453 1899 Laufranro,
3488 1852 3610 1890 eum
3640 1836 3706 1888 de
3736 1836 3854 1887 Au-

2280 1931 2385 1999 glia
2416 1931 2625 1983 venerit
2647 1930 2690 1983 si
2729 1944 2937 1983 mecum
2972 1944 3093 1983 esse
3114 1944 3219 1983 non
3259 1928 3462 1997 poteris
3488 1968 3504 1991 ,
3550 1924 3855 1993 respondeo

2278 2022 2404 2090 quia
2458 2022 2599 2076 sicut
2629 2021 2695 2073 de
2733 2030 2782 2074 te
2806 2020 2949 2088 quod
3002 2020 3110 2073 Deo
3151 2018 3361 2088 gratius
3386 2024 3441 2069 et
3486 2015 3579 2070 tibi
3610 2013 3854 2082 intelligo

2278 2111 2462 2164 utilius
2492 2094 2765 2173 desidero,
2815 2109 2888 2161 ita
2932 2106 3175 2164 conabor
3206 2116 3265 2161 ιιι
3293 2106 3408 2168 fiat,
3441 2107 3486 2159 si
3518 2115 3730 2174 potero.
3767 2104 3852 2155 In.
3912 2164 3917 2171 _

2278 2198 2433 2251 terim
2458 2196 2723 2264 hilariter,
2745 2198 2888 2265 quod
2916 2198 3053 2266 agis,
3078 2210 3177 2267 age
3200 2212 3216 2256 ;
3245 2196 3388 2267 quod
3414 2192 3683 2266 operaris.
3716 2207 3850 2261 opo-

2278 2302 2398 2341 rare
2422 2305 2434 2339 :
2465 2288 2683 2341 hilarem
2711 2280 2844 2342 enim
2876 2271 3109 2341 datorem
3137 2287 3306 2354 diligit
3336 2286 3472 2338 Deus
3494 2282 3579 2352 (11
3603 2284 3723 2336 Cor.
3747 2284 3846 2351 ιι).

2274 2379 2428 2445 Quod
2455 2393 2587 2432 vero
2618 2393 2716 2449 per
2744 2378 2844 2431 hoc
2864 2378 3005 2445 quod
3030 2378 3166 2447 agis,
3197 2377 3550 2446 conqueraris
3576 2391 3605 2427 a
3640 2373 3848 2442 legendi

2276 2469 2358 2521 vel
2384 2469 2572 2523 orandi
2626 2476 2675 2522 te
2706 2467 2987 2535 praepediri
3040 2466 3295 2521 instantia
3322 2506 3339 2529 ,
3374 2466 3446 2518 sit
3483 2464 3582 2517 tibi
3610 2465 3709 2516 hoc
3742 2478 3846 2515 non

2275 2559 2487 2613 modica
2513 2557 2835 2617 consolatio,
2864 2556 2988 2623 quia
3012 2554 3244 2607 charittts
3271 2552 3435 2620 aperit
3458 2550 3845 2603 multitudinem
3915 2572 3921 2583 ι

2270 2656 2599 2716 peccatorum
2621 2646 2674 2715 (Ι
2734 2643 2974 2706 Petunt,
3008 2645 3084 2713 8).
3112 2642 3167 2696 In
3191 2657 3300 2712 quo
3339 2641 3485 2696 enim
3517 2650 3569 2696 tu
3600 2642 3844 2725 retrahi;—

2272 2736 2367 2797 ris,
2396 2734 2535 2787 alius
2570 2733 2889 2797 attrahitur;
2926 2732 2977 2786 in
3009 2746 3117 2801 quo
3147 2740 3200 2785 ιιι
3229 2732 3506 2794 curvaris,
3558 2730 3695 2783 alius
3732 2731 3845 2784 eri-

2269 2824 2447 2895 gitur;
2512 2826 2566 2878 iu
2621 2837 2731 2892 quo
2810 2834 2864 2876 tu
2926 2822 3208 2891 gravaris,
3258 2820 3397 2876 alius
3475 2830 3744 2891 portatur.
3783 2820 3851 2873 Et

2193 2945 2240 3007 C
2272 2926 2548 2972 memento
2574 2918 2700 2985 quia
2746 2928 2959 2975 servus,
2987 2914 3076 2982 qui
3110 2928 3309 2967 vacuus
3336 2915 3551 2966 domum
3577 2911 3847 2974 redit,ve-

2269 3008 2439 3063 lucius
2455 3005 2655 3073 currit;
2684 3005 2778 3060 sed
2808 3012 3033 3059 onerato
3059 3004 3251 3056 domus
3280 3011 3389 3057 tota
3440 3001 3613 3055 laetior
3653 3015 3848 3055 oecur-

2271 3098 2359 3152 rit.
2394 3096 2505 3152 Nec
2532 3095 2656 3165 quia
2685 3094 2892 3148 tardius
2916 3088 3139 3155 venit“,
3157 3108 3185 3145 a
3215 3106 3487 3162 quoquam
3508 3092 3842 3160 corripitur;

2269 3175 2362 3239 sed
2437 3184 2560 3251 quia
2608 3182 2815 3235 utiliter
2863 3189 2947 3235 est
3003 3180 3598 3249 fatigatus,quiescere
3645 3179 3846 3248 prteci-

2270 3278 2434 3346 pitur.
2483 3275 2540 3329 Si
2575 3288 2705 3328 vero
2734 3273 2870 3326 dicis
2906 3272 3029 3339 quia
3067 3271 3430 3347 iujuuctoptibi
3485 3268 3659 3324 obicio
3698 3277 3843 3324 stre-

2270 3370 2471 3431 nuilas,
2523 3365 2607 3420 vel
2662 3364 2924 3418 industria
2976 3372 3061 3415 tua
3099 3377 3211 3432 non
3238 3356 3435 3415 snllicit
3468 3400 3486 3425 ,
3541 3359 3845 3428 respondeo

2269 3463 2563 3518 secundum
2595 3467 2741 3513 tuam
2765 3459 2830 3512 de
2855 3466 2905 3511 te
2926 3455 3399 3515 existimationem,
3419 3469 3522 3508 non
3545 3456 3842 3508 secundum

2268 3568 2462 3613 meam,
2498 3551 2624 3619 quia
2656 3562 2754 3602 nec
2780 3548 2971 3601 oculus
2996 3547 3174 3615 lippus
3212 3555 3266 3599 et
3305 3544 3533 3603 solusju
3561 3545 3844 3611 rapitevi—

2267 3643 2423 3699 deudi
2445 3642 2676 3697 oﬂicium
2712 3639 2929 3707 explere
2952 3638 3149 3691 sulllcit
3169 3677 3185 3701 ,
3217 3645 3480 3699 etktamen
3507 3634 3576 3689 ab
3603 3650 3668 3690 eo
3698 3636 3845 3704 quod

2267 3742 2489 3802 postest,
2517 3731 2641 3800 quia
2672 3730 2817 3784 solus
2840 3730 2891 3782 id
2916 3730 2969 3783 in
2992 3743 3091 3783 suo
3103 3742 3331 3796 corpore
3360 3735 3558 3796 potest,
3578 3741 3684 3779 non
3709 3727 3847 3780 defi-

2267 3824 2368 3875 eit.’
2383 3820 2647 3886 Quoniam
2677 3833 2805 3871 vero
2828 3818 2941 3886 jam
2979 3817 3194 3871 modum
3232 3816 3445 3869 excedit
3472 3815 3699 3882 epistola
3718 3856 3733 3878 ,
3776 3825 3837 3869 et

2267 3912 2369 3963 alia
2392 3925 2510 3979 qua:
2535 3908 2822 3978 scripsisti,
2848 3906 2965 3976 plus
2986 3916 3145 3975 egent
3165 3906 3455 3974 colloquio,
3506 3920 3667 3973 quam
3696 3907 3839 3970 scri-

2267 4013 2445 4071 ptura,
2457 4016 2560 4069 qua
2576 4000 2786 4052 abutula
2796 4009 2853 4050 ιιι
2873 3998 3012 4051 sacri
3037 3996 3158 4049 libri
3184 4011 3199 4049 :
3218 4011 3284 4048 ea
3311 3996 3523 4048 interim
3546 3996 3657 4049 Deo
3669 3995 3845 4050 fiden-

2268 4102 2349 4145 ter
2368 4091 2792 4151 committentes,
2820 4098 2874 4141 et
2898 4086 3129 4141 assiduis
3156 4085 3492 4139 orationibus
3510 4099 3845 4153 prosequen-

2232 4162 2368 4244 .tes,
2396 4180 2721 4248 colloquium
2754 4179 2869 4248 pari
2901 4187 3025 4231 voto
3049 4185 3445 4246 exspectemus,
3472 4185 3529 4228 et
3551 4174 3851 4245 epistolam

593 4275 770 4337 litate,
804 4273 886 4325 vel
908 4272 1008 4325 boc
1037 4271 1162 4323 mibi
1206 4271 1365 4343 liceat
1389 4272 1658 4338 conllleri,
1691 4275 1831 4343 quod
1862 4276 2010 4329 vobis
2040 4292 2157 4330 sum
2193 4269 2236 4327 ι)
2264 4269 2533 4325 communi
2570 4280 2833 4322 consensu
2863 4267 3236 4319 terminemus.

594 4379 659 4414 ex
689 4363 861 4430 prima
902 4362 1198 4413 voluntate.
1230 4342 1429 4413 Taceat
1472 4363 1637 4429 igitur
1679 4342 1848 4417 fratter
1877 4366 2162 4418 Ansclntus

593 4453 813 4505 domino
838 4466 934 4504 suo
958 4450 1205 4513 llodull‘o,
1234 4459 1289 4503 et
1317 4450 1503 4520 loquar
1530 4452 1686 4508 fratri
1718 4450 1947 4508 Rodulfo
1976 4471 2160 4509 servus

596 4558 725 4596 suus
750 4544 1035 4596 Auselmus
1066 4543 1131 4594 ⁵ο.
1165 4542 1420 4605 Litteras,
1464 4546 1634 4598 frater
1677 4546 2016 4608 charissime,
2056 4556 2159 4599 tua:

597 4634 879 4687 .‘baritatis
908 4634 1114 4701 accepi,
1164 4648 1218 4685 et
1244 4636 1294 4687 iu
1325 4636 1428 4687 illis
1458 4636 1779 4689 desiderium
1812 4653 1987 4689 tnenm
2034 4636 2152 4706 legi.

598 4730 747 4797 Quod
771 4732 913 4784 enim
944 4740 995 4783 te
1030 4733 1269 4787 ebaritas
1302 4744 1453 4787 tanto
1479 4735 1746 4789 desiderio
1772 4736 2068 4798 succendit,
2103 4745 2159 4789 ut

600 4822 901 4889 ubicunque
941 4837 1208 4889 maneam,
1241 4836 1293 4879 tu
1333 4828 1408 4885 sis
1450 4842 1690 4888 meeum;
1733 4826 1868 4879 idem
1908 4828 2159 4895 estquod

598 4924 695 4961 cor
723 4926 896 4964 meum
934 4913 1145 4984 flagrat,
1191 4925 1248 4969 ιιι
1304 4918 1609 4985 ubicunque
1659 4918 1758 4970 sim
1805 4932 1925 4986 ego,
1986 4915 2157 4969 vivam

602 5008 801 5052 tecum.
836 5000 897 5053 Et
928 5013 983 5054 ut
1009 5015 1062 5056 tu
1101 5007 1237 5074 petis
1269 5023 1296 5059 a
1332 5021 1415 5059 me
1454 5006 1767 5068 consilium,
1799 5016 1856 5058 ut
1890 5007 1961 5058 ita
1991 5006 2159 5073 possit

598 5104 737 5155 esse,
768 5090 843 5144 sic
874 5106 972 5160 ego
1018 5109 1044 5145 a
1098 5096 1204 5149 Deo
1245 5112 1437 5165 precor
1479 5098 1757 5161 auxilium,
1786 5108 1843 5151 ut
1869 5098 2025 5153 aliter
2053 5112 2157 5150 non

2717 4404 2725 4409 .
2809 4357 3137 4412 EPISTOLA
3176 4356 3286 4410 XII.

2817 4467 2882 4504 AD
2922 4464 3284 4504 LANF‘RANCUH.

2651 4543 2862 4596 Gratius
2888 4546 2991 4612 agit
3029 4549 3091 4592 tle
3126 4540 3443 4592 muneribus.

2336 4637 2559 4691 Domino
2606 4636 2922 4696 reverenda,
2976 4633 3121 4686 Patri
3187 4631 3482 4699 diligendo,
3539 4632 3842 4687 venerabili

2267 4731 2693 4798 archiepiscopo,
2726 4728 3063 4787 lanosum,
3118 4723 3285 4776 frater
3312 4723 3590 4776 Asssuws
3609 4738 3763 4777 suus.

2335 4823 2553 4876 Gratias
2593 4836 2814 4890 magnas
2849 4819 2981 4872 dicit
3031 4818 3181 4871 vobis
3234 4817 3457 4885 cpistola
3511 4825 3693 4869 nostra
3738 4832 3843 4885 pro

2269 4912 2475 4980 magnis
2506 4910 2815 4963 muneribus
2843 4922 2961 4976 quze
3011 4906 3347 4974 suscepimus
3379 4908 3446 4959 de
3498 4914 3675 4957 vestra
3720 4905 3839 4957 lar-

2265 5003 2462 5069 gitate;
2504 4999 2595 5052 sed
2628 4998 2781 5050 valde
2810 4995 3042 5062 majores
3080 4996 3130 5047 in
3164 4995 3347 5047 cordis
3373 5009 3497 5046 arca
3522 4993 3672 5047 vobis
3713 5008 3840 5065 ser-

2270 5107 2586 5161 \'antns,pro
2610 5088 2901 5157 majoribus
2927 5101 3045 5155 qum
3076 5095 3316 5155 prompta
3348 5085 3547 5137 scimus
3568 5084 3621 5137 in
3647 5096 3835 5138 vestra

1888 5230 2116 5286 \'A1ll/E
2148 5225 2433 5282 LECTION
2448 5225 2545 5279 ES.

672 5358 712 5388 ⁸⁷
744 5357 819 5412 Ne
845 5359 1147 5428 epistolaris
1170 5376 1265 5413 ms.
1288 5376 1385 5413 nec
1400 5361 1697 5429 epistolaris
1769 5366 1812 5394 ⁸⁸
1836 5363 2000 5431 Igitur
2025 5377 2127 5413 non
2156 5357 2557 5411 transfrrrcms.
2579 5358 3108 5431 igitttrpossttnunon
3140 5356 3434 5431 transferre
3508 5355 3553 5386 ⁵³
3584 5353 3717 5407 Cum
3741 5374 3831 5431 eo-

602 5425 718 5498 dem,
750 5425 1029 5498 exemplari
1070 5448 1163 5484 ms.
1196 5431 1385 5483 collata
1434 5425 1503 5460 ’³ο
1535 5432 1731 5485 Servus
1769 5425 2052 5487 Auselnuts
2098 5447 2191 5483 ms.
2222 5444 2405 5481 servus
2438 5444 2563 5481 suns
2605 5428 2889 5481 Anselmus

605 5495 745 5548 venit

2965 5424 3007 5456 δ’
3049 5426 3272 5479 Tardius
3316 5425 3460 5477 venit
3491 5440 3587 5477 ms.
3640 5430 3836 5481 tardus

3728 6094 3731 6099 .

4000 32 4123 71 ᾧ·πῖ

4108 74 4115 89 .l
