4214 6276
511 322 638 376 1031
1721 339 1728 364 ι

1853 299 1978 355 LIB.
2008 295 2048 357 1,
2076 288 2288 346 EPiST.
2338 287 2474 342 XVI.

3379 100 3716 110 ᾐή-ῄ-

3626 272 3646 327 Ι
3657 271 3766 329 081

511 444 724 485 tnornm
757 425 1062 481 consilium.
1085 421 1176 477 \‘is
1199 423 1364 485 enim,
1382 428 1441 472 ut
1471 416 1600 471 mihi
1632 415 1832 470 dictum
1863 424 1969 474 est,
1997 410 2078 461 ire
2109 412 2155 468 Α
2184 416 2287 456 non
2309 399 2442 464 erit;
2465 391 2734 455 sicuteris
2757 382 2946 451 contra
2969 391 3208 485 omnium
3233 389 3536 485 amicorum
3555 394 3764 485 tuorum

474 582 476 584 τ
510 524 577 576 de
603 519 791 588 Anglia
825 517 879 569 in
902 515 1109 569 Italiam
1136 527 1378 568 sororem
1415 519 1562 562 tuam
1593 505 1903 567 defendere,
1925 514 2088 570 quam

510 609 665 662 audis
702 605 988 674 quemdam
1020 597 1241 658 divitem
1291 597 1544 653 indebitae
1590 594 1840 651 servituti
1885 591 2101 681 calum-i

513 699 662 752 uiose
683 695 972 762 subjicere.
990 693 1143 759 Quod
1158 733 1172 754 ,
1187 691 1285 745 cba
1294 691 1334 742 ri
1343 689 1528 749 ssime,
1544 687 1896 753 obsecr-oper,
1912 681 1956 735 si
1981 695 2087 748 qua

513 791 565 842 in
600 797 650 840 te
674 796 788 850 est;
823 793 1062 836 mutuam
1095 789 1333 833 nostram
1357 777 1685 840 amicitiam;
1720 789 1836 844 per,
1859 771 2086 839 siquam

487 877 644 930 ‘tnibi
679 876 759 929 vis
789 890 910 928 esse
935 872 1002 924 de
1032 882 1105 933 te,
1138 869 1402 932 laetitiam,
1436 881 1500 920 ne
1533 854 1890 930 facias.i'Quid
1919 859 2086 920 enim,

510 965 879 1027 ddectissime,
909 959 1298 1013 monachorum
1332 957 1556 1010 interest
1601 963 1656 1008 et
1682 966 1869 1008 eormn
1906 946 1999 1016 qtti
2029 959 2089 1000 se

511 1053 831 1122 profitentur
864 1047 1000 1101 velle
1023 1045 1208 1113 fugere
1236 1045 1516 1110 mundum,
1543 1042 1634 1113 qui
1655 1040 1852 1110 quibus
1876 1036 1958 1090 vel
1982 1051 2090 1105 quo

511 1141 730 1194 inunine
773 1139 1010 1192 serviant
1046 1137 1098 1190 in
1143 1135 1382 1190 mundo?
1420 1136 1680 1203 Denique,
1710 1143 1891 1186 nonne
1922 1128 2088 1180 omnis

511 1233 662 1280 ltonw
704 1227 771 1278 ad
826 1227 1056 1279 laborem
1110 1225 1378 1289 nascitur,
1412 1233 1458 1278 et
1503 1224 1612 1276 avis
1649 1223 1716 1274 ad
1769 1217 2091 1274 volantium?

485 1303 630 1388 "(Job
661 1335 713 1382 v,
743 1319 822 1386 7.)
853 1318 1061 1389 Nonne
1084 1316 1263 1370 omnis
1291 1315 1377 1371 vel
1405 1330 1541 1385 pene
1574 1313 1751 1368 onmis
1781 1311 1965 1375 homo,
1999 1317 2091 1362 aut

509 1411 608 1461 sub
647 1407 864 1460 nomine
890 1406 1181 1474 pratstandi
1213 1407 1281 1472 ⁵⁷,
1315 1415 1408 1460 aut
1432 1405 1532 1458 sub
1556 1399 1774 1457 nomine
1795 1399 2087 1455 famulandi

510 1498 651 1552 servi
690 1495 772 1550 "?
808 1493 998 1550 Nonne
1028 1511 1220 1550 servus
1245 1505 1470 1550 vocatus
1500 1496 1554 1550 in
1589 1495 1836 1558 Domino,
1865 1493 2088 1548 libertus

510 1593 594 1644 e‘st
626 1587 830 1640 Dom'ni
855 1627 870 1650 ,
911 1594 965 1640 et
1008 1585 1145 1640 liber
1170 1595 1395 1650 vocatus
1428 1586 1480 1638 in
1522 1585 1748 1639 Domino
1784 1597 1973 1638 servus
2008 1591 2090 1636 est

510 1677 749 1730 tlhristi?
775 1675 830 1730 Si
856 1691 984 1746 ergo
1003 1677 1082 1730 sic
1105 1690 1295 1731 oumes
1311 1676 1560 1729 laborant
1580 1685 1634 1730 et
1664 1672 2091 1738 serviunt,etsic

511 1783 606 1840 est.
623 1781 814 1823 servus
844 1767 1072 1822 libertus
1091 1767 1347 1830 .‘Dumini,
1387 1762 1443 1820 ist
1473 1765 1609 1820 liber
1643 1780 1833 1822 servus
1861 1761 2082 1817 Christi.
2127 1750 2166 1802 Β

509 1859 646 1924 Quid
682 1857 868 1922 refert,
888 1865 1110 1926 excepta
1140 1857 1414 1925 superbia,
1446 1865 1706 1926 quantum
1733 1853 1814 1910 vel
1843 1855 1909 1908 ad
1933 1869 2089 1906 mun-

509 1952 645 2018 dum.
671 1947 757 2002 vel
786 1948 853 2002 ad
901 1947 1088 2012 Deum,
1125 1948 1249 2016 quis
1286 1959 1510 2001 vocetur
1542 1948 1733 2002 servus
1780 1946 1862 1999 vel
1912 1944 2089 1998 liber?

512 2037 801 2106 Apostolus
836 2037 1011 2124 dicit:
1066 2035 1129 2091 Si
1153 2052 1330 2090 servus
1373 2048 1584 2090 vocatus
1621 2053 1676 2090 es
1701 2074 1716 2101 ,
1765 2051 1869 2088 non
1891 2034 1956 2087 sit
1997 2031 2090 2084 tibi

509 2144 650 2182 cura:
678 2129 697 2199 (
727 2127 757 2180 I
787 2127 914 2183 Cor.
948 2143 1047 2192 vn,
1093 2129 1186 2197 ει)
1222 2145 1236 2184 :
1271 2136 1325 2180 et
1354 2142 1453 2182 nos
1480 2127 1621 2195 quod
1670 2140 1770 2194 pro
1801 2124 1955 2178 nobis
2000 2128 2092 2177 c'u-

503 2205 742 2275 \rare’vel
764 2205 1112 2289 prohibemur
1142 2219 1209 2283 ⁶⁹,
1247 2219 1331 2272 vel
1355 2234 1460 2271 non
1488 2218 1815 2287 indigemus,
1843 2231 1943 2284 pro
1967 2214 2090 2268 aliis

512 2320 659 2363 tanto
678 2324 843 2378 Opere
874 2308 1225 2363 curabimus?
1255 2309 1322 2361 Et
1348 2309 1394 2362 si
1423 2309 1566 2361 enim
1595 2307 1795 2362 bonum
1846 2307 1916 2360 sit
1952 2304 2088 2360 velle

513 2397 742 2452 liberare
787 2396 1060 2450 hominem
1106 2395 1357 2450 violentae
1410 2396 1706 2451 conditioni
1758 2395 2031 2449 addictum
2069 2413 2081 2447 :

512 2491 614 2542 hoc
636 2490 845 2558 utique,
876 2488 1018 2557 quod
1068 2488 1327 2550 intendis,
1361 2503 1465 2541 non
1507 2496 1612 2564 tam
1640 2486 1838 2540 bonum
1885 2497 1997 2549 est,
2029 2497 2088 2538 ut

510 2577 728 2648 dignum
783 2578 855 2632 sit
892 2594 992 2647 pro
1045 2592 1153 2650 quo
1209 2589 1398 2632 tenens
1453 2577 1697 2631 aratrum
1743 2575 1944 2632 Christi
1977 2585 2084 2629 tam
2112 2634 2132 2648 κ

510 2665 666 2734 longe
705 2677 853 2721 retro
885 2667 1141 2735 respiciat
1183 2666 1336 2738 (an.
1370 2684 1450 2731 is,
1473 2667 1592 2738 62),
1624 2683 1721 2737 pro
1753 2683 1860 2736 quo
1903 2681 2087 2719 mona-

511 2758 645 2810 chus
679 2756 1010 2825 propositqu
1050 2772 1207 2809 suum
1263 2766 1412 2811 tanta
1463 2755 1866 2824 intercapedine
1919 2756 2087 2809 inter-

513 2854 754 2913 rumpat;
787 2825 882 2912 tfro
910 2861 1016 2912 quo
1045 2861 1102 2900 se
1129 2856 1207 2898 tot
1230 2829 1550 2914 corporiset
1578 2846 1774 2898 animas
1803 2843 2086 2899 laboriosis

511 2933 784 3002 periculis,
823 2942 878 2988 ει
915 2934 1231 3003 periculosis
1263 2935 1537 2988 laboribus
1567 2943 1715 2988 tanta
1744 2943 1800 2988 et
1827 2943 1934 2986 tam
1969 2935 2084 2989 siu-

511 3022 679 3090 gnlari
715 3022 990 3078 voluntate
1022 3026 1353 3088 comtttittal;
1395 3041 1494 3092 pro
1536 3041 1664 3092 quo,
1705 3035 1762 3079 ut
1787 3024 2084 3079 secundum

510 3115 830 3167 charitatem
881 3115 1132 3167 conscius
1180 3115 1455 3168 conscium
1502 3116 1732 3168 amicum
1780 3115 2082 3181 increpem,
2113 3101 2155 3160 (ἶ

514 3215 618 3266 ta:n
650 3205 914 3270 solitaria,
949 3214 1056 3258 tam
1102 3207 1272 3271 rigida
1301 3207 1568 3259 sententia
1608 3205 1847 3258 omnium
1880 3203 2083 3257 amico;

512 3310 652 3358 rum,
683 3296 974 3359 minorum,
1003 3297 1236 3365 parium,
1271 3296 1536 3363 majorum
1561 3306 1617 3348 et
1662 3297 2005 3361 praelaturqu
2034 3293 2081 3324 ⁷ο

510 3385 738 3438 consilio
793 3386 1029 3439 resistat.
1071 3384 1204 3438 Cum
1259 3385 1422 3454 igitur
1479 3385 1593 3437 base
1636 3395 1716 3438 tot
1763 3394 1819 3437 et
1855 3393 2002 3437 tanta
2033 3385 2080 3416 "

508 3487 656 3532 certa
703 3478 1065 3540 incommoda,
1121 3477 1200 3530 vel
1246 3479 1424 3546 potius
1477 3477 1617 3529 mala
1668 3476 1805 3538 sint;
1861 3475 1904 3530 si
1953 3475 2081 3528 illml

511 3583 673 3621 unum
705 3577 813 3622 tam
846 3569 1280 3638 inopportununt,
1300 3581 1404 3622 tam
1430 3570 1836 3627 incerttttn,tam
1867 3566 2084 3619 noxium

511 3661 707 3712 bonum
739 3659 1068 3724 conferatur,
1103 3660 1224 3728 quis
1251 3658 1551 3728 intelligens
1583 3655 1711 3709 illud
1743 3655 1971 3717 bontnn,
2021 3671 2085 3706 ac

511 3769 614 3804 non
643 3752 819 3820 potius
862 3767 966 3806 non
998 3752 1228 3814 bonum,
1261 3750 1338 3802 vel
1376 3750 1547 3836 magis
1593 3745 1790 3800 malum
1839 3744 2083 3798 dixerit?

508 3845 682 3896 (Ii-ede
726 3843 904 3911 igitur,
935 3842 1281 3903 charissimc,
1312 3839 1431 3907 plus
1467 3837 1706 3891 consiliis
1754 3836 2075 3894 amicorum,

508 3934 551 3984 si
582 3943 629 3986 te
651 3925 821 3988 solum
851 3933 1228 3999 sapientiorem
1270 3931 1520 3983 omnibus
1551 3929 1782 4002 illisnon
1819 3928 2074 3988 aestimas,

509 4023 801 4087 quam-tum
827 4020 1228 4074 deliberationi.
1260 4021 1396 4086 Quia
1423 4019 1565 4072 enim
1597 4034 1748 4071 mens
1780 4027 1866 4070 tua
1891 4017 1937 4048 τ’
1968 4032 2082 4069 nta-

508 4122 668 4174 gnum
699 4106 946 4161 affectum
979 4125 1134 4161 suum
1159 4123 1280 4160 cum
1313 4107 1645 4175 aliquantulo
1671 4106 1811 4159 bono
1838 4104 1926 4158 illo
1953 4119 2084 4171 pon-

509 4198 680 4261 derat,
714 4198 918 4251 idcirco
965 4214 1028 4252 ea
1058 4214 1178 4267 qua:
1205 4199 1316 4253 sola
1368 4197 1764 4266 compensanda
1796 4205 1941 4260 sunt,
1989 4207 2086 4248 se-‘

511 4284 678 4351 ipsam
728 4284 925 4340 fallens
953 4303 1106 4357 :cqua
1139 4289 1274 4342 libra
1323 4303 1428 4340 non
1455 4289 1698 4340 trutinal.
1730 4286 1882 4352 Quod
1930 4285 1974 4340 si
2024 4285 2077 4338 in

511 4378 729 4446 propria
760 4378 1032 4432 voluntate
1063 4379 1384 4444 perstiteris,
1414 4379 1576 4447 quod,
1605 4379 1714 4433 Deo
1742 4386 2072 4448 protegente,

2186 506 2427 555 sensum,
2461 489 2532 545 ita
2563 486 2762 542 nullius
2799 499 2988 539 eorum
3016 483 3064 514 "
3095 483 3147 536 in
3179 496 3237 535 re
3263 481 3357 534 tibi
3411 477 3572 533 noxia
3605 477 3772 533 babe-

2185 581 2270 635 bis
2301 595 2606 636 assensum.
2658 577 2872 633 Salutat
2903 581 2955 629 te
2986 572 3240 628 dominus
3280 571 3452 625 abbas
3498 577 3559 624 ut
3597 568 3772 623 illium

2187 671 2597 735 cbarissimum;
2643 669 2736 740 qui
2765 676 2962 723 cuncta
2993 664 3083 719 hic
3107 678 3139 716 a
3179 675 3266 718 me
3291 661 3511 731 scripta,
3554 674 3650 714 sua
3686 658 3769 712 di-

2189 759 2324 814 lecta
2370 761 2536 831 318
2578 760 2764 815 vult"
2812 771 2955 813 esse.
3006 751 3307 822 Acquiesee
3361 750 3523 820 igitur
3564 750 3681 820 ejus
3712 758 3773 804 et

2188 851 2388 904 nostris
2417 849 2822 913 monitionibus,
2870 854 2936 899 ut.
2969 839 3272 900 obediendo
3306 839 3536 908 benigno
3580 839 3768 906 Patri,

2186 947 2242 991 et
2300 938 2680 1012 concordando
2725 937 2902 992 amico
2951 932 3152 994 fratri,
3197 930 3474 995 laetifices,
3513 928 3559 984 si
3595 929 3773 1000 diligis
3863 993 3870 999 _

2189 1031 2406 1084 Patrem
2448 1013 2503 1083 et
2543 1027 2793 1083 fratrem.
2850 1026 3037 1080 Saluta
3089 1039 3156 1078 ex
3213 1033 3400 1105 nostra
3447 1030 3598 1090 parte
3636 1021 3772 1074 dile-

2188 1127 2305 1172 ctos
2326 1117 2524 1170 fratres
2548 1124 2768 1169 nostros
2784 1115 3040 1168 domuum
3071 1112 3386 1166 Herluinum
3423 1121 3476 1164 et
3515 1111 3772 1163 dommnu

2187 1189 2496 1262 Osbcrtum.
2530 1203 2682 1270 Vale,
2715 1212 2769 1259 et
2797 1203 2842 1257 si
2878 1202 3004 1272 quid
3049 1202 3188 1272 apud
3239 1210 3292 1254 te
3342 1215 3558 1270 possum
3583 1239 3599 1264 ,
3646 1213 3773 1253 eum

2189 1298 2346 1352 citius
2381 1295 2622 1365 poteris,
2653 1287 2854 1351 manda
2896 1294 3026 1347 mihi
3077 1291 3310 1360 qualiter
3343 1285 3396 1345 in
3441 1289 3770 1344 voluntatem

2139 1408 2148 1416 ·
2188 1388 2480 1444 carnaliter
2517 1387 2684 1442 alium
2726 1383 3034 1456 diligentis,
3078 1393 3223 1435 tuam
3252 1381 3400 1445 dico,
3431 1391 3485 1435 te
3522 1381 3769 1447 reclines,

2191 1478 2287 1543 vel
2321 1477 2372 1531 in
2423 1475 2756 1532 sententiam
2802 1484 2856 1530 te
2902 1468 3634 1543 spiritualiter.diligentiam
3678 1468 3772 1522 de-

2190 1568 2383 1622 clines.

2724 1672 3056 1730 EPISTOLA
3113 1655 3252 1728 xvi.

2762 1783 2830 1821 an
2877 1779 3213 1829 svsscorcu.

2194 1865 2462 1918 Conantur
2506 1862 2874 1928 impedimenta
2915 1860 2978 1912 ob
3019 1876 3136 1929 qua!
3179 1856 3528 1929 continenda“
3565 1855 3774 1924 juvenis

2427 1931 2719 1986 studiorum
2755 1945 2935 1982 curam
2977 1928 3192 1997 nequeat
3225 1928 3509 1994 sitscipere.

2262 2040 2490 2098 Domino
2513 2052 2568 2098 et
2602 2043 2776 2097 amico
2802 2040 3127 2096 cbarissimo
3154 2039 3447 2092 Avescoro
3470 2036 3638 2090 frater
3664 2036 3774 2090 Aa-

2193 2151 2392 2190 seuws
2433 2134 2684 2190 salutem.
2962 2135 2968 2141 '

2261 2225 2317 2279 In
2349 2224 2612 2295 principio
2640 2232 2840 2295 nostra:
2866 2220 3237 2291 responsionis
3265 2219 3485 2290 przeligo
3509 2218 3636 2287 quia
3682 2233 3776 2273 nos

2190 2325 2300 2369 s-tra
2326 2291 2558 2370 te$tatttr
2581 2291 2913 2368 consciebtia
2943 2311 3086 2380 quod
3110 2311 3350 2382 loquitur
3370 2310 3617 2378 epistola.
3643 2309 3777 2364 Gra-

2192 2403 2292 2457 tias
2324 2404 2504 2471 itaque
2527 2417 2650 2471 ago,
2679 2402 2932 2469 quoniam
2962 2399 3105 2453 aliud
3136 2399 3204 2452 ad
3247 2412 3484 2466 praesens
3516 2412 3620 2452 non
3650 2413 3777 2470 pas-

2189 2508 2326 2556 sum,
2359 2492 2611 2545 cbaritati
2642 2499 2856 2554 vestrm,
2885 2505 3003 2557 quae
3035 2489 3113 2542 sic
3156 2503 3216 2542 se
3260 2488 3326 2541 ad
3370 2488 3772 2556 obsequendum

2191 2582 2510 2634 utilitatibus
2534 2581 2732 2635 nostris
2764 2590 3068 2650 promptam
3097 2577 3290 2642 reddit,
3319 2578 3774 2646 quemadmodum

2189 2671 2413 2740 scriptio
2447 2679 2627 2724 vestra
2672 2669 2942 2738 patefecit.
2976 2668 3074 2722 Cui
3124 2677 3272 2722 certe
3302 2667 3465 2722 sitnili
3506 2666 3774 2721 voluntati

2191 2764 2522 2834 respondeo;
2552 2762 2645 2817 sed
2675 2763 2859 2830 utique
2899 2762 3056 2815 doleo
3101 2759 3226 2828 quia
3258 2759 3310 2813 id
3352 2760 3405 2814 in
3436 2762 3608 2829 prima
3638 2758 3775 2828 peti-

2191 2856 2338 2910 tione
2387 2863 2572 2910 vestra
2606 2868 2769 2922 opere
2815 2852 3042 2920 probare
3097 2865 3202 2904 non
3259 2849 3434 2914 valeo.
3477 2848 3592 2904 Non
3629 2850 3772 2904 enim

2188 2943 2448 3013 ejusmodi
2480 2943 2642 2996 studii
2681 2942 2756 3010 (in
2785 2956 2894 3008 quo
2919 2940 3086 3008 possit
3116 2936 3379 3007 prolicere
3406 2939 3636 2993 dilectus
3682 2939 3770 2993 ille

2193 3043 2392 3095 vester,
2423 3031 2489 3084 de
2516 3045 2625 3100 quo
2655 3027 2971 3096 scripsistis)
3003 3037 3085 3081 est
3135 3025 3266 3080 mibi
3315 3041 3458 3081 nunc
3511 3026 3724 3082 licentia
3753 3065 3768 3090 ,

2189 3137 2288 3175 nec
2330 3121 2592 3184 intentio,
2638 3118 2722 3173 vel
2758 3109 3152 3186 Opportunitas,
3181 3119 3321 3172 sicut
3364 3117 3464 3170 fuit
3495 3116 3652 3179 olim,
3681 3114 3768 3170 vel

2187 3222 2339 3281 putat
2365 3220 2544 3268 vestra
2587 3211 2867 3265 sanctitas.
2901 3209 3102 3262 Precor
3131 3223 3281 3279 ergo,
3326 3223 3394 3263 ne
3428 3208 3772 3282 aliquatenus

2187 3312 2364 3357 vestra
2393 3293 2519 3370 enga
2547 3313 2632 3352 me
2656 3299 2872 3352 dilectio
2908 3297 3174 3358 turbetur,
3217 3313 3342 3351 cum
3391 3297 3521 3350 mihi
3553 3310 3770 3365 semper

2186 3394 2398 3446 animus
2426 3390 2497 3444 sit
2525 3387 2777 3441 amicitiae
2811 3398 3004 3441 vestra:
3047 3387 3412 3454 obsequendi,
3453 3399 3764 3456 quanquam

2189 3483 2414 3536 facultas
2435 3497 2539 3536 non
2563 3480 2766 3556 pariter
2786 3479 3092 3535 comitetur.
3111 3477 3295 3534 Potest
3317 3478 3462 3533 enim
3490 3482 3612 3533 esse
3643 3491 3770 3531 vera

2189 3571 2455 3636 amicitia,
2487 3571 2576 3626 ubi
2626 3585 2839 3639 semper
2869 3570 3012 3639 viget
3055 3567 3197 3622 bona
3235 3568 3484 3624 voluntas
3507 3608 3524 3635 ,
3552 3567 3768 3624 etiamsi

2188 3665 2460 3731 nunquam
2505 3643 2671 3716 instet
2694 3660 2970 3730 flagitandi
2997 3661 3312 3726 necessitas,
3341 3675 3441 3714 nec
3467 3669 3668 3728 prmstu
3696 3659 3770 3714 sit

2185 3751 2466 3824 prgstandi
2497 3749 2746 3804 facultas.
2785 3748 3026 3818 Denique
3047 3749 3114 3804 ad
3139 3735 3195 3802 id
3221 3749 3364 3818 quod
3400 3748 3539 3804 mihi
3565 3749 3768 3804 dicitur
3793 3793 3802 3822 ι

2186 3840 2238 3894 in
2278 3841 2506 3910 epistola
2532 3850 2733 3895 vestra.

2251 3931 2400 3986 Scire
2434 3941 2587 3984 tuum
2613 3929 2742 3984 nihil
2765 3939 2865 3993 est,
2889 3930 2990 3983 nisi
3012 3938 3061 3983 te
3085 3931 3216 3983 scire
3238 3931 3334 3982 hoc
3359 3930 3490 3983 sciat
3521 3929 3651 3982 alter
3675 3945 3693 3982 :

2183 4023 2502 4091 Quanquam
2533 4022 2586 4076 id
2613 4021 2834 4076 Persius
2859 4021 3080 4086 dixerit,
3127 4036 3233 4074 non
3263 4029 3322 4074 ut
3347 4021 3764 4074 ostentationem

2187 4111 2523 4180 reprimeret,
2557 4109 2651 4164 sed
2682 4117 2740 4162 ut
2770 4107 3120 4178 exprimeret,
3150 4107 3491 4177 respondeo;

2253 4202 2403 4256 Scire
2449 4209 2618 4253 meum
2653 4199 2785 4252 nihil
2806 4210 2901 4261 est,
2924 4199 2973 4252 si
2997 4198 3151 4269 quale
3175 4200 3238 4252 sit
3262 4199 3359 4251 hoc
3385 4200 3515 4251 sciat
3540 4198 3693 4252 alter.

2182 4288 2333 4355 Quod
2386 4303 2516 4340 vero
2548 4289 2791 4356 quaeritis
2834 4288 2908 4356 (6)
2947 4303 3045 4342 cur
3079 4287 3218 4340 fama
3270 4286 3558 4340 Lanfranci
3597 4297 3762 4357 atque

2181 4379 2493 4434 Guitmundi
2523 4378 2642 4449 plus
2673 4396 2792 4434 mea
2825 4395 2921 4448 per
2948 4380 3135 4433 orbem
3168 4377 3310 4432 volet
3337 4393 3351 4430 :
3401 4377 3588 4447 utique
3632 4380 3761 4448 quia

1791 4489 2028 4545 VARIA‘I
2065 4488 2470 4545 LECTIONES.

578 4580 621 4610 "’
652 4578 763 4632 Sub
814 4580 1024 4652 nomine
1077 4581 1367 4652 prtestandt
1417 4597 1539 4633 mss.
1591 4591 1683 4652 aut
1733 4583 1832 4636 sub
1890 4583 2104 4652 nomine
2143 4580 2428 4652 praestandi

1944 4652 1988 4688 ‘9
2020 4651 2109 4707 Vel
2146 4647 2668 4720 'probibetnnswntss.
2707 4649 2786 4720 vel
2848 4647 3193 4715 prohibemur

510 4649 600 4701 vit.
630 4659 728 4701 etc.
781 4665 877 4700 ms.
909 4647 1142 4717 Exempl.
1186 4651 1437 4712 alterum,
1465 4651 1719 4705 servitur.
1771 4662 1868 4704 elc.

2539 4579 2584 4612 ⁸⁸
2640 4578 2900 4631 Servatur
2946 4587 3044 4630 etc.
3087 4594 3182 4630 ms.
3221 4575 3459 4645 Exempl.
3530 4578 3581 4631 1.
3641 4595 3759 4634 ser-

2544 4665 2668 4695 mss.
2707 4649 2786 4695 vel
2848 4647 3193 4695 nrobibentur
3302 4647 3348 4676 "°
3391 4647 3649 4695 Minornm
3705 4659 3759 4695 ot

3391 4659 3427 4696 Μ
3441 4663 3649 4701 morum
3705 4659 3760 4704 et

510 4718 848 4790 prtelatorum
899 4735 1025 4771 mss.
1057 4715 1103 4771 et
1135 4717 1280 4772 Edit.
1330 4720 1571 4790 iPicurdi,
1603 4721 1866 4788 majorum
1915 4730 1968 4774 et
2021 4715 2359 4790 pra'latorum
2435 4718 2620 4790 “:l'oi
2661 4718 2820 4790 etiam
2872 4726 3015 4790 tanta
3067 4715 3261 4790 ms._l.
3297 4724 3453 4790 lutei
3493 4726 3640 4772 tanta
3711 4722 3758 4756 ⁷³

514 4785 642 4841 Meis
678 4798 766 4840 tua
799 4804 924 4840 nisa.
959 4804 1109 4842 mens
1137 4797 1223 4844 tua
1297 4789 1344 4821 ⁷³
1373 4790 1583 4843 Nullum
1607 4785 1792 4845 eorum
1816 4807 1913 4844 ms.
1949 4792 1999 4843 l.
2023 4785 2223 4844 nullius
2247 4803 2430 4842 eorum
2504 4788 2551 4818 7"
2590 4785 2696 4841 Sua
2729 4787 2871 4840 dicta
2907 4785 3016 4837 vult
3041 4803 3139 4838 ms.
3174 4786 3224 4837 1.
3251 4800 3344 4837 sua
3369 4786 3479 4838 vult

1704 4877 1986 4932 JOANNIS
2018 4875 2286 4931 PlCAliDl
2326 4874 2559 4930 ΝΟΤᾹΣ.

541 4968 802 5050 ,(6).(Ιᾳτ
847 4970 990 5038 fama
1040 4967 1346 5050 Lartfrrmci2
1395 4969 1729 5050 (iuilbebnus
1768 4970 2084 5050 blaltticsbc-
2117 4973 2162 5028 υ
2191 4955 2322 5020 adeo
2367 4965 2607 5050 cmicstis
2656 4980 2816 5044 sapor
2865 4973 3050 5042 pectus
3094 4964 3302 5050 ejnsvet
3341 4966 3576 5050 paiatnm
3620 4969 3756 5023 infe-

511 5039 704 5107 riensis
748 5039 866 5092 loco
900 5054 1068 5106 nuper
1109 5040 1274 5091 citato
1305 5040 1383 5092 sic
1431 5042 1481 5094 in
1527 5043 1663 5094 hanc
1693 5056 1804 5092 rem
1851 5038 2081 5092 scribit:

515 5127 532 5156 π
574 5109 750 5161 Exivit
778 5109 916 5160 fama
947 5107 1420 5177 cjns(l,anfranci)
1456 5109 1846 5163 remotissimus
1886 5107 2086 5160 Latini-

514 5180 636 5248 tatis
676 5179 858 5247 plagas
883 5218 896 5239 ,
939 5187 1166 5245 eratque
1204 5178 1429 5248 Beecum
1464 5195 1713 5248 magnum
1746 5187 1799 5232 et
1827 5177 2086 5248 famosum

513 5246 825 5302 litteratura:
852 5251 1211 5315 gymnasium.
1242 5266 1260 5298 ι
1291 5247 1354 5299 Ει
1378 5246 1571 5301 iterum
1609 5247 1704 5300 lib.
1732 5263 1792 5300 ιιι
1821 5247 1894 5299 De
1919 5246 2086 5313 gestis

513 5331 626 5383 reg.
655 5317 950 5397 {inglorium
975 5331 1095 5368 eum
1123 5324 1278 5397 vocat
1326 5334 1342 5366 ι
1377 5317 1548 5397 vii'um
1582 5318 1819 5394 antiquis
1860 5316 2082 5397 scientia

513 5393 566 5435 et
611 5385 869 5455 religione
916 5386 1339 5453 t-otnparandum
1370 5403 1383 5439 :
1417 5387 1490 5440 De
1533 5401 1640 5455 quo
1669 5385 1816 5441 serio
1848 5385 1951 5440 dici
1986 5401 2081 5453 po-

513 5461 614 5505 test
640 5472 651 5506 :

690 5588 891 5640 Tertius
923 5603 948 5637 ε
977 5587 1100 5637 t'rt‘lo
1132 5588 1309 5638 cccitlil
1341 5588 1490 5643 (Iulo.
1514 5627 1526 5639 .
1548 5624 1562 5639 .
1586 5627 1597 5638 .
1619 5627 1629 5639 .
1654 5628 1667 5640 .
1688 5627 1700 5639 .
1876 5651 1880 5655 Α

1262 5656 1502 5724 (λι-ψῃ,
1549 5660 1661 5710 Sol.
1695 5675 1760 5720 ιι,
1795 5674 1935 5713 vers.
1968 5660 2076 5728 alit.)

2192 5046 2360 5098 ccrat,
2399 5037 2533 5089 adeo
2582 5034 2845 5088 Latinitas
2892 5033 3068 5086 omnis
3108 5035 3158 5086 in
3213 5033 3515 5088 liberalium
3556 5042 3753 5092 artium

2191 5106 2473 5160 scientiam
2521 5119 2615 5172 per
2643 5104 2942 5156 doctrinam
2975 5101 3089 5169 ejus
3117 5119 3194 5172 se
3240 5104 3517 5158 incitabat.
3551 5123 3569 5155 ι
3605 5106 3749 5172 Sigi-

2188 5177 2374 5228 bertus
2409 5175 2460 5227 in
2497 5171 2763 5228 Chronico
2787 5173 2850 5225 ad
2881 5187 3076 5223 annum
3104 5171 3274 5225 1080:
3312 5192 3330 5224 ι
3351 5173 3532 5226 Clarct
3564 5175 3615 5227 in
3642 5171 3750 5228 An-

2187 5244 2290 5313 glia
2321 5243 2654 5313 Latifrancns
2691 5241 2936 5313 doctrina
2970 5249 3025 5292 et
3054 5241 3252 5313 pietate
3282 5244 3642 5313 conspicuus,
3673 5229 3747 5296 'ex

2187 5309 2380 5366 abbate
2406 5311 2720 5366 Cadomensi
2747 5310 3024 5362 ordinatus
3056 5309 3361 5364 Cantuarite
3391 5311 3750 5377 archiepisco-

2187 5399 2306 5450 pus.
2349 5401 2367 5434 ›
2402 5381 2688 5450 Ingulphns
2731 5379 2900 5450 abbas
2947 5378 2997 5428 in
3028 5379 3260 5450 _l|_istoria
3291 5394 3384 5432 sua
3413 5379 3490 5430 sic
3519 5378 3704 5450 scribit
3732 5399 3745 5434 :

2191 5445 2208 5501 ἱ
2251 5445 2506 5519 Stigando
2530 5445 2908 5519 Cantuariensi
2932 5446 3332 5519 arc_hiepisc0po
3371 5445 3634 5519 successit
3667 5464 3752 5503 re-

2187 5515 2607 5572 vereridissimus
2657 5516 2963 5582 patriarcha
3012 5515 3380 5578 Lanfrancus,
3439 5530 3504 5566 ex
3552 5515 3755 5574 abbate

2185 5588 2502 5642 Cadomensi
2531 5587 2770 5638 onmium
2811 5584 3109 5637 liberalium
3154 5583 3372 5646 artium,
3401 5583 3590 5634 thctor
3643 5585 3758 5640 lau-

2183 5659 2490 5710 «latissimus
2516 5666 2567 5710 et
2591 5654 3062 5708 lnculcntissimus.
3087 5671 3100 5701 ν
3124 5651 3228 5704 Sed
3257 5666 3391 5720 pene
3421 5667 3582 5703 unum
3615 5657 3762 5720 mihi
