4214 6214
440 260 577 313 MSS

1742 258 1865 309 ιλιι.
1900 258 1938 317 ι,
1977 253 2190 308 El'lS'i'.
2236 253 2370 305 XXI.

3543 256 3673 308 1086

438 363 555 426 lietr
584 370 787 438 amplec
817 371 955 422 endo
982 367 1313 432 Litx't‘unco,
1341 369 1504 421 l'ratet'
1536 368 1656 419 Arist
1681 384 1813 423 tuos
1850 384 2007 431 suits,
2040 368 2090 427 Α
2118 382 2302 419 surum
2346 366 2388 418 si
2438 382 2540 417 non
2583 365 2850 432 quomodo
2895 365 3056 427 volet,
3094 364 3173 416 vel
3216 366 3291 417 sic
3342 366 3607 432 quomodo
3633 371 3675 398 ιι

438 459 582 527 quod
613 472 764 511 suus.

509 546 725 602 Gratias
749 553 986 614 paterna!
1015 556 1207 598 vestrae
1232 545 1526 607 dilectioni,
1551 558 1653 612 qua
1683 558 1780 597 nos
1801 559 2014 611 semper

439 642 733 703 prasente.
775 636 856 685 bal
879 633 1013 699 etis,
1058 650 1273 702 semper
1309 636 1490 704 utique
1518 636 1562 666 ⁸⁸
1590 636 1843 688 debemus
1876 649 1889 685 :
1921 636 2011 686 sed

440 739 561 777 culti
599 738 693 777 cas
736 738 948 780 si'iiipi-r
981 725 1121 789 loqui
1167 740 1269 775 iitiu
1320 725 1623 791 piissimus,
1668 726 1823 776 modo
1865 731 2013 775 certe

443 820 624 871 tacere
654 830 755 866 non
794 813 1069 867 debemus.
1110 814 1281 866 Tanta
1319 814 1461 867 enim
1505 812 1741 880 ejusdem
1774 813 2013 867 dilectio-

440 908 527 962 nis
564 880 1238 970 exuberatis‘plenitudine
1257 943 1272 964 ,
1301 912 1359 955 ut
1396 902 1439 932 θ’
1467 916 1588 954 eam
1625 901 1931 971 nuperrime
1958 908 2013 953 et

439 995 840 1066 integerrimam
859 1034 874 1056 ,
900 993 1041 1061 quod
1067 1006 1163 1047 nos
1191 1007 1405 1062 quoque
1427 991 1733 1047 sciebamus
1754 992 1820 1057 ⁸⁸,
1852 1006 2011 1059 argu-

440 1093 623 1140 mento
647 1082 956 1137 necessario
990 1081 1292 1148 probaretis
1312 1122 1328 1144 ,
1370 1089 1419 1134 ei
1459 1080 1845 1143 inviolabilem,
1871 1078 2012 1148 quod

438 1169 606 1245 319
639 1172 889 1226 similiter
915 1170 1285 1240 sperabamus,
1325 1171 1549 1241 pignore
1577 1169 1901 1225 charissimo
1924 1185 2012 1223 as-

438 1263 717 1320 serentis.
744 1262 873 1316 Nam
901 1264 1304 1315 dilectissimum
1329 1264 1480 1317 vobis
1502 1272 1749 1330 nepotem
1772 1268 2009 1315 vestrum

438 1354 696 1407 domuum
728 1353 1087 1406 Lanl‘rancum
1118 1353 1185 1405 ad
1218 1367 1316 1407 nos
1343 1353 1587 1414 misistis.
1613 1362 1664 1406 ei
1687 1367 1809 1407 eum
1838 1351 2009 1424 magis

439 1446 495 1501 in
535 1453 721 1498 nostro
754 1444 1086 1501 monasterio
1111 1460 1274 1513 quam
1323 1446 1374 1498 iii
1411 1445 1651 1515 quolibet
1682 1444 1787 1500 alio
1818 1458 2009 1498 monac

443 1535 607 1590 chum
637 1535 752 1589 ﬂeri
782 1536 1049 1590 voluistis.
1084 1536 1235 1591 Sicut
1259 1550 1392 1603 ergo
1413 1537 1554 1605 quod
1586 1536 1708 1604 quis
1729 1535 2009 1591 dilectissi-

439 1639 589 1678 mum
621 1623 726 1679 sibi
770 1640 875 1677 non
903 1625 1112 1679 dilectis
1138 1624 1267 1679 velit
1291 1624 1539 1688 credere,
1578 1640 1684 1677 non
1726 1630 1808 1678 est
1834 1623 2007 1678 credi-

441 1712 568 1773 bile,
599 1712 669 1765 ita
700 1721 759 1764 ut
788 1729 892 1766 non
927 1714 1112 1781 diligat
1144 1713 1234 1765 ubi
1273 1727 1432 1781 quem
1473 1712 1627 1766 valde
1671 1712 1843 1782 diligit
1878 1726 2009 1766 con-

443 1808 713 1864 versatur,
743 1817 847 1854 non
877 1801 1012 1854 solet
1035 1816 1154 1855 esse
1176 1800 1451 1869 possibile.
1482 1800 1535 1854 lu
1558 1817 1665 1870 quo
1683 1811 1866 1856 vestro
1889 1810 2012 1854 actu

441 1907 547 1947 non
575 1890 746 1943 solum
771 1892 1113 1945 monstrastis
1140 1891 1187 1921 ⁶⁹
1216 1899 1405 1945 vestra:
1432 1892 1734 1946 dilectionis
1763 1905 1889 1960 erga
1914 1906 2013 1945 nos

438 1980 797 2035 constantiam
835 1994 1183 2049 permanere;
1210 1980 1302 2035 sed
1330 1980 1516 2042 etiam,
1546 1981 1688 2047 quod
1718 1992 1822 2030 non
1856 1978 2016 2030 aliter

440 2079 653 2138 gratum
685 2070 966 2130 habemus.
1004 2071 1310 2125 dilectionis
1344 2064 1468 2138 erga
1512 2083 1610 2123 vos
1633 2067 2012 2122 certitudinem

437 2170 537 2211 vos
573 2142 794 2214 habere.
827 2158 1047 2212 Gratias
1083 2160 1246 2226 igitur
1276 2157 1324 2189 9°
1344 2158 1555 2228 agimus
1592 2158 1823 2227 primum
1861 2157 1934 2211 illi
1978 2172 2010 2210 a

441 2263 549 2317 quo
567 2256 649 2305 est
673 2263 832 2302 omne
861 2249 1082 2313 bonum,
1124 2248 1315 2302 deinde
1348 2256 1586 2317 paterna
1620 2256 1813 2302 vestra:
1838 2247 2008 2301 subli-

442 2332 640 2398 mitati,
672 2337 800 2406 quia
820 2336 897 2391 sic
920 2351 1018 2391 nos
1047 2336 1269 2407 diligitis
1296 2355 1308 2390 :
1335 2337 1560 2407 gratias,
1597 2336 1721 2406 quia
1748 2336 1814 2389 de
1850 2336 2009 2390 nobis

437 2428 517 2484 sic
548 2426 1101 2496 oonfiditis;gratias,
1146 2428 1271 2497 quia
1307 2428 1413 2482 tale
1450 2428 1643 2498 pignus
1676 2427 1832 2485 nobis
1862 2444 2010 2485 com-

430 2516 669 2585 .inittitis.
702 2516 830 2573 [iam
860 2519 1000 2573 dicta
1040 2519 1151 2573 sint
1190 2534 1296 2574 non
1335 2518 1509 2573 solum
1532 2534 1630 2588 pro
1654 2534 1762 2581 me,
1791 2518 1885 2573 sed
1912 2533 2010 2588 pro

439 2618 551 2666 tota
580 2608 759 2666 nostra
780 2613 1219 2681 congregatione.
1251 2611 1357 2665 Pro
1377 2627 1463 2665 me
1487 2620 1665 2665 autem
1691 2612 2006 2681 intelligenti

438 2697 673 2752 breviter
698 2698 874 2753 dicam
912 2738 927 2761 ,
965 2699 1091 2765 quia
1122 2714 1261 2753 onus
1286 2699 1550 2768 inrequale
1586 2698 2011 2770 prioratus(qno

438 2799 525 2842 me
557 2802 661 2841 non
696 2788 890 2847 leviter
917 2786 1043 2840 olim
1075 2788 1359 2855 gravastis)
1403 2789 1589 2857 utique
1626 2791 1871 2859 augendo
1904 2806 2007 2843 non

438 2876 648 2930 modice
682 2892 849 2946 nuper
873 2877 1167 2946 levigastis.
1196 2876 1439 2951 Cumque
1462 2878 1765 2934 imbecillus
1793 2878 2007 2933 animus

439 2972 681 3032 gemeret
704 2966 748 2997 “
775 2966 876 3021 sub
900 2966 1439 3035 pondere,elfecistis
1463 2980 1521 3019 ui.
1550 2968 1689 3035 jam,
1720 2982 1825 3022 non
1856 2968 1999 3030 diro,

438 3054 606 3116 nolit,
660 3054 754 3109 sed
801 3070 939 3125 pene
987 3055 1141 3118 nolit,
1189 3056 1330 3124 quod
1374 3057 1589 3125 premit,
1638 3058 1907 3127 deponere
1933 3057 1998 3108 ”.

438 3144 722 3198 Girardum
768 3154 1007 3198 vestrum
1039 3144 1105 3198 de
1150 3144 1401 3198 Flandria
1435 3159 1531 3212 per
1558 3153 1751 3207 vestra:
1789 3145 2004 3214 pietatis

439 3233 767 3301 largitatem,
790 3233 900 3289 Deo
933 3235 999 3288 de
1024 3234 1242 3287 'mundo
1270 3242 1448 3287 nostra
1482 3235 1824 3301 suggestione
1852 3234 2006 3288 rede-

442 3322 596 3376 misti
632 3339 645 3374 :
692 3323 832 3376 unde
877 3337 984 3386 me,
1028 3322 1073 3375 si
1108 3330 1287 3375 vester
1324 3336 1427 3374 non
1472 3335 1671 3387 essem,
1715 3320 2005 3375 confiterer

438 3425 651 3465 servum
676 3411 827 3465 vobis
851 3422 1089 3479 emptum
1123 3428 1137 3463 :
1170 3410 1256 3463 die
1289 3426 1318 3462 a
1351 3409 1504 3462 vobis
1544 3410 1835 3463 constituta
1866 3411 2006 3464 sciat

439 3502 697 3558 sanctitas
730 3512 905 3557 vestra
934 3503 1051 3556 sine
1084 3501 1236 3569 gravi
1256 3502 1467 3570 jactura
1489 3515 1609 3553 esse
1631 3515 1735 3553 non
1765 3502 2004 3569 potuisse

440 3592 741 3646 absolutum
772 3607 802 3646 a
836 3582 1195 3644 creditoribus
1234 3591 1347 3644 suis
1376 3605 1392 3642 :
1423 3589 1781 3659 venit_tamen
1829 3590 1999 3659 prima

440 3681 713 3736 lioininiea
756 3680 1191 3751 Qtiadragesiime
1231 3690 1464 3735 vestram
1515 3657 1592 3733 in.
1621 3694 1681 3733 se
1720 3679 2001 3750 magnifice

440 3770 863 3824 misericordiam
905 3770 1226 3837 prmdicans,
1264 3778 1320 3822 et
1364 3768 1597 3837 qualiter
1634 3777 1855 3834 nostrae,
1893 3784 2002 3823 non

441 3871 549 3913 tam
587 3860 851 3928 petitioni,
886 3875 1047 3928 quam
1085 3859 1186 3912 levi
1215 3858 1515 3929 voluntatis
1534 3857 1915 3926 significationi
1948 3860 2002 3914 in

436 3965 553 4014 egus
574 3963 733 4006 causa
774 3950 1015 4020 dignatio
1042 3958 1222 4002 vestra
1258 3949 1408 4013 favit,
1445 3958 1500 4002 et
1534 3965 1751 4020 semper
1776 3964 1836 4004 se
1868 3950 2005 4027 velle

437 4039 618 4092 favere
641 4039 926 4093 inlimavit.
954 4038 1054 4104 Qui
1083 4038 1215 4110 dixit
1243 4052 1302 4091 se
1326 4039 1478 4100 velle,
1507 4048 1561 4093 et
1588 4048 1847 4108 quantum
1876 4040 2003 4092 atti-

435 4141 524 4185 net
555 4131 621 4183 ad
652 4130 753 4184 hoc
778 4128 922 4197 quod
972 4129 1133 4181 habet
1164 4143 1342 4197 posse,
1374 4128 1454 4182 sic
1482 4129 1707 4182 reddere
1734 4129 1875 4196 quod
1904 4128 2001 4182 de-

435 4220 543 4282 bet,
574 4227 630 4272 ut
654 4216 855 4287 aliquid
883 4218 1025 4286 quod
1046 4230 1227 4271 secum
1258 4215 1474 4270 afferret
1502 4216 1754 4279 haberet;
1787 4216 1879 4269 sed
1904 4231 2000 4285 pro

430 4310 752 4379 quibusdam
792 4300 1195 4378 impedimentis
1251 4323 1357 4362 non
1420 4308 1660 4377 potuisse
1704 4308 1997 4363 secundum
2028 4330 2079 4391 ι)

429 4400 760 4467 condictum,
785 4406 845 4451 ut
865 4406 1096 4465 Oportet.
1126 4397 1306 4451 Rediit
1333 4396 1493 4466 igitur
1515 4397 1837 4467 promittens
1859 4413 1917 4452 se
1943 4399 1995 4452 in

430 4458 638 4542 Ινςιεςῆει
676 4488 903 4542 Beccuin
956 4486 1068 4541 Deo
1103 4496 1374 4541 annuente
1429 4497 1712 4542 venturum
1762 4498 1819 4543 et
1846 4505 1997 4544 man-

2116 456 2332 524 ροισι-ιι.
2362 455 2416 507 Si
2466 454 2592 521 quid
2644 452 2808 519 igitur
2839 454 3082 519 peccavit
3110 455 3232 520 quia
3268 453 3679 520 promissionem

2117 548 2264 599 vobis
2290 546 2481 599 factam
2512 546 2575 597 ad
2609 545 2822 612 plenum
2850 560 2954 596 non
2977 553 3061 597 est
3084 555 3398 608 exsecutus,
3425 546 3679 610 quoniam

2115 655 2220 692 non
2246 638 2295 690 id
2328 638 2609 690 admisisse
2638 635 2840 688 malitia
2871 634 3083 687 videtur
3109 635 3175 697 ",
3207 644 3329 701 pcto
3357 651 3597 696 securus,
3625 645 3683 687 ut

2112 728 2284 789 soleo,
2334 725 2400 780 de
2446 736 2621 781 vestra
2670 727 3019 795 benignitate,
3065 735 3333 791 quatenus
3366 726 3475 777 lilio
3502 736 3682 780 vestro

2114 816 2232 870 vice
2269 815 2460 883 patris,
2512 815 2673 869 liceat
2714 831 2836 869 eum
2889 817 2992 869 hoc
3040 824 3186 867 reatu
3228 814 3528 877 absolvere,
3559 831 3678 868 cum

2113 908 2392 962 uobiscum
2443 908 2662 977 incipiet
2707 911 2909 963 vivere.
2956 908 3011 961 lti
3056 923 3163 976 qua
3208 922 3264 960 re
3311 906 3450 960 hanc
3477 915 3679 960 certain

2112 1014 2434 1069 ιιιιςιιειιιιιίιιιι
2476 1002 2903 1066 concessionem,
2956 1002 2999 1055 si
3046 1000 3244 1053 nullam
3286 998 3467 1067 legero
3502 997 3684 1067 piohi-

2112 1088 2392 1142 bitioncm.

2606 1192 2935 1252 EPISTOLA
2982 1199 3077 1251 XX
3107 1200 3173 1253 ⁰³.

2660 1325 2742 1362 ‘AD
2780 1326 3115 1363 CONDULTUM.

2375 1399 2454 1452 De
2480 1401 2645 1453 tribus
2670 1401 2992 1453 orationibus
3023 1401 3090 1451 ad
3120 1399 3419 1464 Dcipm‘ttm.

2186 1489 2411 1543 Domino
2440 1490 2727 1546 Gonnum
2748 1493 2792 1522 9“
2823 1492 2990 1544 frater
3022 1491 3328 1546 Asstzmws,
3363 1487 3505 1555 quod
3546 1489 3681 1541 Gon-

2112 1581 2259 1637 dulfo
2290 1580 2599 1634 Anselmus.
3106 1576 3119 1591 “’

2043 1695 2083 1751 η
2192 1675 2306 1730 Νοιι
2336 1684 2419 1729 cst
2466 1688 2601 1740 opus
2642 1680 2701 1723 ut
2742 1670 2906 1722 multa
2937 1670 3003 1722 de
3032 1664 3401 1721 incolumitate
3444 1668 3687 1735 pristina!

2117 1766 2369 1819 amicitia:
2391 1764 2642 1830 loquatur
2668 1776 2730 1813 os
2763 1775 2941 1813 meum
2980 1759 3079 1819 illi,
3111 1776 3268 1827 quem
3304 1760 3353 1812 iii
3389 1768 3570 1812 mutua
3604 1760 3682 1810 di-

2118 1854 2346 1908 lectione
2375 1853 2488 1906 scio
2515 1866 2635 1906 esse
2665 1850 2892 1903 alterum
2921 1864 3018 1903 cor
3047 1866 3241 1904 metuo.
3278 1848 3342 1902 Ut
3378 1851 3538 1918 igitur
3561 1852 3681 1903 bre-

2117 1946 2255 1997 viter
2283 1943 2425 2012 quod
2456 1943 2594 1998 nosti
2624 1942 2826 2005 dicam,
2857 1941 2997 1994 sicut
3018 1956 3168 1994 amor
3201 1944 3271 1994 itii
3303 1957 3365 1993 ex
3392 1956 3498 2009 quo
3521 1943 3683 1993 incoli-

2114 2037 2212 2105 pit,
2257 2051 2529 2104 niinquam
2577 2035 2629 2087 in
2678 2049 2762 2087 me
2792 2042 3029 2087 mutatus
3058 2034 3103 2071 ⁸⁷
3132 2042 3215 2086 est
3245 2034 3562 2093 minuendo,
3599 2033 3669 2083 ita

2113 2126 2374 2181 sollicitus
2394 2140 2511 2181 sum
2543 2132 2600 2178 tit
2624 2139 2839 2193 semper
2864 2124 3123 2177 alteretnr
3164 2123 3210 2153 93
3257 2124 3521 2188 augendo.
3554 2122 3685 2187 Qui-

2113 2213 2237 2267 dam
2280 2212 2449 2268 frater
2490 2228 2597 2267 non
2646 2213 2836 2275 semel,
2866 2213 2958 2266 sed
2990 2226 3131 2280 schc
3168 2226 3253 2263 me
3296 2211 3504 2279 rogavit
3530 2219 3589 2263 ut
3618 2210 3684 2263 de

2112 2313 2297 2359 sancta
2330 2303 2493 2358 Maria
2523 2318 2771 2370 magnam
2816 2302 3102 2370 quamdam
3132 2300 3432 2353 orationem
3460 2314 3682 2368 compo-

2112 2408 2293 2446 uercm
2328 2406 2343 2444 :
2372 2392 2514 2459 quod
2545 2404 2666 2445 etlni
2696 2390 2812 2458 ipse
2858 2406 3096 2457 przescns
3147 2399 3361 2458 rogaret
3406 2390 3674 2446 exterius.

2112 2491 2169 2534 tu
2217 2482 2414 2536 absens
2450 2480 2815 2549 persuadebas
2860 2468 3108 2531 interius.
3144 2479 3407 2543 Quoniam
3452 2479 3596 2531 enim
3628 2480 3683 2532 id

2108 2581 2263 2623 tuum
2321 2568 2583 2632 futurum,
2630 2568 2674 2620 si
2724 2568 2897 2631 ﬁeret,
2955 2566 3392 2636 prospiciebant,
3477 2567 3682 2621 idcirco

2110 2660 2252 2729 quod
2280 2658 2510 2723 volebat,
2535 2657 2789 2712 libentius
2816 2655 3196 2724 suscipiebant.
3221 2654 3344 2708 Feci
3380 2654 3542 2724 igitur
3560 2671 3684 2708 ora-

2113 2753 2312 2806 tionem
2340 2766 2524 2811 unam,
2549 2748 2690 2802 unde
2715 2747 2925 2801 fueram
2951 2746 3275 2817 postulatus;
3310 2748 3400 2799 sed
3433 2747 3483 2798 in
3510 2750 3572 2800 ea
3597 2762 3684 2800 me
3763 2793 3773 2799 _.

2110 2857 2216 2895 non
2247 2840 2576 2894 satisfecisse
2607 2838 2901 2906 postulanti
2947 2851 3298 2904 cognoscens.
3336 2836 3560 2889 alteram
3602 2837 3681 2889 fu-

2108 2947 2233 2986 cere
2280 2947 2398 2984 sum
2451 2930 2704 2983 incitatus
2752 2928 2818 2980 9'.
2869 2928 2926 2989 lii
2979 2943 3084 2995 qua
3131 2926 3383 2996 quoniam
3429 2927 3682 2980 similiter

2030 3018 2071 3072 C
2107 3024 2339 3075 nomium
2392 3020 2658 3082 satisfeci,
2715 3018 2951 3081 tertiam,
2996 3032 3115 3085 qua:
3149 3018 3361 3069 tandem
3410 3017 3682 3071 sufﬁceret

2110 3113 2199 3173 ¹⁰⁰,
2228 3110 2450 3182 perfeci.
2488 3110 2689 3177 Accipe
2721 3108 2888 3178 igitur
2926 3122 3042 3170 cas,
3086 3122 3205 3176 qua:
3254 3107 3405 3161 facta:
3433 3116 3557 3161 sunt
3587 3118 3674 3159 tua

2106 3201 2435 3263 intentione;
2486 3210 2541 3253 ct
2589 3215 2657 3253 ne
2702 3196 3068 3265 reprehendas
3113 3198 3537 3265 magnitudinem
3584 3199 3678 3256 ¹⁰¹.

2106 3308 2224 3360 qua:
2267 3291 2406 3344 facta
2454 3300 2537 3344 est
2580 3290 2755 3343 aliena
2805 3289 3089 3358 petitione.
3116 3287 3180 3341 Et
3208 3289 3411 3339 utinam
3460 3288 3533 3341 ita
3568 3288 3680 3341 sint
3730 3342 3735 3345 ,

2108 3382 2277 3449 longa:
2318 3381 2407 3442 ¹⁹¹,
2439 3388 2518 3442 ιιι,
2556 3387 2849 3448 antequam
2882 3377 2946 3430 ad
2994 3377 3152 3428 finem
3179 3374 3463 3439 cujuslibet
3491 3391 3676 3429 earum

2107 3470 2350 3538 legendo,
2366 3452 2445 3521 vel
2463 3468 2641 3537 potius
2666 3466 2970 3521 meditando
2993 3464 3357 3533 perveniatur,
3374 3463 3438 3517 ad
3452 3464 3593 3532 quod
3614 3463 3680 3495 ’θ’

2040 3574 2041 3577 ‘
2108 3559 2259 3612 facta:
2284 3566 2432 3620 sunt,
2464 3556 2808 3625 compunctio
2837 3554 3044 3608 scilicet
3088 3553 3434 3607 contritiouis
3483 3553 3565 3605 vel
3599 3554 3683 3605 di-

2106 3646 2352 3701 lectionis
2372 3645 2426 3699 in
2456 3645 2536 3699 eis
2556 3660 2660 3713 per
2688 3658 2981 3711 supernum
3017 3650 3318 3710 respectum
3345 3641 3675 3695 inveniatur.

2106 3723 2357 3802 Denique
2395 3732 2596 3787 idcirco
2634 3731 2775 3784 volui
2814 3745 2908 3784 cas
2956 3730 3103 3798 ipsas
3142 3729 3420 3783 orationes
3464 3728 3535 3760 ὀδ
3579 3744 3678 3798 per

2104 3822 2402 3875 sententias
2433 3819 2786 3891 paragraphis
2815 3820 3168 3888 distinguere,
3224 3828 3281 3870 tit
3328 3818 3675 3887 anticipando

2105 3909 2456 3979 longitudinis
2509 3907 2807 3972 fastidium,
2864 3906 2954 3960 tibi
3003 3907 3257 3969 volueris,
3288 3908 3460 3975 possis
3487 3921 3580 3960 eas
3607 3906 3675 3959 le-

2105 4000 2279 4071 gendo
2308 3998 2551 4055 incidere
2580 3998 2666 4050 ‘°'.

2505 4138 2515 4143 -
2573 4107 2904 4163 EPISTOLA
2946 4108 3063 4161 XXI
3106 4109 3194 4164 ¹⁰⁶.

2662 4234 2728 4272 AD
2766 4235 3105 4273 ηουιιρηυη.

2208 4307 2530 4381 lioditlplitmt
2559 4309 2844 4381 obtestatur
2874 4308 3163 4381 describere
3189 4309 3323 4361 notis
3352 4310 3562 4362 musicis

2660 4379 3121 4446 Antiphonarium.

2166 4488 2389 4547 ’Domno
2410 4499 2469 4545 et
2500 4490 2651 4545 fratri
2686 4489 3009 4545 cliarissimo
3047 4489 3335 4544 Πουυιιιιιο
3368 4489 3538 4548 frater
3564 4491 3665 4545 An-

1720 4599 1951 4655 VARI/13
1989 4599 2392 4657 LEGTIONES.

505 4692 551 4721 ’"
581 4689 809 4757 Semper
854 4688 1057 4763 utique
1081 4704 1179 4763 ms.
1212 4691 1262 4742 l.
1294 4691 1459 4763 omit.
1482 4704 1697 4763 semper
1728 4761 1738 4763 μ
1792 4693 1835 4723 ⁸⁷
1867 4690 2092 4747 Tantam
2120 4692 2260 4763 enim
2286 4690 2527 4763 ejusdem
2547 4690 2850 4763 dilectionis
2871 4690 3254 4763 esniiherautia
3282 4681 3661 4763 plenitudinem

432 4771 490 4832 tt
513 4775 632 4813 mss.
668 4759 988 4832 tanta_eiiiiii
1012 4758 1251 4832 ρλιιειιειιι
1275 4760 1589 4832 dilectionis
1618 4761 1931 4815 exuberatis
1978 4758 2329 4832 plenitudine,
2353 4770 2413 4816 iit
2453 4760 2531 4832 ﬂ"
2551 4759 2780 4832 Quoque
2802 4758 3099 4832 scribamus
3131 4772 3254 4832 mss.
3283 4758 3662 4832 qttoque__seie-

432 4831 620 4882 bamus
715 4828 760 4859 "
792 4825 1102 4879 Monstratis
1138 4843 1233 4879 ms.
1268 4829 1319 4880 Ι.
1353 4829 1733 4883 demonstratis
1772 4847 1869 4884 im.
1904 4825 2342 4887 2.'nionstrastil
2449 4829 2493 4860 θ’
2540 4828 2756 4882 Gratias
2812 4828 2974 4893 igitur
3022 4843 3125 4887 ms.
3174 4826 3222 4878 i.
3266 4826 3456 4894 omittit
3503 4826 3664 4894 igitur

431 4900 473 4927 "
509 4896 791 4951 Iinlieeillis
815 4897 1026 4965 animus
1054 4904 1271 4965 generet
1295 4914 1418 4949 mss.
1445 4898 1744 4952 imbecillus
1773 4901 1982 4955 animus
2004 4909 2243 4965 gemeret
2313 4898 2362 4930 "
2387 4896 2539 4965 Quod
2568 4897 3069 4965 premit.deponcre.
3092 4894 3289 4965 Altinius.
3313 4893 3361 4944 t.
3389 4895 3472 4945 hic
3490 4893 3662 4965 rapti-

432 4971 498 5037 (ξι
529 4967 651 5037 [iure
682 4963 933 5037 Epistola.
974 4963 1037 5016 In
1083 4981 1181 5016 ms.
1208 4964 1262 5017 2.
1290 4977 1362 5018 est
1390 4978 1443 5018 ut
1473 4968 1645 5020 Edift'r
1692 4969 1893 5037 integra
2004 4962 2049 5001 ⁵⁸
2079 4971 2160 5023 Sit
2191 4962 2456 5037 quomodo
2482 4962 2581 5020 ms.
2606 4966 2682 5018 sic
2717 4962 2983 5037 quomodo
3088 4963 3131 4993 ⁸⁵
3162 4963 3313 5037 Videt
3336 4979 3414 5037 ms
3453 4962 3664 5037 videtur

434 5036 478 5065 θ’
515 5033 644 5085 Cum
690 5030 951 5100 pru'dictis
987 5049 1110 5086 mss.
1161 5044 1207 5085 et
1248 5051 1361 5087 cum
1395 5052 1492 5089 ms.
1536 5038 1693 5089 Lorb.
1726 5030 1849 5090 160.
1891 5049 1937 5091 et
1968 5056 2083 5092 cum
2105 5030 2379 5093 nim-Flor.
2405 5048 2450 5089 et
2476 5052 2592 5088 rum
2623 5051 2718 5087 ms.
2741 5030 2863 5086 267.
2889 5034 3076 5084 collata
3138 5034 3210 5100 79°
3256 5031 3482 5100 Domino
3518 5030 3664 5083 Gon-

435 5102 632 5167 dnlplio
675 5098 799 5154 tim.
855 5103 1075 5154 Domino
1112 5101 1431 5169 Gondnlpho
1462 5122 1588 5158 mss.
1636 5105 1757 5159 160.
1801 5120 1847 5159 et
1906 5107 2026 5161 167.
2075 5109 2183 5161 Sno
2234 5121 2383 5165 suits,
2441 5106 2614 5159 amico
2660 5106 2881 5167 amicus,
2928 5100 3077 5153 fratri
3126 5099 3314 5164 frater,
3346 5098 3659 5168 Gondnlpho

435 5169 739 5246 Αιιδθῌιιιιβν
790 5187 884 5239 ννο
918 5187 1101 5246 altiore
1135 5173 1439 5246 ltelicitatis
1484 5174 1576 5242 (In
1609 5192 1717 5246 nis.
1765 5178 1988 5240 omittit,
2040 5192 2138 5246 pro
2166 5173 2371 5244 amore)
2405 5172 2855 5246 perseverantiam
2900 5170 2952 5222 in
2982 5172 3283 5231 sanctitate,
3314 5169 3659 5246 pro‘przemio

435 5237 1111 5314 sattctitatisjeteriiitatem
1134 5241 1185 5293 in
1218 5237 1501 5314 fteliciiate‘
1602 5245 1646 5276 ⁸⁷
1684 5237 1982 5314 Nunquam
2006 5237 2060 5299 in
2090 5260 2174 5298 me
2202 5237 2438 5314 imitatus
2468 5260 2544 5297 ms
2577 5244 2965 5314 Δ1.-ιιιιιιίιιιειιιι
2992 5237 3381 5314 ιιιιιιξιιιιεωφη
3409 5237 3657 5314 Alerctnr

437 5326 561 5362 nm.
590 5312 641 5361 in
673 5307 815 5359 Edit.
848 5307 963 5361 Pic.
995 5308 1257 5363 alteretur
1289 5305 1293 5311 ’
1361 5310 1406 5341 θ’
1432 5315 1559 5365 Sum
1593 5305 1836 5367 imitatus
1865 5332 1991 5368 mss.
2027 5313 2159 5367 Vict.
2186 5324 2232 5365 et
2262 5310 2411 5365 Flor.
2435 5329 2551 5367 sunt
2575 5305 2835 5365 invitatus
2865 5325 2989 5361 mss.
3022 5309 3122 5360 160
3142 5318 3193 5373 ,ει
3223 5306 3344 5357 267.
3373 5320 3488 5357 sum
3520 5305 3653 5356 inci-

414 5389 584 5449 tatus
653 5378 721 5408 ¹⁰⁰
750 5377 1304 5449 Tandemsullieicbat
1335 5396 1458 5449 mss.
1487 5384 1697 5436 tandem
1726 5384 1992 5439 sulliceret
2105 5383 2167 5414 ¹⁰¹
2209 5381 2625 5449 Magnitudinem
2658 5376 2759 5431 ius.
2805 5378 2926 5430 267.
2973 5376 3373 5449 Longiitiilincm
3484 5374 3549 5403 '°’
3579 5373 3652 5449 ita

438 5448 544 5502 sint
572 5446 740 5522 longgc
768 5463 891 5522 nm.
923 5446 1043 5500 160,
1072 5456 1132 5522 ,ει
1166 5449 1292 5501 267.
1324 5438 1551 5522 ριμιῖἰοντ
1590 5461 1697 5504 tam
1724 5455 1892 5521 longa:
1920 5438 2028 5518 sint
2106 5452 2275 5522 mihi
2297 5438 2352 5505 id
2376 5453 2515 5520 quod
2546 5466 2665 5522 nus.
2695 5450 2744 5501 id
2766 5450 2829 5499 ad
2853 5448 3022 5522 qur_id_
3070 5438 3133 5475 ’δι
3172 5438 3273 5522 [fias
3302 5442 3655 5522 ipsasoratio-

438 5529 532 5569 nes
947 5515 1217 5636 orqltiones
1355 5520 1417 5549 ‘°"
1447 5521 1686 5575 lucitiet'e
1718 5512 1843 5576 um:
1876 5535 1919 5578 et
1954 5512 2131 5577 Editio
2164 5512 2409 5587 l’i'rargti;
2443 5521 2677 5572 incidere
2710 5534 2805 5571 riis.
2862 5512 2984 5569 “ibi.
3013 5513 3327 5569 intercidere
3430 5512 3495 5541 ¹⁹⁸
3522 5512 3652 5562 Cum

440 5602 530 5636 "is.
620 5596 704 5637 Μ’(ο
763 5626 770 5633 .
808 5623 818 5635 ι
846 5602 877 5637 ἶ-
920 5624 931 5637 .
960 5601 1017 5637 ('0
1063 5596 1148 5638 ala

440 5602 530 5636 ms.
578 5596 594 5635 1
620 5596 704 5637 tt't.
735 5596 818 5638 rgt.
846 5596 931 5637 τευ.
960 5596 1148 5638 (allata
