4214 6192
472 258 607 311 I087

470 386 672 425 siccatus
719 370 928 422 beatam
981 370 1343 437 a-ternitatcm
1397 380 1452 425 et
1501 381 1757 447 :etcrnam
1808 371 2039 425 beatitu-
2069 374 2123 433 Δ

472 463 671 517 tiinem.

543 548 892 601 Reverendns
943 549 1175 603 dmnnus
1220 551 1372 618 prior
1421 549 1678 619 Ilelgotns
1729 549 1957 603 dilectus
1990 558 2047 603 ct

471 641 699 694 dilector
728 650 915 692 noster
942 650 997 693 et
1027 651 1229 706 vester,
1270 640 1385 694 suis
1417 656 1514 693 vos
1558 640 1809 708 precibus
1845 641 1911 692 ad
1944 656 2043 693 no-

471 730 690 783 taudmn
740 730 1190 799 Antiphonarium
1250 731 1531 784 adhortari
1586 731 1879 794 desiderat,
1948 718 2043 784 Sed

471 823 784 876 nonnullius
814 822 864 874 in
897 838 954 875 re
987 823 1052 853 '°’
1101 824 1213 892 Ipsa
1260 822 1471 891 pondus
1522 820 1724 874 laboris
1765 820 2044 873 imtninere

474 911 805 965 considerat.
833 911 966 965 Cum
995 908 1159 977 igitur
1181 925 1309 964 suas
1333 924 1523 979 preces
1547 908 1841 962 venerabili
1875 908 2044 961 Immi-

468 998 621 1049 litate
647 999 779 1051 nolit
809 1011 1115 1066 quanquam
1142 998 1312 1065 possit
1338 998 1471 1051 tanti
1499 997 1735 1066 pendere
1753 1038 1769 1063 ,
1813 1006 1871 1050 ut
1893 1012 2031 1066 pon-

467 1088 569 1140 dus
590 1087 917 1155 impendens
963 1089 1172 1155 possint
1218 1086 1573 1183 suspendege,
1604 1088 1804 1141 obnixe
1837 1086 2044 1155 ﬂagitat

467 1187 733 1244 quatenus
755 1186 970 1230 nostras
993 1193 1115 1231 cum
1138 1178 1249 1231 suis
1274 1186 1462 1231 contra
1492 1177 1773 1247 'pradatum
1803 1178 2041 1231 laborem

467 1281 721 1319 curemus
749 1267 1076 1334 appendere.
1108 1264 1215 1320 Sed
1252 1266 1510 1334 quoniam
1546 1282 1645 1320 nec
1678 1267 1790 1335 ipse
1816 1281 1913 1320 nec
1944 1281 2042 1321 nos

465 1356 647 1423 operis
693 1356 861 1423 optati
904 1356 981 1409 sic
1010 1372 1146 1410 onus
1186 1355 1378 1409 amicis
1415 1354 1869 1424 postulationibus
1908 1354 2045 1408 levi-

466 1460 595 1513 gare
646 1453 938 1510 tentamus,
983 1454 1041 1498 ut
1088 1446 1398 1500 indiscretis
1434 1460 1530 1500 vos
1558 1444 2044 1513 supplicationibus

466 1551 693 1590 onerare
716 1536 951 1589 nitamur
979 1553 990 1586 :
1020 1524 1453 1605 couitemplantes
1484 1545 1539 1590 et
1563 1536 1713 1590 vobis
1738 1551 2039 1607 proponen-

472 1634 551 1678 les
578 1626 944 1694 proximorum
976 1626 1287 1692 utilitatem,
1312 1636 1368 1681 et
1397 1626 1679 1683 charitatis
1708 1636 1763 1681 et
1791 1627 2043 1681 obedien-

958 257 1014 307 5.
1060 255 1357 311 ANSELMI
1397 258 1752 315 (ZAN'I‘UAR.
1794 257 2069 312 AllCIIlEl

2151 256 2294 313 orr.
2333 259 2508 312 rans
2533 259 2616 313 ιιι.
2662 290 2727 299 -
2763 259 3161 341 ertsrone.

3574 268 3709 323 1088
3846 240 3849 241 ί

3574 268 3709 323 1088

2292 362 2311 395 ⁸
2492 373 2685 450 32οι
2704 371 3033 427 EPISTOLA
3072 374 3233 427 χχιιι
3274 375 3361 427 ιιο.

2324 476 2616 515 ιλκριιλκιιι
2658 478 2726 539 ιιι)
2765 478 3109 515 ιΑΝιηιιΑιςουιι
3150 479 3218 515 ετ
3256 460 3541 517 conuentu.

2148 550 2438 618 Lanfranct'
2468 553 2839 622 archiepiscopi
2864 554 2933 605 ad
2962 564 3192 619 nepotem
3219 554 3432 622 ejusque
3458 554 3710 619 sodalem,

2361 630 2467 672 tum
2500 620 2651 673 Βριτὶ
2679 633 2887 689 agentes
2914 623 3209 681 tirocinium
3237 620 3536 677 monachos.

2216 731 2597 788 Dilectissimis
2627 735 2884 789 fratribus
2924 735 3241 790 LANFRANCH
3270 746 3324 789 et
3351 736 3577 793 GUIDONI
3609 737 3718 791 fia-

2146 828 2230 874 tcr
2261 820 2615 877 Lanrnsncus
2641 836 2950 893 perpetuam
2987 841 3017 878 a
3052 825 3159 879 Deo
3188 824 3640 881 benedictionem.

2214 911 2353 978 Quia
2392 914 2672 978 divinitus,
2716 923 2775 967 ut
2800 916 2981 980 credo,
3010 926 3116 970 etc.
3162 916 3290 970 Vide
3311 917 3365 970 in
3392 916 3709 987 Laufranco,

2144 1002 2213 1055 ad
2233 1019 2323 1056 an.
2352 1003 2508 1068 1089,
2537 1002 2806 1073 I’atrolog.
2833 1016 2958 1058 tom.
2988 1004 3075 1058 CL

2588 1111 2916 1167 EPISTOLA
2960 1112 3125 1167 XXIV
3169 1116 3256 1169 "".

2541 1206 2765 1259 insimul
2827 1196 2899 1258 An
2949 1223 3315 1267 LANFRANCUI.

2144 1293 2225 1348 Ad
2259 1292 2612 1361 Lanfrancum
2655 1294 2718 1345 de
2753 1305 2933 1360 nepote
2960 1295 3112 1347 Becci
3152 1301 3387 1364 suscepto
3425 1297 3496 1350 ad
3540 1298 3717 1351 tiroci-

2216 1364 2381 1434 nium,
2422 1364 2502 1434 de
2526 1378 2627 1430 quo
2656 1364 2806 1434 epist.
2854 1364 2922 1417 I9
2975 1376 3021 1417 et
3060 1364 3129 1419 2‘2
3161 1382 3342 1434 supra.
3400 1365 3465 1419 Et
3496 1368 3544 1421 ei
3571 1384 3714 1420 com-

2214 1432 2425 1483 mendat
2450 1431 2761 1508 Mauritiurn
2785 1434 2954 1501 capite
2980 1431 3327 1489 laborantem.

2218 1538 2444 1593 Domino
2478 1540 2777 1594 reverenda
2803 1540 2949 1596 Patri
2980 1557 3107 1597 vere
3128 1542 3398 1613 diligendo
3423 1553 3477 1596 et
3497 1542 3714 1609 dilecto,

2147 1629 2426 1682 catholica:
2475 1629 2631 1683 matri
2682 1630 3077 1697 amplectendo,
3123 1632 3530 1699 archiepiscopo
3577 1630 3717 1685 Lan-

469 1718 555 1770 lin:
580 1726 772 1771 vestra:
812 1716 1141 1783 mercedem,
1169 1719 1273 1772 hoc
1297 1728 1532 1772 vestram
1561 1735 1815 1789 rogamus
1842 1719 2040 1773 frater-
2074 1708 2115 1765 Β
2145 1736 2347 1774 ramco
2371 1720 2538 1775 frater
2567 1720 2853 1776 Ausuuus
2890 1736 3037 1784 suus,
3085 1720 3226 1790 quod
3267 1720 3482 1786 dignius
3521 1730 3714 1790 potest,

470 1808 719 1870 nitatem,
754 1808 856 1862 hoc
897 1817 1091 1861 vestrae
1135 1809 1466 1863 consulimus
1501 1804 1794 1875 dilectioni,
1823 1820 1883 1865 ut
1909 1820 2042 1865 tem-

467 1913 587 1966 pus,
638 1900 780 1967 quod
828 1898 951 1952 aliis
1002 1900 1337 1967 quibuslibet
1376 1901 1665 1969 scripturis
1705 1911 1896 1972 sponte
1947 1916 2043 1956 vos

469 2004 573 2043 non
627 1988 773 2057 piget
809 1987 1104 2053 insumere,
1155 1989 1241 2042 vel
1288 1991 1391 2043 hoc
1432 1990 1499 2043 ad
1533 2004 1668 2058 opus
1698 1990 1838 2058 quod
1869 1990 2044 2060 exigi-

469 2078 625 2142 mini,
655 2092 761 2131 non
792 2079 1092 2147 gravemini
1130 2079 1404 2133 addicere.
1449 2078 1600 2144 Quod
1637 2081 1681 2133 si
1716 2080 1896 2132 dicitis
1922 2094 2043 2133 esse

468 2168 603 2247 nihil
653 2170 735 2223 vel
792 2169 1095 2239 minimum,
1130 2170 1361 2240 idipsum
1410 2170 1545 2223 nihil
1599 2169 1682 2224 vel
1733 2169 2039 2233 minimum,

466 2260 606 2313 sicut
632 2275 729 2314 vos
772 2261 904 2314 certi
933 2262 1064 2314 estis
1102 2261 1244 2329 quod
1273 2260 1493 2313 minime
1520 2259 1804 2328 sufficiat},
1841 2260 1912 2312 ita
1945 2275 2043 2312 nos

466 2364 572 2401 non
616 2350 763 2403 dubii
801 2366 990 2405 sumus
1041 2353 1184 2420 quod
1225 2351 1615 2421 aliquantulum
1666 2348 1929 2420 proficiat.
1976 2349 2043 2405 Ut

466 2451 643 2493 autem
674 2449 867 2494 vestra:
898 2440 1163 2508 largitatis
1186 2440 1485 2509 amplitudo
1507 2440 1732 2510 aliquid,
1760 2437 2042 2508 plusquam

467 2527 745 2594 praesumit
795 2537 975 2581 nostra
1027 2530 1236 2598 petilio,
1273 2529 1689 2599 superadjiciat‘,
1720 2528 1800 2583 sic
1849 2528 2043 2582 bonam

467 2628 705 2671 vestram
741 2634 862 2672 eum
890 2620 1188 2688 gratiarum
1218 2622 1435 2688 actione
1480 2620 1772 2674 minuimus
1806 2618 2047 2671 volunta-

471 2718 601 2771 tem,
633 2698 691 2761 ιιὶ
720 2710 932 2777 penitus
954 2710 1256 2765 ahnuamus
1283 2684 1503 2781 graiem
1530 2708 2042 2765 incommoditatcm.

473 2796 570 2849 Vir
602 2796 689 2849 ille
733 2798 824 2864 qui
880 2814 909 2850 a
958 2800 1111 2853 vobis
1163 2800 1623 2868 nupertlmriens
1669 2799 2045 2852 monachicum

468 2886 695 2954 sumpsit
724 2887 989 2952 habitum,
1015 2888 1058 2941 si
1082 2888 1245 2941 etiam
1270 2889 1700 2943 benedictionem
1727 2888 2044 2955 assumpsit,

468 2976 721 3030 mandate
750 2976 904 3031 nobis
945 2992 1138 3032 nomen
1172 2987 1225 3032 et
1246 2978 1386 3034 diem
1416 2979 1597 3033 obitus
1623 2978 1742 3049 ejus
1767 2977 1876 3047 (7),
1903 2985 1961 3029 ut
1988 2977 2039 3030 in

467 3075 654 3123 nostro
681 3065 1006 3123 Kalendario
1028 3069 1320 3124 scribatur.

922 3180 1256 3237 EPISTOLA
1293 3181 1437 3237 XXII
1474 3182 1563 3236 ¹⁰⁸.
1616 3178 1619 3181 “

466 3299 483 3339 ι
880 3287 1175 3325 LANFBANCI
1215 3288 1282 3325 AD
1322 3287 1624 3327 ANSELIIUI.

519 3356 702 3411 Preces
736 3358 967 3412 Anselmi
995 3370 1041 3412 et
1070 3361 1299 3413 aliorum
1335 3362 1580 3431 efﬂagitat
1617 3375 1634 3412 :
1675 3370 1721 3415 et
1763 3377 1916 3415 suum
1954 3362 2002 3414 ei

946 3438 1177 3496 nepotem
1222 3432 1548 3483 commendat

541 3515 746 3569 Domno
785 3515 954 3580 l’atri,
1000 3518 1178 3582 fratri,
1206 3519 1382 3573 amico
1415 3520 1667 3574 Auscuto
1697 3518 2043 3573 Laurnmcus

469 3616 721 3673 peccator
750 3608 816 3638 ¹⁰⁹
838 3617 1153 3677 perpetuam
1183 3623 1213 3663 a
1250 3609 1359 3661 Deo
1383 3610 1635 3663 salutem.

541 3696 678 3761 Quid
706 3698 833 3750 mihi
860 3699 1129 3767 expediat,
1158 3700 1432 3754 beatitudo
1458 3709 1635 3754 vestra
1667 3700 1869 3767 optime
1895 3700 2040 3753 novit

474 3793 580 3839 etc.
615 3782 743 3839 Vide
765 3787 819 3839 in
842 3785 1166 3855 Lanfranco,
1200 3788 1521 3857 Patrologic
1549 3800 1677 3841 tom.
1710 3785 1817 3840 CL.

2144 1820 2291 1867 totus
2319 1826 2448 1867 suus

2214 1904 2438 1972 Quoties
2473 1889 2626 1959 vehis
2653 1913 2737 1958 est
2779 1912 2989 1974 gratum
3030 1903 3230 1972 aliquid
3275 1903 3406 1957 mihi
3452 1919 3569 1957 esse
3598 1919 3718 1973 gra-

2148 2002 2285 2060 tum,
2331 1994 2516 2063 utique
2554 1994 2683 2047 mihi
2717 2003 2774 2047 et
2821 1995 2923 2047 hoc
2961 2002 3043 2047 est
3094 2002 3324 2061 gratum,
3373 2002 3428 2047 et
3475 1993 3604 2046 illud
3655 1992 3717 2045 fit

2145 2084 2373 2152 gratius,
2422 2083 2562 2151 quod
2609 2083 2757 2151 prius
2804 2091 2920 2136 erat
2960 2092 3171 2152 gratum
3218 2081 3580 2151 Sigi-ificastis
3618 2097 3716 2135 vos

2146 2169 2273 2221 inde
2313 2167 2463 2222 Ianos
2501 2170 2569 2199 “’
2599 2185 2719 2223 esse
2748 2170 2871 2239 quia
2909 2186 3024 2237 ego,
3058 2178 3116 2223 ut
3144 2170 3207 2223 de
3235 2170 3354 2222 aliis
3379 2179 3603 2233 taceam,
3634 2170 3715 2222 di-

2145 2257 2497 2312 lectissimum
2542 2269 2805 2322 nostrum,
2839 2269 3085 2328 nepotem
3126 2268 3364 2313 vestrum
3400 2259 3553 2314 valde
3588 2274 3716 2328 gau-

2145 2350 2276 2405 deus
2297 2351 2530 2417 suscepi.
2563 2350 2736 2403 Tanto
2764 2350 2927 2418 igitur
2961 2360 3014 2404 et
3045 2351 3146 2404 hac
3182 2360 3360 2403 vestra
3388 2350 3571 2404 laetitia
3597 2363 3713 2402 sum

2146 2440 2474 2502 lmtificatus;
2501 2448 2555 2493 et
2578 2441 2856 2508 gaudium,
2888 2442 3031 2507 quod
3060 2441 3351 2493 habueram
3374 2439 3441 2493 de
3460 2439 3716 2508 praedicto

2147 2528 2315 2582 charo
2346 2539 2550 2592 nostro,
2589 2527 2838 2597 quamvis
2878 2542 3095 2595 semper
3134 2528 3333 2596 vigeat,
3362 2528 3607 2595 augendo
3632 2535 3719 2580 est

2150 2626 2462 2673 renovatum
2490 2634 2504 2670 :
2537 2627 2758 2685 quanto,
2788 2618 2839 2671 id
2868 2618 3009 2686 quod
3038 2633 3142 2671 non
3170 2620 3507 2672 verecundor
3534 2616 3712 2681 fateri,

2150 2722 2236 2761 me
2279 2705 2489 2761 scilicet
2529 2721 2596 2760 ex
2642 2720 2833 2774 magna
2884 2716 3040 2774 parte
3079 2707 3225 2760 illum
3256 2708 3335 2762 sic
3376 2702 3718 2776 suseipiena‘o

2150 2796 2465 2863 intendisse,
2512 2800 2577 2852 ad
2626 2809 2808 2849 votum
2855 2797 3167 2864 provenisse
3218 2798 3444 2865 cognovi
3487 2799 3552 2851 de
3596 2812 3719 2850 meo

2150 2887 2363 2940 meritis
2388 2888 2627 2949 domino,
2678 2885 2780 2938 fide
2821 2883 3009 2949 fratre,
3048 2886 3406 2939 sollicitudine
3434 2884 3541 2938 filio
3571 2883 3719 2936 Mau-

2153 2978 2302 3043 ricio,
2335 2993 2497 3047 quem
2530 2993 2625 3031 vos
2664 2991 2763 3045 pro
2802 2976 2955 3029 vobis
2988 2978 3252 3045 separatis
3289 2979 3355 3030 ab
3397 2977 3503 3041 illo,
3549 2992 3578 3028 a
3608 2991 3719 3044 quo

2146 3066 2264 3135 plus
2287 3066 2573 3121 amabatur
2615 3080 2774 3135 quam
2821 3068 2889 3120 ab
2917 3065 3043 3130 alio,
3073 3074 3128 3119 et
3159 3081 3317 3134 quem
3353 3067 3471 3145 plus
3498 3068 3717 3120 amabat

2155 3158 2218 3190 ³³³
2243 3172 2405 3228 quam
2429 3158 2593 3212 alium
2626 3175 2639 3211 :
2666 3174 2760 3212 vos
2792 3158 2889 3226 ipsi
2914 3157 3149 3226 judiCate
3177 3157 3318 3225 quod
3348 3158 3421 3210 illi
3452 3157 3717 3213 debeatis.

2150 3249 2459 3316 Quamlibet
2484 3264 2716 3317 namque
2746 3250 2852 3303 vile
2892 3250 2961 3302 sit
2990 3250 3129 3316 quod
3158 3250 3235 3302 sic
3268 3259 3435 3315 amat,
3468 3259 3523 3303 et
3550 3264 3580 3303 a
3610 3264 3722 3318 quo

2152 3338 2231 3391 sic
2253 3346 2466 3390 amatur
2490 3375 2507 3401 ,
2543 3336 2799 3390 nimirum
2827 3336 2929 3389 boc
2960 3335 3032 3387 illi
3070 3337 3275 3392 debetis
3300 3338 3439 3403 quod
3471 3353 3573 3391 non
3617 3338 3723 3391 mi-

2155 3442 2253 3480 nus
2296 3435 2461 3491 amet,
2512 3434 2565 3479 et
2610 3441 2640 3479 a
2685 3442 2792 3494 quo
2838 3440 2942 3479 non
2982 3429 3158 3480 minus
3186 3436 3412 3479 ametur.
3448 3427 3718 3493 Quoniam

2151 3517 2313 3585 igitur
2342 3526 2397 3570 et
2436 3531 2535 3585 ego
2578 3517 2701 3570 novi
2736 3515 2956 3582 justitize
2995 3527 3186 3571 vestrae
3233 3507 3632 3577 rectitudinem,
3661 3526 3720 3570 et
3778 3548 3779 3553 η

2152 3622 2245 3661 vos
2280 3607 2451 3661 nostis
2498 3615 2738 3660 mutuam
2792 3614 3031 3660 nostram
3083 3607 3443 3669 dilectionem,
3499 3621 3719 3660 omnem

2147 3698 2263 3766 ejus
2292 3697 2703 3765 supersedemus
2725 3697 3269 3750 commendationem.
3299 3696 3371 3750 De
3396 3696 3721 3764 (egritudine

2151 3788 2341 3856 capitis
2383 3788 2523 3857 ejus,
2568 3796 2801 3841 vestram
2845 3788 3119 3857 pietatem,
3168 3796 3425 3855 quantum
3455 3787 3591 3856 apud
3624 3803 3725 3843 vos

1751 3939 1981 3996 VARIA‘I
2030 3937 2437 3994 LECTIONES.

548 4056 616 4087 ¹⁹⁷
653 4052 933 4109 Nonnullis
962 4056 1013 4109 in
1046 4068 1105 4109 re
1130 4072 1226 4109 ms.
1258 4055 1591 4110 non-nullius
1617 4055 1667 4107 in
1704 4069 1760 4108 re

474 4196 628 4247 niuuo
665 4192 852 4247 Codice
888 4212 983 4249 ms.

477 4264 795 4319 I"Amabat
828 4280 925 4317 ms.
969 4264 1246 4319 amabatur

1872 4052 1939 4084 ¹⁹⁸
1976 4051 2179 4105 Collata
2223 4044 2338 4104 cum

474 4126 695 4193 francns
721 4135 969 4193 precatur
1003 4142 1129 4179 mss.
1178 4125 1298 4177 Edit
1348 4123 1582 4187 f’icardi,
1635 4123 1969 4177 Lanfrancus
2014 4132 2265 4193 peccator

1100 4195 1163 4281 l‘“
1206 4193 1412 4247 Collata
1453 4186 1698 4247 couinno
1732 4208 1827 4246 ms.
1868 4208 1933 4245 ea:
1962 4186 2225 4259 prwdictis
2250 4188 2454 4242 duobus
2503 4186 2777 4241 I'ic’orinis
2816 4188 2881 4219 ¹¹³
2918 4188 3064 4242 Inter
3094 4189 3367 4281 laetosgms.
3408 4190 3531 4244 inde
3568 4192 3724 4245 Istos

2414 4050 2638 4103 rtedictis
2677 4050 2879 4104 duobus
2918 4064 3061 4103 mss.‘
3093 4049 3372 4104 Victorini:
3484 4051 3550 4085 ιδ’
3579 4050 3728 4104 Lan-

2404 4120 2444 4149 ¹⁰
2483 4118 2613 4171 Cum
2650 4120 2883 4185 prmfatis
2916 4137 3037 4171 mss.
3088 4120 3278 4172 collata
3305 4131 3351 4173 et
3385 4136 3504 4172 cum
3535 4119 3718 4173 Cotto-

1676 4373 1957 4430 JOANNIS
1998 4371 2270 4426 PICARDI
2309 4367 2539 4424 NOTAE.

552 4486 627 4557 (7)
669 4483 732 4539 Ut
758 4486 810 4557 in
840 4485 1172 4539 Cateudario.
1207 4484 1581 4539 Culendarium
1622 4479 2041 4557 primrie_sigui—
2078 4486 2121 4537 D
2148 4493 2279 4557 voce
2330 4478 2428 4557 sub
2464 4477 2635 4530 sacris
2674 4475 3263 4557 missarumsolemniis
3318 4475 3577 4557 recitabat
3625 4491 3729 4530 suo

480 4551 618 4613 ticat'
659 4556 867 4608 tabulas
894 4556 1383 4608 Almanakistarum
1432 4569 1527 4622 per
1551 4553 1793 4604 ordinem
1834 4551 2040 4603 dierum

478 4626 787 4695 dispositas,
827 4634 881 4678 et
931 4624 1268 4692 potissimum
1315 4626 1410 4677 has
1440 4637 1574 4689 quas
1607 4622 1863 4695 habemus
1888 4635 2045 4695 prac-

480 4689 613 4750 tixas
666 4689 943 4748 codicibus
971 4695 1309 4747 horariarum
1346 4707 1588 4763 precum,
1617 4690 1703 4763 ubi
1732 4691 1845 4763 dies
1883 4689 2045 4763 festos

481 4766 845 4835 pe-ofestmque
890 4777 1110 4835 cernere
1133 4764 1258 4817 licet
1289 4759 1420 4835 suis
1447 4760 1677 4835 rubricis
1699 4766 1752 4813 et
1780 4760 1947 4835 titulis
1969 4759 2051 4835 di-

482 4828 721 4889 stinctos.
753 4833 918 4885 Porro
947 4832 1235 4887 Anselmus
1287 4833 1373 4886 hic
1406 4830 1599 4898 accipit
1628 4842 1722 4898 pro
1761 4829 1963 4894 codice,
1997 4828 2049 4880 in

483 4888 587 4965 quo
610 4901 827 4971 singulae
864 4902 1137 4971 regulares
1190 4888 1445 4956 Ecclesia?
1489 4888 1746 4971 adnatant
1778 4900 1918 4971 diem
1946 4888 2053 4967 quo

486 4973 711 5038 quisque
746 4970 969 5024 fratrum
999 4972 1081 5025 vel
1124 4971 1487 5026 beneficorum
1534 4970 1756 5031 obierit;
1808 4970 1934 5022 hinc
1970 4976 2054 5038 est

486 5036 637 5107 quod
666 5039 900 5111 nonnulli
957 5041 1093 5095 hanc
1129 5042 1527 5111 ephemeridem
1574 5039 1864 5111 obitorium
1910 5036 2055 5111 voci-

489 5106 629 5171 tent;
661 5107 747 5160 alii
776 5108 1002 5181 dictione
1032 5106 1396 5181 latino-graeca
1429 5108 1809 5181 mortilogium,
1839 5106 2055 5175 quidam

487 5182 687 5245 aptius,
720 5178 1101 5245 necrolngium,
1136 5181 1184 5233 id
1210 5178 1292 5235 est
1319 5181 1512 5235 librum
1559 5178 1933 5233 defunctorum
1963 5191 2056 5229 seu

489 5256 843 5315 mortuorum.
877 5246 965 5301 Sic
992 5248 1131 5301 Beda
1154 5251 1253 5305 lib.“
1278 5266 1350 5313 Iv,
1388 5266 1439 5304 c.
1471 5249 1559 5312 Μ,
1580 5248 1715 5302 Hist.
1750 5247 2060 5315 Anglicanas

491 5314 717 5384 appellat
739 5315 952 5370 codices
989 5318 1037 5369 in
1066 5320 1253 5383 quibus
1285 5319 1657 5373 defunctorum
1710 5314 2061 5370 adnotaretnr

492 5386 773 5451 depos'tio.
806 5384 931 5439 Htec
954 5396 1131 5439 autem
1162 5388 1328 5441 diaria
1376 5388 1616 5442 funebria
1648 5386 1907 5454 originem
1958 5384 2055 5436 ha-

496 5457 722 5529 buerunt
736 5456 800 5505 ab
813 5454 929 5508 aliis
945 5456 1244 5529 duplicibus
1258 5468 1267 5507 I
1280 5457 1448 5529 a_bu‘i.~
1466 5458 1621 5529 (quas
1638 5456 1809 5529 Graeci
1824 5456 2057 5529 δίπτυχα

502 5522 703 5590 dixere)
746 5539 809 5577 ex
866 5522 1089 5594 quarum
1146 5526 1367 5597 singulis
1394 5522 1614 5596 pagellis
1650 5526 1909 5580 diaconus
1949 5524 2052 5576 alta

3611 4422 3641 4464 ο

2150 4548 2266 4601 loco
2294 4556 2348 4600 et
2375 4547 2613 4599 vivorum
2651 4548 2865 4599 nomina
2898 4547 3299 4612 oblationesque
3327 4546 3727 4607 defunctorum,

2153 4626 2213 4671 nt
2246 4617 2406 4669 latius
2434 4615 2660 4683 explicat
2682 4616 2835 4668 Joan.
2878 4617 3181 4683 Stephanus
3212 4615 3495 4683 Durandns
3524 4614 3603 4683 vir
3626 4628 3729 4664 un-

2154 4690 2433 4754 decunque
2460 4686 2820 4747 doctissimus,
2858 4685 2949 4738 lib.
2976 4682 3015 4736 n
3052 4684 3125 4737 De
3149 4684 3340 4754 ritibus
3365 4682 3617 4754 Ecclesia;
3633 4696 3731 4754 ca-

2159 4751 2386 4820 tholicae,
2414 4771 2531 4823 cap.
2565 4755 2632 4807 54
2660 4763 2711 4808 et
2736 4754 2824 4816 45,
2856 4757 2905 4807 in
2943 4769 3047 4819 quo
3072 4793 3086 4817 ,
3115 4765 3172 4805 ut
3205 4752 3447 4823 advertit:
3470 4751 3607 4823 apud
3636 4752 3731 4823 Al-

2156 4818 2395 4889 cuinum,
2426 4818 2676 4891 corrupte
2706 4823 2808 4893 legi
2829 4818 3073 4893 dipteriis
3095 4838 3195 4891 pro
3212 4818 3604 4893 dip_tychis.'lta
3630 4820 3731 4893 ob-

2159 4895 2369 4949 servavi
2404 4895 2453 4947 in
2494 4889 2783 4961 plerisque
2820 4889 3063 4946 Gratiani
3097 4889 3401 4961 'codicib‘us
3451 4889 3733 4961 impressis

2160 4978 2441 5033 perperam
2469 4958 2647 5016 haberi
2677 4958 2886 5033 'diictitis
2926 4961 3163 5033 etiamin
3195 4959 3278 5013 his
3301 4958 3734 5033 quogevulgavit

2158 5027 2420 5088 Antonius
2436 5033 2675 5094 Contius,
2694 5030 2863 5098 Cajet.
2890 5046 3019 5084 sane
3034 5030 3127 5093 24,
3146 5027 3404 5097 quaistﬁ,
3420 5028 3732 5098 Stephanus

2161 5103 2517 5157 'l‘ornacensis
2573 5095 2852 5169 episcopus
2897 5102 3087 5154 borum
3132 5095 3737 5169 ileeretorumprimus

2162 5180 2550 5228 commentator
2580 5162 2708 5236 (non
2734 5162 2964 5225 Ioannes
2995 5169 3221 5229 Seneca,
3250 5165 3524 5236 utscribit
3552 5162 3734 5218 Gene-

2163 5242 2389 5296 brardus
2446 5242 2497 5294 in
2564 5238 2787 5307 Chron.)
2845 5240 2928 5292 vir
2990 5237 3250 5307 politioris
3298 5235 3632 5307 litteraturae,
3672 5244 3734 5287 et

2164 5311 2394 5367 Joannes
2445 5302 2786 5363 Flaventitzus
2818 5302 3053 5372 ejusdem
3086 5304 3329 5359 Gratiani
3384 5302 3733 5367 scholiastes.

2165 5382 2321 5434 ambo
2368 5395 2469 5434 ms.
2500 5380 2551 5433 in
2596 5387 2780 5432 nostra
2812 5377 3139 5430 Bibliotheca
3171 5375 3440 5433 viderunt,
3460 5372 3560 5425 hoc
3591 5385 3735 5425 non-

2164 5452 2287 5503 dum
2321 5451 2583 5511 dicentes,
2638 5448 2770 5501 alias
2800 5446 2898 5515 legi
2932 5445 3186 5513 diptycis;
3242 5444 3319 5498 sic
3350 5442 3510 5496 etiam
3541 5441 3734 5511 legunt

2164 5521 2265 5573 duo
2293 5519 2529 5574 Gratiani
2557 5534 2651 5571 ms.
2697 5527 2871 5570 nostra
2898 5515 3238 5583 exemplaria.
