  <div class='ocr_page' id='page_1' title='image "/cluster/home/n/w/nwhite01/storage/ocr_20150623/158/uva.x000829800/546.png"; bbox 0 0 4214 6218; ppageno 0'>
   <div class='ocr_carea' id='block_1_1' title="bbox 534 330 673 383">
    <p class='ocr_par' dir='ltr' id='par_1_1' title="bbox 534 330 673 383">
     <span class='ocr_line' id='line_1_1' title="bbox 534 330 673 383; baseline 0.014 -2"><span class='ocrx_word' id='word_1_1' title='bbox 534 334 558 381; x_wconf 68' lang='grc'>1</span> <span class='ocrx_word' id='word_1_2' title='bbox 569 330 673 383; x_wconf 74' lang='lat' dir='ltr'><strong>(I89</strong></span> 
     </span>
    </p>
   </div>
   <div class='ocr_carea' id='block_1_2' title="bbox 1749 312 2489 385">
    <p class='ocr_par' dir='ltr' id='par_1_2' title="bbox 1749 312 2489 385">
     <span class='ocr_line' id='line_1_2' title="bbox 1749 312 2489 385; baseline -0.005 -10"><span class='ocrx_word' id='word_1_3' title='bbox 1749 322 1875 375; x_wconf 83' lang='lat' dir='ltr'><strong>LIB.</strong></span> <span class='ocrx_word' id='word_1_4' title='bbox 1915 312 1975 385; x_wconf 41' lang='lat' dir='ltr'><strong>I,’</strong></span> <span class='ocrx_word' id='word_1_5' title='bbox 1995 318 2211 375; x_wconf 79' lang='lat' dir='ltr'><strong>EPIST.</strong></span> <span class='ocrx_word' id='word_1_6' title='bbox 2260 318 2489 372; x_wconf 63' lang='grc' dir='ltr'>λκιτιιι.</span> 
     </span>
    </p>
   </div>
   <div class='ocr_carea' id='block_1_3' title="bbox 3649 320 3784 377">
    <p class='ocr_par' dir='ltr' id='par_1_3' title="bbox 3649 320 3784 377">
     <span class='ocr_line' id='line_1_3' title="bbox 3649 320 3784 377; baseline 0.03 -4"><span class='ocrx_word' id='word_1_7' title='bbox 3649 320 3784 377; x_wconf 72' lang='grc'><strong>1090</strong></span> 
     </span>
    </p>
   </div>
   <div class='ocr_carea' id='block_1_4' title="bbox 535 430 3783 509">
    <p class='ocr_par' dir='ltr' id='par_1_4' title="bbox 535 430 3783 509">
     <span class='ocr_line' id='line_1_4' title="bbox 535 430 3783 509; baseline -0.002 -17"><span class='ocrx_word' id='word_1_8' title='bbox 535 457 753 509; x_wconf 76' lang='lat' dir='ltr'><strong>possunt</strong></span> <span class='ocrx_word' id='word_1_9' title='bbox 787 455 933 509; x_wconf 79' lang='lat' dir='ltr'><strong>rogo,</strong></span> <span class='ocrx_word' id='word_1_10' title='bbox 965 440 1253 508; x_wconf 74' lang='lat' dir='ltr'><strong>pnecipue,</strong></span> <span class='ocrx_word' id='word_1_11' title='bbox 1283 445 1551 506; x_wconf 91' lang='lat' dir='ltr'><strong>quatenus</strong></span> <span class='ocrx_word' id='word_1_12' title='bbox 1592 446 1812 503; x_wconf 86' lang='lat' dir='ltr'><strong>propter</strong></span> <span class='ocrx_word' id='word_1_13' title='bbox 1839 436 2005 487; x_wconf 84' lang='lat' dir='ltr'><strong>Deum</strong></span> <span class='ocrx_word' id='word_1_14' title='bbox 2053 443 2105 487; x_wconf 87' lang='lat' dir='ltr'><strong>et</strong></span> <span class='ocrx_word' id='word_1_15' title='bbox 2137 436 2179 489; x_wconf 67' lang='grc' dir='ltr'><strong>Α</strong></span> <span class='ocrx_word' id='word_1_16' title='bbox 2209 450 2446 501; x_wconf 77' lang='lat' dir='ltr'><strong>possunt,</strong></span> <span class='ocrx_word' id='word_1_17' title='bbox 2473 433 2633 486; x_wconf 80' lang='lat' dir='ltr'><strong>fundo</strong></span> <span class='ocrx_word' id='word_1_18' title='bbox 2662 433 2983 487; x_wconf 81' lang='lat' dir='ltr'><strong>orationem.</strong></span> <span class='ocrx_word' id='word_1_19' title='bbox 3013 431 3300 497; x_wconf 74' lang='lat' dir='ltr'><strong>Memento,</strong></span> <span class='ocrx_word' id='word_1_20' title='bbox 3323 434 3497 486; x_wconf 88' lang='lat' dir='ltr'><strong>amice</strong></span> <span class='ocrx_word' id='word_1_21' title='bbox 3550 430 3647 495; x_wconf 85' lang='lat' dir='ltr'><strong>mi,</strong></span> <span class='ocrx_word' id='word_1_22' title='bbox 3693 450 3783 490; x_wconf 85' lang='lat' dir='ltr'><strong>eo.</strong></span> 
     </span>
    </p>
   </div>
   <div class='ocr_carea' id='block_1_5' title="bbox 535 522 2105 589">
    <p class='ocr_par' dir='ltr' id='par_1_5' title="bbox 535 522 2105 589">
     <span class='ocr_line' id='line_1_5' title="bbox 535 522 2105 589; baseline -0.006 -3"><span class='ocrx_word' id='word_1_23' title='bbox 535 542 751 586; x_wconf 63' lang='lat' dir='ltr'><strong>(eterna:</strong></span> <span class='ocrx_word' id='word_1_24' title='bbox 779 530 968 585; x_wconf 85' lang='lat' dir='ltr'><strong>salutis</strong></span> <span class='ocrx_word' id='word_1_25' title='bbox 1002 530 1436 589; x_wconf 86' lang='lat' dir='ltr'><strong>retributionem,</strong></span> <span class='ocrx_word' id='word_1_26' title='bbox 1485 526 1638 579; x_wconf 97' lang='lat' dir='ltr'><strong>vobis</strong></span> <span class='ocrx_word' id='word_1_27' title='bbox 1682 522 2029 589; x_wconf 84' lang='lat' dir='ltr'><strong>instantibus,</strong></span> <span class='ocrx_word' id='word_1_28' title='bbox 2076 540 2105 577; x_wconf 89' lang='lat' dir='ltr'><strong>a</strong></span> 
     </span>
    </p>
   </div>
   <div class='ocr_carea' id='block_1_6' title="bbox 533 615 2105 684">
    <p class='ocr_par' dir='ltr' id='par_1_6' title="bbox 533 615 2105 684">
     <span class='ocr_line' id='line_1_6' title="bbox 533 615 2105 684; baseline -0.004 -10"><span class='ocrx_word' id='word_1_29' title='bbox 533 620 729 675; x_wconf 89' lang='lat' dir='ltr'><strong>dilecto</strong></span> <span class='ocrx_word' id='word_1_30' title='bbox 750 620 926 673; x_wconf 89' lang='lat' dir='ltr'><strong>amico</strong></span> <span class='ocrx_word' id='word_1_31' title='bbox 945 628 1131 673; x_wconf 91' lang='lat' dir='ltr'><strong>nostro</strong></span> <span class='ocrx_word' id='word_1_32' title='bbox 1151 620 1348 672; x_wconf 87' lang='lat' dir='ltr'><strong>domno</strong></span> <span class='ocrx_word' id='word_1_33' title='bbox 1364 617 1585 671; x_wconf 85' lang='lat' dir='ltr'><strong>Alberto</strong></span> <span class='ocrx_word' id='word_1_34' title='bbox 1612 615 1824 671; x_wconf 89' lang='lat' dir='ltr'><strong>medico</strong></span> <span class='ocrx_word' id='word_1_35' title='bbox 1844 625 2105 684; x_wconf 87' lang='lat' dir='ltr'><strong>quantum</strong></span> 
     </span>
    </p>
   </div>
   <div class='ocr_carea' id='block_1_7' title="bbox 533 710 1441 783">
    <p class='ocr_par' dir='ltr' id='par_1_7' title="bbox 533 710 1441 783">
     <span class='ocr_line' id='line_1_7' title="bbox 533 710 1441 783; baseline -0.006 -17"><span class='ocrx_word' id='word_1_36' title='bbox 533 720 715 783; x_wconf 82' lang='lat' dir='ltr'><strong>potest</strong></span> <span class='ocrx_word' id='word_1_37' title='bbox 743 710 1090 781; x_wconf 88' lang='lat' dir='ltr'><strong>perquiratur</strong></span> <span class='ocrx_word' id='word_1_38' title='bbox 1113 718 1169 763; x_wconf 90' lang='lat' dir='ltr'><strong>et</strong></span> <span class='ocrx_word' id='word_1_39' title='bbox 1197 716 1441 763; x_wconf 88' lang='lat' dir='ltr'><strong>curetur.</strong></span> 
     </span>
    </p>
   </div>
   <div class='ocr_carea' id='block_1_8' title="bbox 992 815 1648 881">
    <p class='ocr_par' dir='ltr' id='par_1_8' title="bbox 992 815 1648 881">
     <span class='ocr_line' id='line_1_8' title="bbox 992 815 1648 881; baseline 0 -8"><span class='ocrx_word' id='word_1_40' title='bbox 992 816 1324 881; x_wconf 79' lang='lat' dir='ltr'><strong>EPISTOLA</strong></span> <span class='ocrx_word' id='word_1_41' title='bbox 1362 815 1510 873; x_wconf 80' lang='lat' dir='ltr'><strong>XXV</strong></span> <span class='ocrx_word' id='word_1_42' title='bbox 1559 817 1648 873; x_wconf 70' lang='lat'><strong>“‘.</strong></span> 
     </span>
    </p>
   </div>
   <div class='ocr_carea' id='block_1_9' title="bbox 1119 922 1515 961">
    <p class='ocr_par' dir='ltr' id='par_1_9' title="bbox 1119 922 1515 961">
     <span class='ocr_line' id='line_1_9' title="bbox 1119 922 1515 961; baseline 0.008 -3"><span class='ocrx_word' id='word_1_43' title='bbox 1119 922 1187 959; x_wconf 74' lang='grc' dir='ltr'><strong>Δί)</strong></span> <span class='ocrx_word' id='word_1_44' title='bbox 1225 922 1515 961; x_wconf 70' lang='grc' dir='ltr'><strong>ΗΕΝΙΠΩΗΙ.</strong></span> 
     </span>
    </p>
   </div>
   <div class='ocr_carea' id='block_1_10' title="bbox 602 996 2030 1121">
    <p class='ocr_par' dir='ltr' id='par_1_10' title="bbox 602 996 2030 1121">
     <span class='ocr_line' id='line_1_10' title="bbox 602 996 2030 1121; baseline -0.006 -65"><span class='ocrx_word' id='word_1_45' title='bbox 602 1000 703 1056; x_wconf 83' lang='lat' dir='ltr'><strong>Isti</strong></span> <span class='ocrx_word' id='word_1_46' title='bbox 731 1000 1046 1055; x_wconf 70' lang='lat' dir='ltr'><strong>Hauritium</strong></span> <span class='ocrx_word' id='word_1_47' title='bbox 1076 1000 1406 1121; x_wconf 68' lang='lat' dir='ltr'><strong>monachumd</strong></span> <span class='ocrx_word' id='word_1_48' title='bbox 1422 1016 1486 1052; x_wconf 80' lang='lat' dir='ltr'><strong>ea:</strong></span> <span class='ocrx_word' id='word_1_49' title='bbox 1512 999 1680 1068; x_wconf 81' lang='lat' dir='ltr'><strong>capite</strong></span> <span class='ocrx_word' id='word_1_50' title='bbox 1707 996 2030 1050; x_wconf 75' lang='lat' dir='ltr'><strong>laborantem</strong></span> 
     </span>
     <span class='ocr_line' id='line_1_11' title="bbox 1139 1080 1484 1121; baseline 0 0"><span class='ocrx_word' id='word_1_51' title='bbox 1139 1085 1368 1121; x_wconf 84' lang='lat' dir='ltr'><strong>commen</strong></span> <span class='ocrx_word' id='word_1_52' title='bbox 1411 1080 1484 1121; x_wconf 83' lang='lat' dir='ltr'><strong>ut.</strong></span> 
     </span>
    </p>
   </div>
   <div class='ocr_carea' id='block_1_11' title="bbox 1139 1080 1484 1122">
    <p class='ocr_par' dir='ltr' id='par_1_11' title="bbox 1139 1080 1484 1122">
     <span class='ocr_line' id='line_1_12' title="bbox 1139 1080 1484 1122; baseline 0 -1"><span class='ocrx_word' id='word_1_53' title='bbox 1139 1080 1484 1122; x_wconf 82' lang='lat' dir='ltr'><strong>commendat.</strong></span> 
     </span>
    </p>
   </div>
   <div class='ocr_carea' id='block_1_12' title="bbox 602 1155 2103 1213">
    <p class='ocr_par' dir='ltr' id='par_1_12' title="bbox 602 1155 2103 1213">
     <span class='ocr_line' id='line_1_13' title="bbox 602 1155 2103 1213; baseline -0.003 -2"><span class='ocrx_word' id='word_1_54' title='bbox 602 1157 810 1212; x_wconf 88' lang='lat' dir='ltr'><strong>Domno</strong></span> <span class='ocrx_word' id='word_1_55' title='bbox 836 1167 890 1213; x_wconf 91' lang='lat' dir='ltr'><strong>et</strong></span> <span class='ocrx_word' id='word_1_56' title='bbox 923 1156 1076 1212; x_wconf 77' lang='lat' dir='ltr'><strong>fratri</strong></span> <span class='ocrx_word' id='word_1_57' title='bbox 1112 1157 1469 1212; x_wconf 85' lang='lat' dir='ltr'><strong>dilectissimo</strong></span> <span class='ocrx_word' id='word_1_58' title='bbox 1503 1155 1747 1211; x_wconf 62' lang='lat' dir='ltr'><strong>lim-meo</strong></span> <span class='ocrx_word' id='word_1_59' title='bbox 1789 1156 1961 1209; x_wconf 82' lang='lat' dir='ltr'><strong>frater</strong></span> <span class='ocrx_word' id='word_1_60' title='bbox 1995 1155 2103 1209; x_wconf 72' lang='lat' dir='ltr'><strong>Aa-</strong></span> 
     </span>
    </p>
   </div>
   <div class='ocr_carea' id='block_1_13' title="bbox 529 1247 2103 1318">
    <p class='ocr_par' dir='ltr' id='par_1_13' title="bbox 529 1247 2103 1318">
     <span class='ocr_line' id='line_1_14' title="bbox 529 1247 2103 1318; baseline -0.003 -15"><span class='ocrx_word' id='word_1_61' title='bbox 529 1263 729 1305; x_wconf 72' lang='lat' dir='ltr'><strong>ssutus</strong></span> <span class='ocrx_word' id='word_1_62' title='bbox 748 1249 1055 1303; x_wconf 87' lang='lat' dir='ltr'><strong>diuturnam</strong></span> <span class='ocrx_word' id='word_1_63' title='bbox 1088 1249 1368 1318; x_wconf 71' lang='lat' dir='ltr'><strong>praesentis</strong></span> <span class='ocrx_word' id='word_1_64' title='bbox 1404 1248 1531 1302; x_wconf 67' lang='lat' dir='ltr'><strong>vitm</strong></span> <span class='ocrx_word' id='word_1_65' title='bbox 1570 1247 2019 1308; x_wconf 86' lang='lat' dir='ltr'><strong>incolumitatem,</strong></span> <span class='ocrx_word' id='word_1_66' title='bbox 2048 1256 2103 1299; x_wconf 81' lang='lat' dir='ltr'><strong>et</strong></span> 
     </span>
    </p>
   </div>
   <div class='ocr_carea' id='block_1_14' title="bbox 458 1337 1361 1393">
    <p class='ocr_par' dir='ltr' id='par_1_14' title="bbox 458 1337 1361 1393">
     <span class='ocr_line' id='line_1_15' title="bbox 458 1337 1361 1393; baseline -0.003 -1"><span class='ocrx_word' id='word_1_67' title='bbox 458 1370 469 1381; x_wconf 72' lang='grc' dir='ltr'><strong><em>ο</em></strong></span> <span class='ocrx_word' id='word_1_68' title='bbox 527 1338 722 1393; x_wconf 77' lang='lat' dir='ltr'><strong>futurze</strong></span> <span class='ocrx_word' id='word_1_69' title='bbox 742 1348 997 1392; x_wconf 65' lang='lat' dir='ltr'><strong>aeternam</strong></span> <span class='ocrx_word' id='word_1_70' title='bbox 1023 1337 1361 1392; x_wconf 89' lang='lat' dir='ltr'><strong>felicitatem.</strong></span> 
     </span>
    </p>
   </div>
   <div class='ocr_carea' id='block_1_15' title="bbox 596 1414 2097 1503">
    <p class='ocr_par' dir='ltr' id='par_1_15' title="bbox 596 1414 2097 1503">
     <span class='ocr_line' id='line_1_16' title="bbox 596 1414 2097 1503; baseline -0.003 -20"><span class='ocrx_word' id='word_1_71' title='bbox 596 1429 770 1483; x_wconf 88' lang='lat' dir='ltr'><strong>Credo</strong></span> <span class='ocrx_word' id='word_1_72' title='bbox 811 1428 952 1497; x_wconf 87' lang='lat' dir='ltr'><strong>quod</strong></span> <span class='ocrx_word' id='word_1_73' title='bbox 988 1428 1192 1503; x_wconf 73' lang='lat' dir='ltr'><strong>conscii</strong></span> <span class='ocrx_word' id='word_1_74' title='bbox 1226 1427 1355 1479; x_wconf 89' lang='lat' dir='ltr'><strong>tuibi</strong></span> <span class='ocrx_word' id='word_1_75' title='bbox 1388 1426 1522 1479; x_wconf 89' lang='lat' dir='ltr'><strong>estis</strong></span> <span class='ocrx_word' id='word_1_76' title='bbox 1554 1425 1789 1494; x_wconf 78' lang='lat' dir='ltr'><strong>qualiter</strong></span> <span class='ocrx_word' id='word_1_77' title='bbox 1817 1414 2097 1481; x_wconf 70' lang='lat' dir='ltr'><strong>dilexerin</strong></span> 
     </span>
    </p>
   </div>
   <div class='ocr_carea' id='block_1_16' title="bbox 526 1518 2095 1585">
    <p class='ocr_par' dir='ltr' id='par_1_16' title="bbox 526 1518 2095 1585">
     <span class='ocr_line' id='line_1_17' title="bbox 526 1518 2095 1585; baseline -0.002 -12"><span class='ocrx_word' id='word_1_78' title='bbox 526 1520 781 1573; x_wconf 86' lang='lat' dir='ltr'><strong>domuum</strong></span> <span class='ocrx_word' id='word_1_79' title='bbox 824 1528 880 1573; x_wconf 93' lang='lat' dir='ltr'><strong>et</strong></span> <span class='ocrx_word' id='word_1_80' title='bbox 926 1518 1146 1572; x_wconf 83' lang='lat' dir='ltr'><strong>fratrem</strong></span> <span class='ocrx_word' id='word_1_81' title='bbox 1193 1527 1249 1572; x_wconf 91' lang='lat' dir='ltr'><strong>et</strong></span> <span class='ocrx_word' id='word_1_82' title='bbox 1292 1518 1456 1571; x_wconf 85' lang='lat' dir='ltr'><strong>lilium</strong></span> <span class='ocrx_word' id='word_1_83' title='bbox 1490 1528 1733 1572; x_wconf 88' lang='lat' dir='ltr'><strong>nostrum</strong></span> <span class='ocrx_word' id='word_1_84' title='bbox 1766 1518 2095 1585; x_wconf 84' lang='lat' dir='ltr'><strong>Mauritiutn,</strong></span> 
     </span>
    </p>
   </div>
   <div class='ocr_carea' id='block_1_17' title="bbox 526 1610 2097 1679">
    <p class='ocr_par' dir='ltr' id='par_1_17' title="bbox 526 1610 2097 1679">
     <span class='ocr_line' id='line_1_18' title="bbox 526 1610 2097 1679; baseline 0.001 -16"><span class='ocrx_word' id='word_1_85' title='bbox 526 1625 686 1679; x_wconf 90' lang='lat' dir='ltr'><strong>quem</strong></span> <span class='ocrx_word' id='word_1_86' title='bbox 728 1610 882 1665; x_wconf 86' lang='lat' dir='ltr'><strong>vobis</strong></span> <span class='ocrx_word' id='word_1_87' title='bbox 926 1611 1215 1664; x_wconf 85' lang='lat' dir='ltr'><strong>mittimus.</strong></span> <span class='ocrx_word' id='word_1_88' title='bbox 1250 1610 1515 1674; x_wconf 82' lang='lat' dir='ltr'><strong>Quoniam</strong></span> <span class='ocrx_word' id='word_1_89' title='bbox 1550 1610 1713 1679; x_wconf 80' lang='lat' dir='ltr'><strong>igitur</strong></span> <span class='ocrx_word' id='word_1_90' title='bbox 1739 1610 1961 1666; x_wconf 90' lang='lat' dir='ltr'><strong>dilectos</strong></span> <span class='ocrx_word' id='word_1_91' title='bbox 1999 1628 2097 1664; x_wconf 86' lang='lat' dir='ltr'><strong>uo-</strong></span> 
     </span>
    </p>
   </div>
   <div class='ocr_carea' id='block_1_18' title="bbox 524 1682 2098 1769">
    <p class='ocr_par' dir='ltr' id='par_1_18' title="bbox 524 1682 2098 1769">
     <span class='ocr_line' id='line_1_19' title="bbox 524 1682 2098 1769; baseline 0.004 -21"><span class='ocrx_word' id='word_1_92' title='bbox 524 1706 671 1751; x_wconf 85' lang='lat' dir='ltr'><strong>stros</strong></span> <span class='ocrx_word' id='word_1_93' title='bbox 695 1692 727 1750; x_wconf 57' lang='grc' dir='ltr'>ἁ</span> <span class='ocrx_word' id='word_1_94' title='bbox 756 1682 950 1752; x_wconf 71' lang='lat' dir='ltr'><strong>dilecto</strong></span> <span class='ocrx_word' id='word_1_95' title='bbox 972 1707 1027 1752; x_wconf 89' lang='lat' dir='ltr'><strong>et</strong></span> <span class='ocrx_word' id='word_1_96' title='bbox 1050 1697 1308 1751; x_wconf 86' lang='lat' dir='ltr'><strong>dilectore</strong></span> <span class='ocrx_word' id='word_1_97' title='bbox 1329 1697 1397 1727; x_wconf 82' lang='grc'><strong>¹¹³</strong></span> <span class='ocrx_word' id='word_1_98' title='bbox 1425 1707 1611 1751; x_wconf 89' lang='lat' dir='ltr'><strong>nostro</strong></span> <span class='ocrx_word' id='word_1_99' title='bbox 1633 1699 1780 1769; x_wconf 88' lang='lat' dir='ltr'><strong>diligi</strong></span> <span class='ocrx_word' id='word_1_100' title='bbox 1818 1716 1920 1753; x_wconf 92' lang='lat' dir='ltr'><strong>non</strong></span> <span class='ocrx_word' id='word_1_101' title='bbox 1949 1700 2098 1754; x_wconf 84' lang='lat' dir='ltr'><strong>dubi-</strong></span> 
     </span>
    </p>
   </div>
   <div class='ocr_carea' id='block_1_19' title="bbox 2210 521 3786 595">
    <p class='ocr_par' dir='ltr' id='par_1_19' title="bbox 2210 521 3786 595">
     <span class='ocr_line' id='line_1_20' title="bbox 2210 521 3786 595; baseline 0.003 -22"><span class='ocrx_word' id='word_1_102' title='bbox 2210 536 2326 574; x_wconf 87' lang='lat' dir='ltr'><strong>rum</strong></span> <span class='ocrx_word' id='word_1_103' title='bbox 2351 536 2468 588; x_wconf 74' lang='lat' dir='ltr'><strong>qua:</strong></span> <span class='ocrx_word' id='word_1_104' title='bbox 2504 536 2740 589; x_wconf 71' lang='lat' dir='ltr'><strong>prmsens</strong></span> <span class='ocrx_word' id='word_1_105' title='bbox 2766 536 2907 588; x_wconf 67' lang='grc' dir='ltr'><strong>εαξρο</strong></span> <span class='ocrx_word' id='word_1_106' title='bbox 2934 521 3269 575; x_wconf 82' lang='lat' dir='ltr'><strong>admonendo</strong></span> <span class='ocrx_word' id='word_1_107' title='bbox 3300 522 3393 577; x_wconf 88' lang='lat' dir='ltr'><strong>tibi</strong></span> <span class='ocrx_word' id='word_1_108' title='bbox 3425 522 3558 585; x_wconf 71' lang='lat' dir='ltr'><strong>dixi,</strong></span> <span class='ocrx_word' id='word_1_109' title='bbox 3586 531 3634 577; x_wconf 89' lang='lat' dir='ltr'><strong>ct</strong></span> <span class='ocrx_word' id='word_1_110' title='bbox 3668 538 3786 595; x_wconf 71' lang='lat' dir='ltr'><strong>qua:</strong></span> 
     </span>
    </p>
   </div>
   <div class='ocr_carea' id='block_1_20' title="bbox 2208 608 3183 679">
    <p class='ocr_par' dir='ltr' id='par_1_20' title="bbox 2208 608 3183 679">
     <span class='ocr_line' id='line_1_21' title="bbox 2208 608 3183 679; baseline 0.004 -19"><span class='ocrx_word' id='word_1_111' title='bbox 2208 619 2394 677; x_wconf 86' lang='lat' dir='ltr'><strong>postea</strong></span> <span class='ocrx_word' id='word_1_112' title='bbox 2418 608 2613 663; x_wconf 87' lang='lat' dir='ltr'><strong>absens</strong></span> <span class='ocrx_word' id='word_1_113' title='bbox 2645 611 2861 679; x_wconf 84' lang='lat' dir='ltr'><strong>scripsi.</strong></span> <span class='ocrx_word' id='word_1_114' title='bbox 3178 620 3183 623; x_wconf 82' lang='lat'>‘</span> 
     </span>
    </p>
   </div>
   <div class='ocr_carea' id='block_1_21' title="bbox 2281 699 3786 771">
    <p class='ocr_par' dir='ltr' id='par_1_21' title="bbox 2281 699 3786 771">
     <span class='ocr_line' id='line_1_22' title="bbox 2281 699 3786 771; baseline 0.004 -17"><span class='ocrx_word' id='word_1_115' title='bbox 2281 699 2358 768; x_wconf 84' lang='lat'><strong>(8)</strong></span> <span class='ocrx_word' id='word_1_116' title='bbox 2397 700 2557 763; x_wconf 88' lang='lat' dir='ltr'><strong>Cave,</strong></span> <span class='ocrx_word' id='word_1_117' title='bbox 2616 700 2784 752; x_wconf 89' lang='lat' dir='ltr'><strong>frater</strong></span> <span class='ocrx_word' id='word_1_118' title='bbox 2823 700 3215 763; x_wconf 88' lang='lat' dir='ltr'><strong>amantissime,</strong></span> <span class='ocrx_word' id='word_1_119' title='bbox 3270 701 3398 755; x_wconf 88' lang='lat' dir='ltr'><strong>illud</strong></span> <span class='ocrx_word' id='word_1_120' title='bbox 3446 703 3589 771; x_wconf 87' lang='lat' dir='ltr'><strong>quod</strong></span> <span class='ocrx_word' id='word_1_121' title='bbox 3632 704 3786 760; x_wconf 85' lang='lat' dir='ltr'><strong>tnttlti</strong></span> 
     </span>
    </p>
   </div>
   <div class='ocr_carea' id='block_1_22' title="bbox 2208 789 3788 861">
    <p class='ocr_par' dir='ltr' id='par_1_22' title="bbox 2208 789 3788 861">
     <span class='ocr_line' id='line_1_23' title="bbox 2208 789 3788 861; baseline 0.004 -17"><span class='ocrx_word' id='word_1_122' title='bbox 2208 790 2359 844; x_wconf 88' lang='lat' dir='ltr'><strong>stulti</strong></span> <span class='ocrx_word' id='word_1_123' title='bbox 2390 789 2610 853; x_wconf 86' lang='lat' dir='ltr'><strong>faciunt,</strong></span> <span class='ocrx_word' id='word_1_124' title='bbox 2636 793 2727 860; x_wconf 86' lang='lat' dir='ltr'><strong>qui</strong></span> <span class='ocrx_word' id='word_1_125' title='bbox 2760 800 2965 861; x_wconf 89' lang='lat' dir='ltr'><strong>quanto</strong></span> <span class='ocrx_word' id='word_1_126' title='bbox 2994 790 3198 846; x_wconf 92' lang='lat' dir='ltr'><strong>diutius</strong></span> <span class='ocrx_word' id='word_1_127' title='bbox 3229 793 3438 855; x_wconf 73' lang='lat' dir='ltr'><strong>vivunt,</strong></span> <span class='ocrx_word' id='word_1_128' title='bbox 3470 803 3621 845; x_wconf 87' lang='lat' dir='ltr'><strong>tanto</strong></span> <span class='ocrx_word' id='word_1_129' title='bbox 3674 812 3788 850; x_wconf 66' lang='lat' dir='ltr'><strong>tnao</strong></span> 
     </span>
    </p>
   </div>
   <div class='ocr_carea' id='block_1_23' title="bbox 2200 878 3788 948">
    <p class='ocr_par' dir='ltr' id='par_1_23' title="bbox 2200 878 3788 948">
     <span class='ocr_line' id='line_1_24' title="bbox 2200 878 3788 948; baseline 0.006 -16"><span class='ocrx_word' id='word_1_130' title='bbox 2200 878 2372 948; x_wconf 87' lang='lat' dir='ltr'><strong>jorem</strong></span> <span class='ocrx_word' id='word_1_131' title='bbox 2394 895 2542 948; x_wconf 84' lang='lat' dir='ltr'><strong>spem</strong></span> <span class='ocrx_word' id='word_1_132' title='bbox 2567 883 2777 935; x_wconf 83' lang='lat' dir='ltr'><strong>vivendi</strong></span> <span class='ocrx_word' id='word_1_133' title='bbox 2809 883 2912 937; x_wconf 86' lang='lat' dir='ltr'><strong>sibi</strong></span> <span class='ocrx_word' id='word_1_134' title='bbox 2943 882 3220 948; x_wconf 87' lang='lat' dir='ltr'><strong>ntttriunt,</strong></span> <span class='ocrx_word' id='word_1_135' title='bbox 3263 894 3317 937; x_wconf 90' lang='lat' dir='ltr'><strong>et</strong></span> <span class='ocrx_word' id='word_1_136' title='bbox 3344 883 3590 939; x_wconf 87' lang='lat' dir='ltr'><strong>timorem</strong></span> <span class='ocrx_word' id='word_1_137' title='bbox 3642 887 3788 941; x_wconf 69' lang='grc' dir='ltr'><strong>[εειὶο</strong></span> 
     </span>
    </p>
   </div>
   <div class='ocr_carea' id='block_1_24' title="bbox 2207 972 3787 1043">
    <p class='ocr_par' dir='ltr' id='par_1_24' title="bbox 2207 972 3787 1043">
     <span class='ocr_line' id='line_1_25' title="bbox 2207 972 3787 1043; baseline 0.006 -20"><span class='ocrx_word' id='word_1_138' title='bbox 2207 972 2387 1025; x_wconf 89' lang='lat' dir='ltr'><strong>nantis</strong></span> <span class='ocrx_word' id='word_1_139' title='bbox 2414 973 2600 1026; x_wconf 77' lang='lat' dir='ltr'><strong>mortis</strong></span> <span class='ocrx_word' id='word_1_140' title='bbox 2623 974 2959 1042; x_wconf 87' lang='lat' dir='ltr'><strong>abjicientes,</strong></span> <span class='ocrx_word' id='word_1_141' title='bbox 3012 990 3041 1027; x_wconf 91' lang='lat' dir='ltr'><strong>a</strong></span> <span class='ocrx_word' id='word_1_142' title='bbox 3084 976 3361 1043; x_wconf 88' lang='lat' dir='ltr'><strong>pmposito</strong></span> <span class='ocrx_word' id='word_1_143' title='bbox 3408 986 3614 1033; x_wconf 73' lang='lat' dir='ltr'><strong>sancta:</strong></span> <span class='ocrx_word' id='word_1_144' title='bbox 3662 980 3787 1033; x_wconf 71' lang='lat' dir='ltr'><strong>vitae</strong></span> 
     </span>
    </p>
   </div>
   <div class='ocr_carea' id='block_1_25' title="bbox 2205 1059 3789 1137">
    <p class='ocr_par' dir='ltr' id='par_1_25' title="bbox 2205 1059 3789 1137">
     <span class='ocr_line' id='line_1_26' title="bbox 2205 1059 3789 1137; baseline 0.009 -26"><span class='ocrx_word' id='word_1_145' title='bbox 2205 1059 2481 1113; x_wconf 82' lang='lat' dir='ltr'><strong>deficiunt.</strong></span> <span class='ocrx_word' id='word_1_146' title='bbox 2524 1061 2716 1117; x_wconf 79' lang='lat' dir='ltr'><strong>Verum</strong></span> <span class='ocrx_word' id='word_1_147' title='bbox 2753 1078 2983 1132; x_wconf 89' lang='lat' dir='ltr'><strong>namque</strong></span> <span class='ocrx_word' id='word_1_148' title='bbox 3032 1072 3117 1117; x_wconf 89' lang='lat' dir='ltr'><strong>est</strong></span> <span class='ocrx_word' id='word_1_149' title='bbox 3162 1065 3287 1133; x_wconf 88' lang='lat' dir='ltr'><strong>quia</strong></span> <span class='ocrx_word' id='word_1_150' title='bbox 3335 1078 3541 1137; x_wconf 88' lang='lat' dir='ltr'><strong>quanto</strong></span> <span class='ocrx_word' id='word_1_151' title='bbox 3588 1068 3789 1126; x_wconf 82' lang='lat' dir='ltr'><strong>diutius</strong></span> 
     </span>
    </p>
   </div>
   <div class='ocr_carea' id='block_1_26' title="bbox 2206 1152 3788 1233">
    <p class='ocr_par' dir='ltr' id='par_1_26' title="bbox 2206 1152 3788 1233">
     <span class='ocr_line' id='line_1_27' title="bbox 2206 1152 3788 1233; baseline 0.009 -30"><span class='ocrx_word' id='word_1_152' title='bbox 2206 1152 2337 1205; x_wconf 82' lang='lat' dir='ltr'><strong>vixit</strong></span> <span class='ocrx_word' id='word_1_153' title='bbox 2367 1153 2751 1221; x_wconf 40' lang='lat' dir='ltr'><strong>aliquishtanlo</strong></span> <span class='ocrx_word' id='word_1_154' title='bbox 2778 1157 2994 1213; x_wconf 86' lang='lat' dir='ltr'><strong>brevius</strong></span> <span class='ocrx_word' id='word_1_155' title='bbox 3022 1159 3265 1213; x_wconf 91' lang='lat' dir='ltr'><strong>victurus</strong></span> <span class='ocrx_word' id='word_1_156' title='bbox 3325 1171 3435 1227; x_wconf 88' lang='lat' dir='ltr'><strong>est;</strong></span> <span class='ocrx_word' id='word_1_157' title='bbox 3481 1171 3537 1217; x_wconf 90' lang='lat' dir='ltr'><strong>et</strong></span> <span class='ocrx_word' id='word_1_158' title='bbox 3582 1166 3788 1233; x_wconf 80' lang='lat' dir='ltr'><strong>quanto</strong></span> 
     </span>
    </p>
   </div>
   <div class='ocr_carea' id='block_1_27' title="bbox 2206 1242 3789 1322">
    <p class='ocr_par' dir='ltr' id='par_1_27' title="bbox 2206 1242 3789 1322">
     <span class='ocr_line' id='line_1_28' title="bbox 2206 1242 3789 1322; baseline 0.008 -27"><span class='ocrx_word' id='word_1_159' title='bbox 2206 1242 2263 1296; x_wconf 80' lang='lat' dir='ltr'><strong>fit</strong></span> <span class='ocrx_word' id='word_1_160' title='bbox 2298 1242 2555 1314; x_wconf 89' lang='lat' dir='ltr'><strong>longiusa</strong></span> <span class='ocrx_word' id='word_1_161' title='bbox 2594 1247 2678 1302; x_wconf 90' lang='lat' dir='ltr'><strong>die</strong></span> <span class='ocrx_word' id='word_1_162' title='bbox 2733 1249 3031 1303; x_wconf 84' lang='lat' dir='ltr'><strong>nativitatis</strong></span> <span class='ocrx_word' id='word_1_163' title='bbox 3078 1260 3214 1314; x_wconf 71' lang='lat' dir='ltr'><strong>sum,</strong></span> <span class='ocrx_word' id='word_1_164' title='bbox 3250 1261 3399 1305; x_wconf 86' lang='lat' dir='ltr'><strong>tanto</strong></span> <span class='ocrx_word' id='word_1_165' title='bbox 3459 1253 3516 1306; x_wconf 82' lang='lat' dir='ltr'><strong>fit</strong></span> <span class='ocrx_word' id='word_1_166' title='bbox 3569 1256 3789 1322; x_wconf 60' lang='lat' dir='ltr'><strong>propius</strong></span> 
     </span>
    </p>
   </div>
   <div class='ocr_carea' id='block_1_28' title="bbox 2202 1334 3785 1401">
    <p class='ocr_par' dir='ltr' id='par_1_28' title="bbox 2202 1334 3785 1401">
     <span class='ocr_line' id='line_1_29' title="bbox 2202 1334 3785 1401; baseline 0.004 -12"><span class='ocrx_word' id='word_1_167' title='bbox 2202 1334 2305 1389; x_wconf 89' lang='lat' dir='ltr'><strong>diei</strong></span> <span class='ocrx_word' id='word_1_168' title='bbox 2337 1338 2530 1391; x_wconf 89' lang='lat' dir='ltr'><strong>mortis</strong></span> <span class='ocrx_word' id='word_1_169' title='bbox 2559 1353 2690 1401; x_wconf 71' lang='lat' dir='ltr'><strong>suae,</strong></span> <span class='ocrx_word' id='word_1_170' title='bbox 2719 1348 2774 1391; x_wconf 89' lang='lat' dir='ltr'><strong>et</strong></span> <span class='ocrx_word' id='word_1_171' title='bbox 2800 1340 3173 1393; x_wconf 88' lang='lat' dir='ltr'><strong>retributionis</strong></span> <span class='ocrx_word' id='word_1_172' title='bbox 3205 1342 3366 1396; x_wconf 87' lang='lat' dir='ltr'><strong>totius</strong></span> <span class='ocrx_word' id='word_1_173' title='bbox 3393 1343 3517 1396; x_wconf 73' lang='lat' dir='ltr'><strong>vita:</strong></span> <span class='ocrx_word' id='word_1_174' title='bbox 3540 1358 3669 1397; x_wconf 71' lang='lat' dir='ltr'><strong>sum.</strong></span> <span class='ocrx_word' id='word_1_175' title='bbox 3697 1343 3785 1396; x_wconf 58' lang='lat' dir='ltr'><strong>Si-</strong></span> 
     </span>
    </p>
   </div>
   <div class='ocr_carea' id='block_1_29' title="bbox 2202 1426 3788 1500">
    <p class='ocr_par' dir='ltr' id='par_1_29' title="bbox 2202 1426 3788 1500">
     <span class='ocr_line' id='line_1_30' title="bbox 2202 1426 3788 1500; baseline 0.003 -20"><span class='ocrx_word' id='word_1_176' title='bbox 2202 1436 2292 1480; x_wconf 89' lang='lat' dir='ltr'><strong>cut</strong></span> <span class='ocrx_word' id='word_1_177' title='bbox 2324 1426 2486 1495; x_wconf 78' lang='lat' dir='ltr'><strong>igitur</strong></span> <span class='ocrx_word' id='word_1_178' title='bbox 2518 1427 2668 1482; x_wconf 82' lang='lat' dir='ltr'><strong>vides</strong></span> <span class='ocrx_word' id='word_1_179' title='bbox 2698 1445 2792 1496; x_wconf 76' lang='lat' dir='ltr'><strong>per</strong></span> <span class='ocrx_word' id='word_1_180' title='bbox 2812 1431 3056 1499; x_wconf 91' lang='lat' dir='ltr'><strong>singulos</strong></span> <span class='ocrx_word' id='word_1_181' title='bbox 3084 1430 3199 1485; x_wconf 87' lang='lat' dir='ltr'><strong>dies</strong></span> <span class='ocrx_word' id='word_1_182' title='bbox 3222 1431 3274 1485; x_wconf 88' lang='lat' dir='ltr'><strong>in</strong></span> <span class='ocrx_word' id='word_1_183' title='bbox 3326 1433 3656 1500; x_wconf 72' lang='lat' dir='ltr'><strong>pneteritum</strong></span> <span class='ocrx_word' id='word_1_184' title='bbox 3709 1435 3788 1485; x_wconf 83' lang='lat' dir='ltr'><strong>vi-</strong></span> 
     </span>
    </p>
   </div>
   <div class='ocr_carea' id='block_1_30' title="bbox 2202 1522 3785 1592">
    <p class='ocr_par' dir='ltr' id='par_1_30' title="bbox 2202 1522 3785 1592">
     <span class='ocr_line' id='line_1_31' title="bbox 2202 1522 3785 1592; baseline 0.002 -20"><span class='ocrx_word' id='word_1_185' title='bbox 2202 1531 2313 1573; x_wconf 87' lang='lat' dir='ltr'><strong>taut</strong></span> <span class='ocrx_word' id='word_1_186' title='bbox 2341 1529 2485 1573; x_wconf 90' lang='lat' dir='ltr'><strong>tuam</strong></span> <span class='ocrx_word' id='word_1_187' title='bbox 2516 1536 2783 1591; x_wconf 70' lang='lat' dir='ltr'><strong>crescere,</strong></span> <span class='ocrx_word' id='word_1_188' title='bbox 2816 1523 2887 1573; x_wconf 87' lang='lat' dir='ltr'><strong>ita</strong></span> <span class='ocrx_word' id='word_1_189' title='bbox 2914 1533 3099 1577; x_wconf 87' lang='lat' dir='ltr'><strong>certus</strong></span> <span class='ocrx_word' id='word_1_190' title='bbox 3150 1537 3274 1577; x_wconf 89' lang='lat' dir='ltr'><strong>esse</strong></span> <span class='ocrx_word' id='word_1_191' title='bbox 3325 1522 3491 1583; x_wconf 66' lang='lat' dir='ltr'><strong>(babes</strong></span> <span class='ocrx_word' id='word_1_192' title='bbox 3553 1524 3785 1592; x_wconf 87' lang='lat' dir='ltr'><strong>spatium</strong></span> 
     </span>
    </p>
   </div>
   <div class='ocr_carea' id='block_1_31' title="bbox 2201 1611 3786 1683">
    <p class='ocr_par' dir='ltr' id='par_1_31' title="bbox 2201 1611 3786 1683">
     <span class='ocr_line' id='line_1_32' title="bbox 2201 1611 3786 1683; baseline 0 -19"><span class='ocrx_word' id='word_1_193' title='bbox 2201 1611 2339 1664; x_wconf 88' lang='lat' dir='ltr'><strong>bene</strong></span> <span class='ocrx_word' id='word_1_194' title='bbox 2370 1611 2581 1665; x_wconf 83' lang='lat' dir='ltr'><strong>vivendi</strong></span> <span class='ocrx_word' id='word_1_195' title='bbox 2608 1611 2851 1678; x_wconf 87' lang='lat' dir='ltr'><strong>quotidie</strong></span> <span class='ocrx_word' id='word_1_196' title='bbox 2882 1612 2975 1666; x_wconf 90' lang='lat' dir='ltr'><strong>tibi</strong></span> <span class='ocrx_word' id='word_1_197' title='bbox 2999 1614 3342 1667; x_wconf 87' lang='lat' dir='ltr'><strong>decrescere.</strong></span> <span class='ocrx_word' id='word_1_198' title='bbox 3396 1613 3529 1667; x_wconf 86' lang='lat' dir='ltr'><strong>Esto</strong></span> <span class='ocrx_word' id='word_1_199' title='bbox 3580 1614 3786 1683; x_wconf 84' lang='lat' dir='ltr'><strong>itaqur,</strong></span> 
     </span>
    </p>
   </div>
   <div class='ocr_carea' id='block_1_32' title="bbox 2202 1701 3790 1776">
    <p class='ocr_par' dir='ltr' id='par_1_32' title="bbox 2202 1701 3790 1776">
     <span class='ocr_line' id='line_1_33' title="bbox 2202 1701 3790 1776; baseline 0.004 -21"><span class='ocrx_word' id='word_1_200' title='bbox 2202 1701 2570 1765; x_wconf 76' lang='lat' dir='ltr'><strong>dilectissime,</strong></span> <span class='ocrx_word' id='word_1_201' title='bbox 2609 1701 2875 1756; x_wconf 85' lang='lat' dir='ltr'><strong>sollicitus</strong></span> <span class='ocrx_word' id='word_1_202' title='bbox 2903 1710 2963 1755; x_wconf 92' lang='lat' dir='ltr'><strong>ut</strong></span> <span class='ocrx_word' id='word_1_203' title='bbox 3010 1705 3241 1772; x_wconf 83' lang='lat' dir='ltr'><strong>spatium</strong></span> <span class='ocrx_word' id='word_1_204' title='bbox 3270 1705 3413 1772; x_wconf 86' lang='lat' dir='ltr'><strong>quod</strong></span> <span class='ocrx_word' id='word_1_205' title='bbox 3443 1707 3790 1776; x_wconf 52' lang='lat' dir='ltr'><strong>restatfquia</strong></span> 
     </span>
    </p>
   </div>
   <div class='ocr_carea' id='block_1_33' title="bbox 531 1788 3786 1865">
    <p class='ocr_par' dir='ltr' id='par_1_33' title="bbox 531 1788 3786 1865">
     <span class='ocr_line' id='line_1_34' title="bbox 531 1788 3786 1865; baseline 0.004 -25"><span class='ocrx_word' id='word_1_206' title='bbox 531 1797 728 1853; x_wconf 86' lang='lat' dir='ltr'><strong>tamus,</strong></span> <span class='ocrx_word' id='word_1_207' title='bbox 756 1804 949 1844; x_wconf 89' lang='lat' dir='ltr'><strong>secure</strong></span> <span class='ocrx_word' id='word_1_208' title='bbox 970 1789 1121 1843; x_wconf 87' lang='lat' dir='ltr'><strong>vobis</strong></span> <span class='ocrx_word' id='word_1_209' title='bbox 1145 1789 1313 1856; x_wconf 87' lang='lat' dir='ltr'><strong>illum,</strong></span> <span class='ocrx_word' id='word_1_210' title='bbox 1346 1798 1405 1843; x_wconf 89' lang='lat' dir='ltr'><strong>ut</strong></span> <span class='ocrx_word' id='word_1_211' title='bbox 1427 1788 1678 1844; x_wconf 80' lang='lat' dir='ltr'><strong>dilectum</strong></span> <span class='ocrx_word' id='word_1_212' title='bbox 1708 1791 1925 1856; x_wconf 90' lang='lat' dir='ltr'><strong>dilecto,</strong></span> <span class='ocrx_word' id='word_1_213' title='bbox 1950 1808 2092 1847; x_wconf 67' lang='grc' dir='ltr'><strong>(δοιιι⁸</strong></span> <span class='ocrx_word' id='word_1_214' title='bbox 2128 1801 2172 1857; x_wconf 75' lang='grc' dir='ltr'><strong>Β</strong></span> <span class='ocrx_word' id='word_1_215' title='bbox 2205 1794 2379 1846; x_wconf 88' lang='lat' dir='ltr'><strong>nescis</strong></span> <span class='ocrx_word' id='word_1_216' title='bbox 2405 1809 2567 1862; x_wconf 87' lang='lat' dir='ltr'><strong>quam</strong></span> <span class='ocrx_word' id='word_1_217' title='bbox 2592 1795 2756 1848; x_wconf 82' lang='lat' dir='ltr'><strong>breve</strong></span> <span class='ocrx_word' id='word_1_218' title='bbox 2787 1795 2879 1861; x_wconf 88' lang='lat' dir='ltr'><strong>sit,</strong></span> <span class='ocrx_word' id='word_1_219' title='bbox 2910 1796 2989 1850; x_wconf 88' lang='lat' dir='ltr'><strong>sic</strong></span> <span class='ocrx_word' id='word_1_220' title='bbox 3039 1795 3317 1865; x_wconf 74' lang='lat' dir='ltr'><strong>expendas</strong></span> <span class='ocrx_word' id='word_1_221' title='bbox 3367 1804 3437 1850; x_wconf 79' lang='grc' dir='ltr'>ιιι-</span> <span class='ocrx_word' id='word_1_222' title='bbox 3475 1797 3543 1852; x_wconf 86' lang='lat' dir='ltr'><strong>de</strong></span> <span class='ocrx_word' id='word_1_223' title='bbox 3590 1798 3678 1853; x_wconf 89' lang='lat' dir='ltr'><strong>die</strong></span> <span class='ocrx_word' id='word_1_224' title='bbox 3736 1800 3786 1853; x_wconf 92' lang='lat' dir='ltr'><strong>in</strong></span> 
     </span>
    </p>
   </div>
   <div class='ocr_carea' id='block_1_34' title="bbox 525 1878 2095 1950">
    <p class='ocr_par' dir='ltr' id='par_1_34' title="bbox 525 1878 2095 1950">
     <span class='ocr_line' id='line_1_35' title="bbox 525 1878 2095 1950; baseline 0.002 -19"><span class='ocrx_word' id='word_1_225' title='bbox 525 1879 863 1949; x_wconf 82' lang='lat' dir='ltr'><strong>tuendamus.</strong></span> <span class='ocrx_word' id='word_1_226' title='bbox 892 1878 1133 1933; x_wconf 84' lang='lat' dir='ltr'><strong>Inveniat</strong></span> <span class='ocrx_word' id='word_1_227' title='bbox 1160 1894 1246 1934; x_wconf 90' lang='lat' dir='ltr'><strong>me</strong></span> <span class='ocrx_word' id='word_1_228' title='bbox 1272 1880 1324 1932; x_wconf 92' lang='lat' dir='ltr'><strong>in</strong></span> <span class='ocrx_word' id='word_1_229' title='bbox 1356 1880 1528 1945; x_wconf 90' lang='lat' dir='ltr'><strong>vobis,</strong></span> <span class='ocrx_word' id='word_1_230' title='bbox 1555 1897 1715 1950; x_wconf 89' lang='lat' dir='ltr'><strong>quem</strong></span> <span class='ocrx_word' id='word_1_231' title='bbox 1746 1882 1899 1950; x_wconf 87' lang='lat' dir='ltr'><strong>quasi</strong></span> <span class='ocrx_word' id='word_1_232' title='bbox 1936 1882 2095 1935; x_wconf 82' lang='lat' dir='ltr'><strong>relin-</strong></span> 
     </span>
    </p>
   </div>
   <div class='ocr_carea' id='block_1_35' title="bbox 523 1968 2095 2039">
    <p class='ocr_par' dir='ltr' id='par_1_35' title="bbox 523 1968 2095 2039">
     <span class='ocr_line' id='line_1_36' title="bbox 523 1968 2095 2039; baseline 0.005 -21"><span class='ocrx_word' id='word_1_233' title='bbox 523 1981 631 2034; x_wconf 91' lang='lat' dir='ltr'><strong>quo</strong></span> <span class='ocrx_word' id='word_1_234' title='bbox 666 1982 763 2036; x_wconf 86' lang='lat' dir='ltr'><strong>pro</strong></span> <span class='ocrx_word' id='word_1_235' title='bbox 807 1969 983 2022; x_wconf 89' lang='lat' dir='ltr'><strong>vobis.</strong></span> <span class='ocrx_word' id='word_1_236' title='bbox 1022 1968 1229 2023; x_wconf 87' lang='lat' dir='ltr'><strong>Idcirco</strong></span> <span class='ocrx_word' id='word_1_237' title='bbox 1258 1985 1491 2039; x_wconf 85' lang='lat' dir='ltr'><strong>namque</strong></span> <span class='ocrx_word' id='word_1_238' title='bbox 1522 1970 1669 2025; x_wconf 92' lang='lat' dir='ltr'><strong>bunc</strong></span> <span class='ocrx_word' id='word_1_239' title='bbox 1700 1980 1753 2025; x_wconf 91' lang='lat' dir='ltr'><strong>et</strong></span> <span class='ocrx_word' id='word_1_240' title='bbox 1786 1987 1890 2026; x_wconf 89' lang='lat' dir='ltr'><strong>non</strong></span> <span class='ocrx_word' id='word_1_241' title='bbox 1929 1972 2095 2026; x_wconf 90' lang='lat' dir='ltr'><strong>alium</strong></span> 
     </span>
    </p>
   </div>
   <div class='ocr_carea' id='block_1_36' title="bbox 524 2057 2095 2128">
    <p class='ocr_par' dir='ltr' id='par_1_36' title="bbox 524 2057 2095 2128">
     <span class='ocr_line' id='line_1_37' title="bbox 524 2057 2095 2128; baseline 0.003 -21"><span class='ocrx_word' id='word_1_242' title='bbox 524 2064 766 2126; x_wconf 64' lang='lat' dir='ltr'><strong>paternas</strong></span> <span class='ocrx_word' id='word_1_243' title='bbox 806 2057 1077 2113; x_wconf 87' lang='lat' dir='ltr'><strong>dilectioni</strong></span> <span class='ocrx_word' id='word_1_244' title='bbox 1108 2067 1303 2114; x_wconf 74' lang='lat' dir='ltr'><strong>vestra:</strong></span> <span class='ocrx_word' id='word_1_245' title='bbox 1333 2059 1595 2120; x_wconf 88' lang='lat' dir='ltr'><strong>misimus.</strong></span> <span class='ocrx_word' id='word_1_246' title='bbox 1623 2060 1747 2128; x_wconf 87' lang='lat' dir='ltr'><strong>quia</strong></span> <span class='ocrx_word' id='word_1_247' title='bbox 1792 2061 1935 2113; x_wconf 88' lang='lat' dir='ltr'><strong>hunc</strong></span> <span class='ocrx_word' id='word_1_248' title='bbox 1975 2074 2095 2113; x_wconf 85' lang='lat' dir='ltr'><strong>eam</strong></span> 
     </span>
    </p>
   </div>
   <div class='ocr_carea' id='block_1_37' title="bbox 525 2153 2099 2223">
    <p class='ocr_par' dir='ltr' id='par_1_37' title="bbox 525 2153 2099 2223">
     <span class='ocr_line' id='line_1_38' title="bbox 525 2153 2099 2223; baseline 0.004 -18"><span class='ocrx_word' id='word_1_249' title='bbox 525 2158 709 2220; x_wconf 89' lang='lat' dir='ltr'><strong>petere</strong></span> <span class='ocrx_word' id='word_1_250' title='bbox 752 2153 1065 2222; x_wconf 87' lang='lat' dir='ltr'><strong>specialiter</strong></span> <span class='ocrx_word' id='word_1_251' title='bbox 1112 2154 1434 2209; x_wconf 84' lang='lat' dir='ltr'><strong>audivimus.</strong></span> <span class='ocrx_word' id='word_1_252' title='bbox 1492 2155 1679 2209; x_wconf 89' lang='lat' dir='ltr'><strong>Estote</strong></span> <span class='ocrx_word' id='word_1_253' title='bbox 1718 2155 1880 2223; x_wconf 81' lang='lat' dir='ltr'><strong>igitur</strong></span> <span class='ocrx_word' id='word_1_254' title='bbox 1914 2166 2099 2211; x_wconf 87' lang='lat' dir='ltr'><strong>nostro</strong></span> 
     </span>
    </p>
   </div>
   <div class='ocr_carea' id='block_1_38' title="bbox 523 2240 2099 2314">
    <p class='ocr_par' dir='ltr' id='par_1_38' title="bbox 523 2240 2099 2314">
     <span class='ocr_line' id='line_1_39' title="bbox 523 2240 2099 2314; baseline 0.006 -21"><span class='ocrx_word' id='word_1_255' title='bbox 523 2240 773 2296; x_wconf 81' lang='lat' dir='ltr'><strong>Mauritio</strong></span> <span class='ocrx_word' id='word_1_256' title='bbox 797 2244 961 2297; x_wconf 87' lang='lat' dir='ltr'><strong>frater</strong></span> <span class='ocrx_word' id='word_1_257' title='bbox 981 2244 1289 2307; x_wconf 77' lang='lat' dir='ltr'><strong>Anselmus,</strong></span> <span class='ocrx_word' id='word_1_258' title='bbox 1313 2253 1366 2298; x_wconf 90' lang='lat' dir='ltr'><strong>et</strong></span> <span class='ocrx_word' id='word_1_259' title='bbox 1387 2260 1486 2314; x_wconf 86' lang='lat' dir='ltr'><strong>ego</strong></span> <span class='ocrx_word' id='word_1_260' title='bbox 1511 2260 1607 2299; x_wconf 90' lang='lat' dir='ltr'><strong>ero</strong></span> <span class='ocrx_word' id='word_1_261' title='bbox 1624 2253 1804 2300; x_wconf 89' lang='lat' dir='ltr'><strong>vestro</strong></span> <span class='ocrx_word' id='word_1_262' title='bbox 1829 2246 2099 2303; x_wconf 45' lang='lat' dir='ltr'><strong>I&#39;Iolvardo</strong></span> 
     </span>
    </p>
   </div>
   <div class='ocr_carea' id='block_1_39' title="bbox 522 2330 2097 2405">
    <p class='ocr_par' dir='ltr' id='par_1_39' title="bbox 522 2330 2097 2405">
     <span class='ocr_line' id='line_1_40' title="bbox 522 2330 2097 2405; baseline 0.007 -24"><span class='ocrx_word' id='word_1_263' title='bbox 522 2330 752 2385; x_wconf 88' lang='lat' dir='ltr'><strong>domnus</strong></span> <span class='ocrx_word' id='word_1_264' title='bbox 794 2331 1077 2386; x_wconf 88' lang='lat' dir='ltr'><strong>Ilenricus.</strong></span> <span class='ocrx_word' id='word_1_265' title='bbox 1126 2333 1200 2385; x_wconf 90' lang='lat' dir='ltr'><strong>Dc</strong></span> <span class='ocrx_word' id='word_1_266' title='bbox 1247 2332 1565 2386; x_wconf 81' lang='lat' dir='ltr'><strong>infirmitate</strong></span> <span class='ocrx_word' id='word_1_267' title='bbox 1600 2335 1794 2402; x_wconf 87' lang='lat' dir='ltr'><strong>capitis</strong></span> <span class='ocrx_word' id='word_1_268' title='bbox 1833 2335 1969 2405; x_wconf 85' lang='lat' dir='ltr'><strong>ejus,</strong></span> <span class='ocrx_word' id='word_1_269' title='bbox 2002 2352 2097 2392; x_wconf 87' lang='lat' dir='ltr'><strong>vos</strong></span> 
     </span>
    </p>
   </div>
   <div class='ocr_carea' id='block_1_40' title="bbox 523 2421 2097 2491">
    <p class='ocr_par' dir='ltr' id='par_1_40' title="bbox 523 2421 2097 2491">
     <span class='ocr_line' id='line_1_41' title="bbox 523 2421 2097 2491; baseline 0.006 -17"><span class='ocrx_word' id='word_1_270' title='bbox 523 2433 656 2484; x_wconf 81' lang='lat' dir='ltr'><strong>rogo</strong></span> <span class='ocrx_word' id='word_1_271' title='bbox 704 2421 975 2491; x_wconf 58' lang='lat' dir='ltr'><strong>praecipue</strong></span> <span class='ocrx_word' id='word_1_272' title='bbox 1009 2432 1276 2491; x_wconf 89' lang='lat' dir='ltr'><strong>quatenus</strong></span> <span class='ocrx_word' id='word_1_273' title='bbox 1326 2432 1505 2477; x_wconf 89' lang='lat' dir='ltr'><strong>vestra</strong></span> <span class='ocrx_word' id='word_1_274' title='bbox 1556 2424 1811 2480; x_wconf 88' lang='lat' dir='ltr'><strong>instantia</strong></span> <span class='ocrx_word' id='word_1_275' title='bbox 1848 2429 2097 2484; x_wconf 88' lang='lat' dir='ltr'><strong>dominus</strong></span> 
     </span>
    </p>
   </div>
   <div class='ocr_carea' id='block_1_41' title="bbox 520 2508 2095 2586">
    <p class='ocr_par' dir='ltr' id='par_1_41' title="bbox 520 2508 2095 2586">
     <span class='ocr_line' id='line_1_42' title="bbox 520 2508 2095 2586; baseline 0.006 -23"><span class='ocrx_word' id='word_1_276' title='bbox 520 2508 774 2563; x_wconf 79' lang='lat' dir='ltr'><strong>Alberttts</strong></span> <span class='ocrx_word' id='word_1_277' title='bbox 826 2511 1055 2565; x_wconf 87' lang='lat' dir='ltr'><strong>dilectus</strong></span> <span class='ocrx_word' id='word_1_278' title='bbox 1098 2512 1305 2566; x_wconf 89' lang='lat' dir='ltr'><strong>amicus</strong></span> <span class='ocrx_word' id='word_1_279' title='bbox 1350 2522 1533 2568; x_wconf 88' lang='lat' dir='ltr'><strong>noster</strong></span> <span class='ocrx_word' id='word_1_280' title='bbox 1565 2530 1685 2569; x_wconf 90' lang='lat' dir='ltr'><strong>eam</strong></span> <span class='ocrx_word' id='word_1_281' title='bbox 1738 2517 1993 2586; x_wconf 87' lang='lat' dir='ltr'><strong>inquirat,</strong></span> <span class='ocrx_word' id='word_1_282' title='bbox 2039 2528 2095 2572; x_wconf 87' lang='lat' dir='ltr'><strong>et</strong></span> 
     </span>
    </p>
   </div>
   <div class='ocr_carea' id='block_1_42' title="bbox 520 2600 1773 2670">
    <p class='ocr_par' dir='ltr' id='par_1_42' title="bbox 520 2600 1773 2670">
     <span class='ocr_line' id='line_1_43' title="bbox 520 2600 1773 2670; baseline 0.005 -19"><span class='ocrx_word' id='word_1_283' title='bbox 520 2608 777 2667; x_wconf 90' lang='lat' dir='ltr'><strong>quantum</strong></span> <span class='ocrx_word' id='word_1_284' title='bbox 809 2600 916 2657; x_wconf 89' lang='lat' dir='ltr'><strong>Deo</strong></span> <span class='ocrx_word' id='word_1_285' title='bbox 945 2602 1107 2653; x_wconf 89' lang='lat' dir='ltr'><strong>dante</strong></span> <span class='ocrx_word' id='word_1_286' title='bbox 1143 2602 1362 2670; x_wconf 90' lang='lat' dir='ltr'><strong>poterit,</strong></span> <span class='ocrx_word' id='word_1_287' title='bbox 1396 2604 1444 2656; x_wconf 89' lang='lat' dir='ltr'><strong>ei</strong></span> <span class='ocrx_word' id='word_1_288' title='bbox 1473 2602 1773 2658; x_wconf 90' lang='lat' dir='ltr'><strong>subveniat.</strong></span> 
     </span>
    </p>
   </div>
   <div class='ocr_carea' id='block_1_43' title="bbox 924 2691 1679 2760">
    <p class='ocr_par' dir='ltr' id='par_1_43' title="bbox 924 2691 1679 2760">
     <span class='ocr_line' id='line_1_44' title="bbox 924 2691 1679 2760; baseline -0.001 -11"><span class='ocrx_word' id='word_1_289' title='bbox 924 2691 1080 2760; x_wconf 81' lang='grc'><strong>32],</strong></span> <span class='ocrx_word' id='word_1_290' title='bbox 1126 2692 1451 2747; x_wconf 78' lang='lat' dir='ltr'><strong>EPISTOLA</strong></span> <span class='ocrx_word' id='word_1_291' title='bbox 1490 2693 1587 2748; x_wconf 80' lang='lat' dir='ltr'><strong>XX</strong></span> <span class='ocrx_word' id='word_1_292' title='bbox 1599 2696 1679 2748; x_wconf 52' lang='lat' dir='ltr'><strong>\‘I.</strong></span> 
     </span>
    </p>
   </div>
   <div class='ocr_carea' id='block_1_44' title="bbox 1099 2796 1530 2837">
    <p class='ocr_par' dir='ltr' id='par_1_44' title="bbox 1099 2796 1530 2837">
     <span class='ocr_line' id='line_1_45' title="bbox 1099 2796 1530 2837; baseline 0 -2"><span class='ocrx_word' id='word_1_293' title='bbox 1099 2796 1164 2835; x_wconf 73' lang='lat' dir='ltr'><strong>AD</strong></span> <span class='ocrx_word' id='word_1_294' title='bbox 1198 2797 1530 2837; x_wconf 62' lang='lat' dir='ltr'><strong>GOSDULFUH.</strong></span> 
     </span>
    </p>
   </div>
   <div class='ocr_carea' id='block_1_45' title="bbox 520 2884 2095 2952">
    <p class='ocr_par' dir='ltr' id='par_1_45' title="bbox 520 2884 2095 2952">
     <span class='ocr_line' id='line_1_46' title="bbox 520 2884 2095 2952; baseline 0.01 -16"><span class='ocrx_word' id='word_1_295' title='bbox 520 2884 630 2939; x_wconf 77' lang='lat' dir='ltr'><strong>Pro</strong></span> <span class='ocrx_word' id='word_1_296' title='bbox 656 2889 975 2941; x_wconf 72' lang='lat' dir='ltr'><strong>transmissis</strong></span> <span class='ocrx_word' id='word_1_297' title='bbox 999 2890 1297 2943; x_wconf 75' lang='lat' dir='ltr'><strong>muneribus</strong></span> <span class='ocrx_word' id='word_1_298' title='bbox 1324 2893 1493 2943; x_wconf 86' lang='lat' dir='ltr'><strong>amico</strong></span> <span class='ocrx_word' id='word_1_299' title='bbox 1526 2908 1627 2943; x_wconf 87' lang='lat' dir='ltr'><strong>non</strong></span> <span class='ocrx_word' id='word_1_300' title='bbox 1669 2909 1779 2945; x_wconf 76' lang='lat' dir='ltr'><strong>esse</strong></span> <span class='ocrx_word' id='word_1_301' title='bbox 1831 2894 2095 2952; x_wconf 65' lang='lat' dir='ltr'><strong>[infirmius</strong></span> 
     </span>
    </p>
   </div>
   <div class='ocr_carea' id='block_1_46' title="bbox 554 2958 2113 3027">
    <p class='ocr_par' dir='ltr' id='par_1_46' title="bbox 554 2958 2113 3027">
     <span class='ocr_line' id='line_1_47' title="bbox 554 2958 2113 3027; baseline 0.008 -21"><span class='ocrx_word' id='word_1_302' title='bbox 554 2958 752 3025; x_wconf 81' lang='lat' dir='ltr'><strong>gratias</strong></span> <span class='ocrx_word' id='word_1_303' title='bbox 776 2974 794 3010; x_wconf 91' lang='lat'><strong><em>:</em></strong></span> <span class='ocrx_word' id='word_1_304' title='bbox 825 2958 1077 3010; x_wconf 81' lang='lat' dir='ltr'><strong>sollicitus</strong></span> <span class='ocrx_word' id='word_1_305' title='bbox 1102 2971 1173 3011; x_wconf 79' lang='lat' dir='ltr'><strong>est</strong></span> <span class='ocrx_word' id='word_1_306' title='bbox 1202 2960 1375 3013; x_wconf 80' lang='lat' dir='ltr'><strong>adhuc</strong></span> <span class='ocrx_word' id='word_1_307' title='bbox 1407 2960 1471 3012; x_wconf 73' lang='lat' dir='ltr'><strong>de</strong></span> <span class='ocrx_word' id='word_1_308' title='bbox 1500 2960 1752 3015; x_wconf 83' lang='lat' dir='ltr'><strong>Mauritio</strong></span> <span class='ocrx_word' id='word_1_309' title='bbox 1782 2968 2056 3018; x_wconf 77' lang='lat' dir='ltr'><strong>monac/to.</strong></span> <span class='ocrx_word' id='word_1_310' title='bbox 2106 3019 2113 3027; x_wconf 76' lang='grc'><em>,</em></span> 
     </span>
    </p>
   </div>
   <div class='ocr_carea' id='block_1_47' title="bbox 588 3047 1655 3105">
    <p class='ocr_par' dir='ltr' id='par_1_47' title="bbox 588 3047 1655 3105">
     <span class='ocr_line' id='line_1_48' title="bbox 588 3047 1655 3105; baseline 0.006 -6"><span class='ocrx_word' id='word_1_311' title='bbox 588 3049 791 3101; x_wconf 87' lang='lat' dir='ltr'><strong>Domno</strong></span> <span class='ocrx_word' id='word_1_312' title='bbox 825 3047 1111 3103; x_wconf 64' lang='lat' dir='ltr'><strong>Cononem</strong></span> <span class='ocrx_word' id='word_1_313' title='bbox 1152 3049 1318 3103; x_wconf 80' lang='lat' dir='ltr'><strong>frater</strong></span> <span class='ocrx_word' id='word_1_314' title='bbox 1353 3051 1655 3105; x_wconf 65' lang='lat' dir='ltr'><strong>Auseeuus.</strong></span> 
     </span>
    </p>
   </div>
   <div class='ocr_carea' id='block_1_48' title="bbox 2198 1882 3786 1961">
    <p class='ocr_par' dir='ltr' id='par_1_48' title="bbox 2198 1882 3786 1961">
     <span class='ocr_line' id='line_1_49' title="bbox 2198 1882 3786 1961; baseline 0.006 -26"><span class='ocrx_word' id='word_1_315' title='bbox 2198 1882 2342 1935; x_wconf 88' lang='lat' dir='ltr'><strong>diem</strong></span> <span class='ocrx_word' id='word_1_316' title='bbox 2400 1892 2647 1961; x_wconf 83' lang='lat' dir='ltr'><strong>sanctum</strong></span> <span class='ocrx_word' id='word_1_317' title='bbox 2702 1886 3038 1953; x_wconf 87' lang='lat' dir='ltr'><strong>propositum</strong></span> <span class='ocrx_word' id='word_1_318' title='bbox 3108 1887 3175 1942; x_wconf 75' lang='lat' dir='ltr'><strong>ad</strong></span> <span class='ocrx_word' id='word_1_319' title='bbox 3212 1888 3447 1943; x_wconf 69' lang='lat' dir='ltr'><strong>‘mcliora</strong></span> <span class='ocrx_word' id='word_1_320' title='bbox 3502 1890 3786 1946; x_wconf 78' lang='lat' dir='ltr'><strong>extendas.</strong></span> 
     </span>
    </p>
   </div>
   <div class='ocr_carea' id='block_1_49' title="bbox 2197 1972 3788 2043">
    <p class='ocr_par' dir='ltr' id='par_1_49' title="bbox 2197 1972 3788 2043">
     <span class='ocr_line' id='line_1_50' title="bbox 2197 1972 3788 2043; baseline 0.006 -21"><span class='ocrx_word' id='word_1_321' title='bbox 2197 1972 2470 2038; x_wconf 84' lang='lat' dir='ltr'><strong>Quatenus</strong></span> <span class='ocrx_word' id='word_1_322' title='bbox 2499 1984 2700 2040; x_wconf 89' lang='lat' dir='ltr'><strong>quanto</strong></span> <span class='ocrx_word' id='word_1_323' title='bbox 2723 1975 2894 2043; x_wconf 84' lang='lat' dir='ltr'><strong>magis</strong></span> <span class='ocrx_word' id='word_1_324' title='bbox 2915 1975 3152 2029; x_wconf 76' lang='lat' dir='ltr'><strong>laborem</strong></span> <span class='ocrx_word' id='word_1_325' title='bbox 3184 1986 3333 2031; x_wconf 91' lang='lat' dir='ltr'><strong>tuum</strong></span> <span class='ocrx_word' id='word_1_326' title='bbox 3357 1979 3423 2031; x_wconf 88' lang='lat' dir='ltr'><strong>ad</strong></span> <span class='ocrx_word' id='word_1_327' title='bbox 3454 1977 3617 2034; x_wconf 85' lang='lat' dir='ltr'><strong>linem</strong></span> <span class='ocrx_word' id='word_1_328' title='bbox 3637 1980 3788 2033; x_wconf 67' lang='lat' dir='ltr'><strong>festi-</strong></span> 
     </span>
    </p>
   </div>
   <div class='ocr_carea' id='block_1_50' title="bbox 2199 2063 3787 2138">
    <p class='ocr_par' dir='ltr' id='par_1_50' title="bbox 2199 2063 3787 2138">
     <span class='ocr_line' id='line_1_51' title="bbox 2199 2063 3787 2138; baseline 0.005 -24"><span class='ocrx_word' id='word_1_329' title='bbox 2199 2076 2350 2123; x_wconf 88' lang='lat' dir='ltr'><strong>nare.</strong></span> <span class='ocrx_word' id='word_1_330' title='bbox 2374 2071 2430 2114; x_wconf 91' lang='lat' dir='ltr'><strong>et</strong></span> <span class='ocrx_word' id='word_1_331' title='bbox 2466 2070 2519 2115; x_wconf 91' lang='lat' dir='ltr'><strong>te</strong></span> <span class='ocrx_word' id='word_1_332' title='bbox 2544 2063 2611 2115; x_wconf 86' lang='lat' dir='ltr'><strong>ad</strong></span> <span class='ocrx_word' id='word_1_333' title='bbox 2637 2064 2877 2131; x_wconf 86' lang='lat' dir='ltr'><strong>requiem</strong></span> <span class='ocrx_word' id='word_1_334' title='bbox 2922 2074 2978 2116; x_wconf 88' lang='lat' dir='ltr'><strong>et</strong></span> <span class='ocrx_word' id='word_1_335' title='bbox 3032 2080 3291 2121; x_wconf 85' lang='lat' dir='ltr'><strong>coronam</strong></span> <span class='ocrx_word' id='word_1_336' title='bbox 3345 2070 3787 2138; x_wconf 78' lang='lat' dir='ltr'><strong>appropinquare</strong></span> 
     </span>
    </p>
   </div>
   <div class='ocr_carea' id='block_1_51' title="bbox 2201 2150 3790 2228">
    <p class='ocr_par' dir='ltr' id='par_1_51' title="bbox 2201 2150 3790 2228">
     <span class='ocr_line' id='line_1_52' title="bbox 2201 2150 3790 2228; baseline 0.004 -23"><span class='ocrx_word' id='word_1_337' title='bbox 2201 2150 2550 2215; x_wconf 87' lang='lat' dir='ltr'><strong>consideras,</strong></span> <span class='ocrx_word' id='word_1_338' title='bbox 2583 2161 2738 2207; x_wconf 90' lang='lat' dir='ltr'><strong>tanto</strong></span> <span class='ocrx_word' id='word_1_339' title='bbox 2760 2151 2957 2207; x_wconf 87' lang='lat' dir='ltr'><strong>fortius</strong></span> <span class='ocrx_word' id='word_1_340' title='bbox 2980 2154 3251 2219; x_wconf 90' lang='lat' dir='ltr'><strong>instando,</strong></span> <span class='ocrx_word' id='word_1_341' title='bbox 3306 2166 3361 2211; x_wconf 91' lang='lat' dir='ltr'><strong>et</strong></span> <span class='ocrx_word' id='word_1_342' title='bbox 3388 2158 3562 2211; x_wconf 70' lang='lat' dir='ltr'><strong>latius</strong></span> <span class='ocrx_word' id='word_1_343' title='bbox 3612 2173 3790 2228; x_wconf 83' lang='lat' dir='ltr'><strong>persc-</strong></span> 
     </span>
    </p>
   </div>
   <div class='ocr_carea' id='block_1_52' title="bbox 2199 2241 3789 2323">
    <p class='ocr_par' dir='ltr' id='par_1_52' title="bbox 2199 2241 3789 2323">
     <span class='ocr_line' id='line_1_53' title="bbox 2199 2241 3789 2323; baseline 0.004 -26"><span class='ocrx_word' id='word_1_344' title='bbox 2199 2242 2434 2297; x_wconf 78' lang='lat' dir='ltr'><strong>verando</strong></span> <span class='ocrx_word' id='word_1_345' title='bbox 2461 2241 2692 2323; x_wconf 82' lang='lat' dir='ltr'><strong>viriliter</strong></span> <span class='ocrx_word' id='word_1_346' title='bbox 2711 2244 3053 2300; x_wconf 83' lang='lat' dir='ltr'><strong>confortatus</strong></span> <span class='ocrx_word' id='word_1_347' title='bbox 3098 2247 3374 2318; x_wconf 80' lang='lat' dir='ltr'><strong>proﬁcias.</strong></span> <span class='ocrx_word' id='word_1_348' title='bbox 3433 2248 3517 2303; x_wconf 86' lang='lat' dir='ltr'><strong>Ab</strong></span> <span class='ocrx_word' id='word_1_349' title='bbox 3560 2249 3789 2319; x_wconf 86' lang='lat' dir='ltr'><strong>inceptis</strong></span> 
     </span>
    </p>
   </div>
   <div class='ocr_carea' id='block_1_53' title="bbox 2197 2333 3785 2407">
    <p class='ocr_par' dir='ltr' id='par_1_53' title="bbox 2197 2333 3785 2407">
     <span class='ocr_line' id='line_1_54' title="bbox 2197 2333 3785 2407; baseline 0.002 -19"><span class='ocrx_word' id='word_1_350' title='bbox 2197 2349 2325 2404; x_wconf 88' lang='lat' dir='ltr'><strong>ergo</strong></span> <span class='ocrx_word' id='word_1_351' title='bbox 2362 2333 2504 2389; x_wconf 88' lang='lat' dir='ltr'><strong>nulla</strong></span> <span class='ocrx_word' id='word_1_352' title='bbox 2529 2334 2848 2389; x_wconf 85' lang='lat' dir='ltr'><strong>lassitudine</strong></span> <span class='ocrx_word' id='word_1_353' title='bbox 2871 2336 3109 2400; x_wconf 77' lang='lat' dir='ltr'><strong>deﬁcias,</strong></span> <span class='ocrx_word' id='word_1_354' title='bbox 3164 2336 3262 2405; x_wconf 84' lang='lat' dir='ltr'><strong>sed</strong></span> <span class='ocrx_word' id='word_1_355' title='bbox 3312 2337 3489 2406; x_wconf 78' lang='lat' dir='ltr'><strong>potius</strong></span> <span class='ocrx_word' id='word_1_356' title='bbox 3524 2354 3645 2407; x_wconf 75' lang='lat' dir='ltr'><strong>quat</strong></span> <span class='ocrx_word' id='word_1_357' title='bbox 3693 2337 3785 2394; x_wconf 74' lang='lat' dir='ltr'><strong>tibi</strong></span> 
     </span>
    </p>
   </div>
   <div class='ocr_carea' id='block_1_54' title="bbox 2197 2428 3789 2499">
    <p class='ocr_par' dir='ltr' id='par_1_54' title="bbox 2197 2428 3789 2499">
     <span class='ocr_line' id='line_1_55' title="bbox 2197 2428 3789 2499; baseline 0.001 -17"><span class='ocrx_word' id='word_1_358' title='bbox 2197 2429 2511 2497; x_wconf 84' lang='lat' dir='ltr'><strong>expediunt,</strong></span> <span class='ocrx_word' id='word_1_359' title='bbox 2541 2436 2595 2482; x_wconf 89' lang='lat' dir='ltr'><strong>et</strong></span> <span class='ocrx_word' id='word_1_360' title='bbox 2625 2442 2745 2498; x_wconf 71' lang='lat' dir='ltr'><strong>quae</strong></span> <span class='ocrx_word' id='word_1_361' title='bbox 2770 2428 3006 2483; x_wconf 87' lang='lat' dir='ltr'><strong>nondum</strong></span> <span class='ocrx_word' id='word_1_362' title='bbox 3040 2443 3100 2484; x_wconf 89' lang='lat' dir='ltr'><strong>es</strong></span> <span class='ocrx_word' id='word_1_363' title='bbox 3126 2442 3418 2499; x_wconf 81' lang='lat' dir='ltr'><strong>aggressus</strong></span> <span class='ocrx_word' id='word_1_364' title='bbox 3440 2430 3495 2484; x_wconf 89' lang='lat' dir='ltr'><strong>in</strong></span> <span class='ocrx_word' id='word_1_365' title='bbox 3549 2443 3645 2499; x_wconf 85' lang='lat' dir='ltr'><strong>spe</strong></span> <span class='ocrx_word' id='word_1_366' title='bbox 3696 2445 3789 2485; x_wconf 85' lang='lat' dir='ltr'><strong>su-</strong></span> 
     </span>
    </p>
   </div>
   <div class='ocr_carea' id='block_1_55' title="bbox 2196 2516 3786 2587">
    <p class='ocr_par' dir='ltr' id='par_1_55' title="bbox 2196 2516 3786 2587">
     <span class='ocr_line' id='line_1_56' title="bbox 2196 2516 3786 2587; baseline 0.001 -14"><span class='ocrx_word' id='word_1_367' title='bbox 2196 2518 2346 2586; x_wconf 89' lang='lat' dir='ltr'><strong>perni</strong></span> <span class='ocrx_word' id='word_1_368' title='bbox 2374 2516 2559 2571; x_wconf 77' lang='lat' dir='ltr'><strong>auxilii</strong></span> <span class='ocrx_word' id='word_1_369' title='bbox 2584 2531 2681 2586; x_wconf 92' lang='lat' dir='ltr'><strong>pro</strong></span> <span class='ocrx_word' id='word_1_370' title='bbox 2710 2533 2899 2573; x_wconf 85' lang='lat' dir='ltr'><strong>amore</strong></span> <span class='ocrx_word' id='word_1_371' title='bbox 2920 2519 3063 2574; x_wconf 85' lang='lat' dir='ltr'><strong>beati</strong></span> <span class='ocrx_word' id='word_1_372' title='bbox 3094 2518 3299 2587; x_wconf 65' lang='lat' dir='ltr'><strong>praemii</strong></span> <span class='ocrx_word' id='word_1_373' title='bbox 3328 2519 3577 2587; x_wconf 83' lang='lat' dir='ltr'><strong>incipias,</strong></span> <span class='ocrx_word' id='word_1_374' title='bbox 3630 2530 3687 2574; x_wconf 90' lang='lat' dir='ltr'><strong>ut</strong></span> <span class='ocrx_word' id='word_1_375' title='bbox 3716 2523 3786 2574; x_wconf 60' lang='grc' dir='ltr'><strong>ιρι</strong></span> 
     </span>
    </p>
   </div>
   <div class='ocr_carea' id='block_1_56' title="bbox 2198 2608 3787 2676">
    <p class='ocr_par' dir='ltr' id='par_1_56' title="bbox 2198 2608 3787 2676">
     <span class='ocr_line' id='line_1_57' title="bbox 2198 2608 3787 2676; baseline -0.004 -9"><span class='ocrx_word' id='word_1_376' title='bbox 2198 2618 2510 2667; x_wconf 87' lang='lat' dir='ltr'><strong>sanctorum</strong></span> <span class='ocrx_word' id='word_1_377' title='bbox 2562 2609 2782 2665; x_wconf 84' lang='lat' dir='ltr'><strong>beatum</strong></span> <span class='ocrx_word' id='word_1_378' title='bbox 2822 2610 3191 2673; x_wconf 82' lang='lat' dir='ltr'><strong>consortium,</strong></span> <span class='ocrx_word' id='word_1_379' title='bbox 3247 2608 3464 2667; x_wconf 83' lang='lat' dir='ltr'><strong>Cbristo</strong></span> <span class='ocrx_word' id='word_1_380' title='bbox 3512 2611 3741 2667; x_wconf 72' lang='lat' dir='ltr'><strong>ducente</strong></span> <span class='ocrx_word' id='word_1_381' title='bbox 3771 2653 3787 2676; x_wconf 85' lang='grc'><em>,</em></span> 
     </span>
    </p>
   </div>
   <div class='ocr_carea' id='block_1_57' title="bbox 2197 2706 3323 2771">
    <p class='ocr_par' dir='ltr' id='par_1_57' title="bbox 2197 2706 3323 2771">
     <span class='ocr_line' id='line_1_58' title="bbox 2197 2706 3323 2771; baseline 0.002 -14"><span class='ocrx_word' id='word_1_382' title='bbox 2197 2706 2501 2771; x_wconf 81' lang='lat' dir='ltr'><strong>pervenias.</strong></span> <span class='ocrx_word' id='word_1_383' title='bbox 3318 2754 3323 2759; x_wconf 87' lang='lat'><strong>.</strong></span> 
     </span>
    </p>
   </div>
   <div class='ocr_carea' id='block_1_58' title="bbox 2272 2795 3789 2864">
    <p class='ocr_par' dir='ltr' id='par_1_58' title="bbox 2272 2795 3789 2864">
     <span class='ocr_line' id='line_1_59' title="bbox 2272 2795 3789 2864; baseline 0 -16"><span class='ocrx_word' id='word_1_384' title='bbox 2272 2795 2534 2851; x_wconf 85' lang='lat' dir='ltr'><strong>Domuum</strong></span> <span class='ocrx_word' id='word_1_385' title='bbox 2564 2796 3079 2864; x_wconf 80' lang='lat' dir='ltr'><strong>Mauritium,qucm</strong></span> <span class='ocrx_word' id='word_1_386' title='bbox 3121 2809 3241 2850; x_wconf 87' lang='lat' dir='ltr'><strong>esse</strong></span> <span class='ocrx_word' id='word_1_387' title='bbox 3291 2810 3471 2850; x_wconf 89' lang='lat' dir='ltr'><strong>meum</strong></span> <span class='ocrx_word' id='word_1_388' title='bbox 3528 2796 3789 2851; x_wconf 82' lang='lat' dir='ltr'><strong>dilectum</strong></span> 
     </span>
    </p>
   </div>
   <div class='ocr_carea' id='block_1_59' title="bbox 2199 2886 3873 2954">
    <p class='ocr_par' dir='ltr' id='par_1_59' title="bbox 2199 2886 3873 2954">
     <span class='ocr_line' id='line_1_60' title="bbox 2199 2886 3873 2954; baseline -0.003 -13"><span class='ocrx_word' id='word_1_389' title='bbox 2199 2897 2255 2941; x_wconf 87' lang='lat' dir='ltr'><strong>et</strong></span> <span class='ocrx_word' id='word_1_390' title='bbox 2278 2887 2587 2942; x_wconf 69' lang='lat' dir='ltr'><strong>dilectorem</strong></span> <span class='ocrx_word' id='word_1_391' title='bbox 2621 2904 2724 2942; x_wconf 85' lang='lat' dir='ltr'><strong>non</strong></span> <span class='ocrx_word' id='word_1_392' title='bbox 2757 2888 2996 2953; x_wconf 78' lang='lat' dir='ltr'><strong>ignoras,</strong></span> <span class='ocrx_word' id='word_1_393' title='bbox 3043 2887 3123 2941; x_wconf 91' lang='lat' dir='ltr'><strong>sic</strong></span> <span class='ocrx_word' id='word_1_394' title='bbox 3178 2886 3273 2941; x_wconf 87' lang='lat' dir='ltr'><strong>tibi</strong></span> <span class='ocrx_word' id='word_1_395' title='bbox 3329 2889 3670 2954; x_wconf 84' lang='lat' dir='ltr'><strong>commendo,</strong></span> <span class='ocrx_word' id='word_1_396' title='bbox 3734 2897 3787 2941; x_wconf 85' lang='lat' dir='ltr'><strong>ut</strong></span> <span class='ocrx_word' id='word_1_397' title='bbox 3868 2924 3873 2935; x_wconf 94' lang='lat'><strong>.</strong></span> 
     </span>
    </p>
   </div>
   <div class='ocr_carea' id='block_1_60' title="bbox 2200 2976 3789 3048">
    <p class='ocr_par' dir='ltr' id='par_1_60' title="bbox 2200 2976 3789 3048">
     <span class='ocr_line' id='line_1_61' title="bbox 2200 2976 3789 3048; baseline 0 -16"><span class='ocrx_word' id='word_1_398' title='bbox 2200 2988 2253 3032; x_wconf 89' lang='lat' dir='ltr'><strong>et</strong></span> <span class='ocrx_word' id='word_1_399' title='bbox 2282 2980 2392 3046; x_wconf 88' lang='lat' dir='ltr'><strong>ipse</strong></span> <span class='ocrx_word' id='word_1_400' title='bbox 2423 2979 2653 3048; x_wconf 77' lang='lat' dir='ltr'><strong>gaudeat</strong></span> <span class='ocrx_word' id='word_1_401' title='bbox 2680 2995 2740 3031; x_wconf 87' lang='lat' dir='ltr'><strong>se</strong></span> <span class='ocrx_word' id='word_1_402' title='bbox 2770 2980 2909 3032; x_wconf 84' lang='lat' dir='ltr'><strong>inter</strong></span> <span class='ocrx_word' id='word_1_403' title='bbox 2932 2977 3191 3031; x_wconf 88' lang='lat' dir='ltr'><strong>barbaros</strong></span> <span class='ocrx_word' id='word_1_404' title='bbox 3222 2976 3443 3029; x_wconf 81' lang='lat' dir='ltr'><strong>fratrem</strong></span> <span class='ocrx_word' id='word_1_405' title='bbox 3494 2979 3789 3047; x_wconf 72' lang='lat' dir='ltr'><strong>invenisse,</strong></span> 
     </span>
    </p>
   </div>
   <div class='ocr_carea' id='block_1_61' title="bbox 2198 3067 3783 3139">
    <p class='ocr_par' dir='ltr' id='par_1_61' title="bbox 2198 3067 3783 3139">
     <span class='ocr_line' id='line_1_62' title="bbox 2198 3067 3783 3139; baseline 0.001 -18"><span class='ocrx_word' id='word_1_406' title='bbox 2198 3078 2253 3121; x_wconf 90' lang='lat' dir='ltr'><strong>et</strong></span> <span class='ocrx_word' id='word_1_407' title='bbox 2287 3078 2338 3121; x_wconf 87' lang='lat' dir='ltr'><strong>tu</strong></span> <span class='ocrx_word' id='word_1_408' title='bbox 2371 3068 2564 3139; x_wconf 87' lang='lat' dir='ltr'><strong>probes</strong></span> <span class='ocrx_word' id='word_1_409' title='bbox 2594 3077 2645 3123; x_wconf 79' lang='lat' dir='ltr'><strong>to</strong></span> <span class='ocrx_word' id='word_1_410' title='bbox 2695 3070 2857 3123; x_wconf 80' lang='lat' dir='ltr'><strong>etiam</strong></span> <span class='ocrx_word' id='word_1_411' title='bbox 2904 3067 3060 3138; x_wconf 78' lang='lat' dir='ltr'><strong>longe</strong></span> <span class='ocrx_word' id='word_1_412' title='bbox 3108 3068 3387 3122; x_wconf 77' lang='lat' dir='ltr'><strong>absentem</strong></span> <span class='ocrx_word' id='word_1_413' title='bbox 3436 3067 3488 3122; x_wconf 91' lang='lat' dir='ltr'><strong>in</strong></span> <span class='ocrx_word' id='word_1_414' title='bbox 3545 3068 3783 3124; x_wconf 84' lang='lat' dir='ltr'><strong>amicitia</strong></span> 
     </span>
    </p>
   </div>
   <div class='ocr_carea' id='block_1_62' title="bbox 586 3136 2101 3230">
    <p class='ocr_par' dir='ltr' id='par_1_62' title="bbox 586 3136 2093 3199">
     <span class='ocr_line' id='line_1_63' title="bbox 586 3136 2093 3199; baseline 0.006 -9"><span class='ocrx_word' id='word_1_415' title='bbox 586 3136 643 3190; x_wconf 84' lang='lat' dir='ltr'><strong>Si</strong></span> <span class='ocrx_word' id='word_1_416' title='bbox 680 3138 941 3191; x_wconf 86' lang='lat' dir='ltr'><strong>nescirem</strong></span> <span class='ocrx_word' id='word_1_417' title='bbox 970 3154 1053 3192; x_wconf 88' lang='lat' dir='ltr'><strong>tne</strong></span> <span class='ocrx_word' id='word_1_418' title='bbox 1084 3147 1249 3191; x_wconf 91' lang='lat' dir='ltr'><strong>totum</strong></span> <span class='ocrx_word' id='word_1_419' title='bbox 1274 3155 1394 3193; x_wconf 89' lang='lat' dir='ltr'><strong>esse</strong></span> <span class='ocrx_word' id='word_1_420' title='bbox 1431 3150 1579 3193; x_wconf 92' lang='lat' dir='ltr'><strong>tuum</strong></span> <span class='ocrx_word' id='word_1_421' title='bbox 1611 3150 1665 3194; x_wconf 89' lang='lat' dir='ltr'><strong>et</strong></span> <span class='ocrx_word' id='word_1_422' title='bbox 1698 3151 1748 3196; x_wconf 90' lang='lat' dir='ltr'><strong>te</strong></span> <span class='ocrx_word' id='word_1_423' title='bbox 1776 3151 1944 3196; x_wconf 91' lang='lat' dir='ltr'><strong>totum</strong></span> <span class='ocrx_word' id='word_1_424' title='bbox 1973 3162 2093 3199; x_wconf 84' lang='lat' dir='ltr'><strong>esse</strong></span> 
     </span>
    </p>
   </div>
   <div class='ocr_carea' id='block_1_63' title="bbox 2196 3136 2795 3230">
    <p class='ocr_par' dir='ltr' id='par_1_63' title="bbox 2197 3160 2795 3230">
     <span class='ocr_line' id='line_1_64' title="bbox 2197 3160 2795 3230; baseline 0.002 -17"><span class='ocrx_word' id='word_1_425' title='bbox 2197 3170 2377 3215; x_wconf 87' lang='lat' dir='ltr'><strong>nostra</strong></span> <span class='ocrx_word' id='word_1_426' title='bbox 2410 3160 2795 3230; x_wconf 78' lang='lat' dir='ltr'><strong>permansisse.</strong></span> 
     </span>
    </p>
   </div>
   <div class='ocr_carea' id='block_1_64' title="bbox 518 3228 2090 3300">
    <p class='ocr_par' dir='ltr' id='par_1_64' title="bbox 518 3228 2090 3300">
     <span class='ocr_line' id='line_1_65' title="bbox 518 3228 2090 3300; baseline 0.007 -23"><span class='ocrx_word' id='word_1_427' title='bbox 518 3240 715 3291; x_wconf 88' lang='lat' dir='ltr'><strong>meum,</strong></span> <span class='ocrx_word' id='word_1_428' title='bbox 747 3228 1001 3281; x_wconf 75' lang='lat' dir='ltr'><strong>referrem</strong></span> <span class='ocrx_word' id='word_1_429' title='bbox 1025 3230 1227 3297; x_wconf 79' lang='lat' dir='ltr'><strong>gratias</strong></span> <span class='ocrx_word' id='word_1_430' title='bbox 1268 3245 1366 3298; x_wconf 92' lang='lat' dir='ltr'><strong>pro</strong></span> <span class='ocrx_word' id='word_1_431' title='bbox 1410 3231 1721 3285; x_wconf 89' lang='lat' dir='ltr'><strong>muneribus</strong></span> <span class='ocrx_word' id='word_1_432' title='bbox 1777 3232 1900 3286; x_wconf 91' lang='lat' dir='ltr'><strong>tuis.</strong></span> <span class='ocrx_word' id='word_1_433' title='bbox 1944 3234 2090 3300; x_wconf 86' lang='lat' dir='ltr'><strong>Quo-</strong></span> 
     </span>
    </p>
   </div>
   <div class='ocr_carea' id='block_1_65' title="bbox 517 3316 2097 3385">
    <p class='ocr_par' dir='ltr' id='par_1_65' title="bbox 517 3316 2097 3385">
     <span class='ocr_line' id='line_1_66' title="bbox 517 3316 2097 3385; baseline 0.008 -16"><span class='ocrx_word' id='word_1_434' title='bbox 517 3316 660 3370; x_wconf 89' lang='lat' dir='ltr'><strong>niam</strong></span> <span class='ocrx_word' id='word_1_435' title='bbox 690 3328 866 3372; x_wconf 88' lang='lat' dir='ltr'><strong>autem</strong></span> <span class='ocrx_word' id='word_1_436' title='bbox 894 3330 979 3373; x_wconf 88' lang='lat' dir='ltr'><strong>tua</strong></span> <span class='ocrx_word' id='word_1_437' title='bbox 1020 3334 1163 3384; x_wconf 90' lang='lat' dir='ltr'><strong>mea,</strong></span> <span class='ocrx_word' id='word_1_438' title='bbox 1210 3330 1265 3374; x_wconf 89' lang='lat' dir='ltr'><strong>et</strong></span> <span class='ocrx_word' id='word_1_439' title='bbox 1310 3337 1426 3375; x_wconf 90' lang='lat' dir='ltr'><strong>mea</strong></span> <span class='ocrx_word' id='word_1_440' title='bbox 1478 3331 1566 3374; x_wconf 89' lang='lat' dir='ltr'><strong>tua</strong></span> <span class='ocrx_word' id='word_1_441' title='bbox 1624 3331 1778 3385; x_wconf 90' lang='lat' dir='ltr'><strong>sunt,</strong></span> <span class='ocrx_word' id='word_1_442' title='bbox 1832 3324 1958 3377; x_wconf 89' lang='lat' dir='ltr'><strong>dum</strong></span> <span class='ocrx_word' id='word_1_443' title='bbox 2000 3328 2097 3381; x_wconf 85' lang='lat' dir='ltr'><strong>das</strong></span> 
     </span>
    </p>
   </div>
   <div class='ocr_carea' id='block_1_66' title="bbox 518 3407 2094 3482">
    <p class='ocr_par' dir='ltr' id='par_1_66' title="bbox 518 3407 2094 3482">
     <span class='ocr_line' id='line_1_67' title="bbox 518 3407 2094 3482; baseline 0.006 -23"><span class='ocrx_word' id='word_1_444' title='bbox 518 3407 646 3460; x_wconf 87' lang='lat' dir='ltr'><strong>mihi</strong></span> <span class='ocrx_word' id='word_1_445' title='bbox 680 3418 789 3471; x_wconf 90' lang='lat' dir='ltr'><strong>tua,</strong></span> <span class='ocrx_word' id='word_1_446' title='bbox 820 3423 919 3477; x_wconf 86' lang='lat' dir='ltr'><strong>ego</strong></span> <span class='ocrx_word' id='word_1_447' title='bbox 951 3426 1049 3463; x_wconf 83' lang='lat' dir='ltr'><strong>cur</strong></span> <span class='ocrx_word' id='word_1_448' title='bbox 1078 3410 1171 3463; x_wconf 91' lang='lat' dir='ltr'><strong>tibi</strong></span> <span class='ocrx_word' id='word_1_449' title='bbox 1209 3410 1487 3477; x_wconf 88' lang='lat' dir='ltr'><strong>inclinem,</strong></span> <span class='ocrx_word' id='word_1_450' title='bbox 1520 3425 1645 3464; x_wconf 90' lang='lat' dir='ltr'><strong>cum</strong></span> <span class='ocrx_word' id='word_1_451' title='bbox 1668 3427 1773 3465; x_wconf 92' lang='lat' dir='ltr'><strong>non</strong></span> <span class='ocrx_word' id='word_1_452' title='bbox 1829 3414 2094 3482; x_wconf 83' lang='lat' dir='ltr'><strong>accipiam</strong></span> 
     </span>
    </p>
   </div>
   <div class='ocr_carea' id='block_1_67' title="bbox 514 3499 2100 3571">
    <p class='ocr_par' dir='ltr' id='par_1_67' title="bbox 514 3499 2100 3571">
     <span class='ocr_line' id='line_1_68' title="bbox 514 3499 2100 3571; baseline 0.005 -19"><span class='ocrx_word' id='word_1_453' title='bbox 514 3499 710 3563; x_wconf 82' lang='lat' dir='ltr'><strong>aliena,</strong></span> <span class='ocrx_word' id='word_1_454' title='bbox 741 3500 833 3553; x_wconf 88' lang='lat' dir='ltr'><strong>sed</strong></span> <span class='ocrx_word' id='word_1_455' title='bbox 860 3515 977 3569; x_wconf 75' lang='lat' dir='ltr'><strong>qua:</strong></span> <span class='ocrx_word' id='word_1_456' title='bbox 1012 3516 1129 3555; x_wconf 85' lang='lat' dir='ltr'><strong>mea</strong></span> <span class='ocrx_word' id='word_1_457' title='bbox 1161 3499 1322 3554; x_wconf 86' lang='lat' dir='ltr'><strong>sunt?</strong></span> <span class='ocrx_word' id='word_1_458' title='bbox 1350 3500 1405 3553; x_wconf 86' lang='lat' dir='ltr'><strong>Si</strong></span> <span class='ocrx_word' id='word_1_459' title='bbox 1447 3508 1497 3555; x_wconf 90' lang='lat' dir='ltr'><strong>te</strong></span> <span class='ocrx_word' id='word_1_460' title='bbox 1522 3502 1804 3571; x_wconf 86' lang='lat' dir='ltr'><strong>cognoscis</strong></span> <span class='ocrx_word' id='word_1_461' title='bbox 1847 3518 1951 3556; x_wconf 86' lang='lat' dir='ltr'><strong>non</strong></span> <span class='ocrx_word' id='word_1_462' title='bbox 1986 3520 2100 3560; x_wconf 86' lang='lat' dir='ltr'><strong>mc-</strong></span> 
     </span>
    </p>
   </div>
   <div class='ocr_carea' id='block_1_68' title="bbox 515 3590 2097 3661">
    <p class='ocr_par' dir='ltr' id='par_1_68' title="bbox 515 3590 2097 3661">
     <span class='ocr_line' id='line_1_69' title="bbox 515 3590 2097 3661; baseline 0.006 -19"><span class='ocrx_word' id='word_1_463' title='bbox 515 3590 655 3653; x_wconf 91' lang='lat' dir='ltr'><strong>rilis,</strong></span> <span class='ocrx_word' id='word_1_464' title='bbox 680 3592 875 3659; x_wconf 89' lang='lat' dir='ltr'><strong>quibus</strong></span> <span class='ocrx_word' id='word_1_465' title='bbox 896 3608 979 3645; x_wconf 89' lang='lat' dir='ltr'><strong>tne</strong></span> <span class='ocrx_word' id='word_1_466' title='bbox 1002 3592 1280 3661; x_wconf 73' lang='lat' dir='ltr'><strong>pnecellis,</strong></span> <span class='ocrx_word' id='word_1_467' title='bbox 1304 3593 1396 3647; x_wconf 90' lang='lat' dir='ltr'><strong>sed</strong></span> <span class='ocrx_word' id='word_1_468' title='bbox 1431 3604 1615 3647; x_wconf 88' lang='lat' dir='ltr'><strong>mtttua</strong></span> <span class='ocrx_word' id='word_1_469' title='bbox 1643 3594 1932 3659; x_wconf 81' lang='lat' dir='ltr'><strong>dilectione</strong></span> <span class='ocrx_word' id='word_1_470' title='bbox 1962 3598 2097 3651; x_wconf 86' lang='lat' dir='ltr'><strong>alte-</strong></span> 
     </span>
    </p>
   </div>
   <div class='ocr_carea' id='block_1_69' title="bbox 513 3681 2095 3747">
    <p class='ocr_par' dir='ltr' id='par_1_69' title="bbox 513 3681 2095 3747">
     <span class='ocr_line' id='line_1_70' title="bbox 513 3681 2095 3747; baseline 0.008 -14"><span class='ocrx_word' id='word_1_471' title='bbox 513 3695 632 3734; x_wconf 88' lang='lat' dir='ltr'><strong>rum</strong></span> <span class='ocrx_word' id='word_1_472' title='bbox 656 3681 994 3747; x_wconf 79' lang='lat' dir='ltr'><strong>Anselnnnn,</strong></span> <span class='ocrx_word' id='word_1_473' title='bbox 1025 3685 1219 3737; x_wconf 89' lang='lat' dir='ltr'><strong>sentiat</strong></span> <span class='ocrx_word' id='word_1_474' title='bbox 1246 3684 1348 3745; x_wconf 79' lang='lat' dir='ltr'><strong>hoc</strong></span> <span class='ocrx_word' id='word_1_475' title='bbox 1376 3684 1599 3737; x_wconf 85' lang='lat' dir='ltr'><strong>dilectus</strong></span> <span class='ocrx_word' id='word_1_476' title='bbox 1644 3684 1812 3740; x_wconf 88' lang='lat' dir='ltr'><strong>frater</strong></span> <span class='ocrx_word' id='word_1_477' title='bbox 1850 3698 1904 3742; x_wconf 91' lang='lat' dir='ltr'><strong>et</strong></span> <span class='ocrx_word' id='word_1_478' title='bbox 1954 3690 2095 3745; x_wconf 80' lang='lat' dir='ltr'><strong>filius</strong></span> 
     </span>
    </p>
   </div>
   <div class='ocr_carea' id='block_1_70' title="bbox 515 3770 2095 3848">
    <p class='ocr_par' dir='ltr' id='par_1_70' title="bbox 515 3770 2095 3848">
     <span class='ocr_line' id='line_1_71' title="bbox 515 3770 2095 3848; baseline 0.006 -26"><span class='ocrx_word' id='word_1_479' title='bbox 515 3784 671 3824; x_wconf 87' lang='lat' dir='ltr'><strong>meus</strong></span> <span class='ocrx_word' id='word_1_480' title='bbox 693 3770 921 3824; x_wconf 89' lang='lat' dir='ltr'><strong>domnus</strong></span> <span class='ocrx_word' id='word_1_481' title='bbox 949 3770 1251 3825; x_wconf 84' lang='lat' dir='ltr'><strong>Mauritius.</strong></span> <span class='ocrx_word' id='word_1_482' title='bbox 1278 3771 1474 3826; x_wconf 84' lang='lat' dir='ltr'><strong>Precor</strong></span> <span class='ocrx_word' id='word_1_483' title='bbox 1519 3782 1576 3825; x_wconf 91' lang='lat' dir='ltr'><strong>ut</strong></span> <span class='ocrx_word' id='word_1_484' title='bbox 1608 3773 1659 3826; x_wconf 91' lang='lat' dir='ltr'><strong>in</strong></span> <span class='ocrx_word' id='word_1_485' title='bbox 1704 3776 1956 3830; x_wconf 88' lang='lat' dir='ltr'><strong>omnibus</strong></span> <span class='ocrx_word' id='word_1_486' title='bbox 2001 3793 2095 3848; x_wconf 87' lang='lat' dir='ltr'><strong>ge-</strong></span> 
     </span>
    </p>
   </div>
   <div class='ocr_carea' id='block_1_71' title="bbox 513 3862 2094 3932">
    <p class='ocr_par' dir='ltr' id='par_1_71' title="bbox 513 3862 2094 3932">
     <span class='ocr_line' id='line_1_72' title="bbox 513 3862 2094 3932; baseline 0.006 -20"><span class='ocrx_word' id='word_1_487' title='bbox 513 3874 640 3914; x_wconf 85' lang='lat' dir='ltr'><strong>rens</strong></span> <span class='ocrx_word' id='word_1_488' title='bbox 664 3863 779 3930; x_wconf 89' lang='lat' dir='ltr'><strong>ejus</strong></span> <span class='ocrx_word' id='word_1_489' title='bbox 801 3862 1212 3916; x_wconf 84' lang='lat' dir='ltr'><strong>sollicitudinem</strong></span> <span class='ocrx_word' id='word_1_490' title='bbox 1243 3872 1461 3930; x_wconf 88' lang='lat' dir='ltr'><strong>propter</strong></span> <span class='ocrx_word' id='word_1_491' title='bbox 1482 3863 1574 3916; x_wconf 90' lang='lat' dir='ltr'><strong>Dei</strong></span> <span class='ocrx_word' id='word_1_492' title='bbox 1606 3872 1660 3915; x_wconf 91' lang='lat' dir='ltr'><strong>et</strong></span> <span class='ocrx_word' id='word_1_493' title='bbox 1708 3866 1937 3932; x_wconf 81' lang='lat' dir='ltr'><strong>proximi</strong></span> <span class='ocrx_word' id='word_1_494' title='bbox 1966 3869 2094 3922; x_wconf 86' lang='lat' dir='ltr'><strong>clta—</strong></span> 
     </span>
    </p>
   </div>
   <div class='ocr_carea' id='block_1_72' title="bbox 516 3951 2095 4021">
    <p class='ocr_par' dir='ltr' id='par_1_72' title="bbox 516 3951 2095 4021">
     <span class='ocr_line' id='line_1_73' title="bbox 516 3951 2095 4021; baseline 0.007 -18"><span class='ocrx_word' id='word_1_495' title='bbox 516 3951 731 4005; x_wconf 87' lang='lat' dir='ltr'><strong>ritatem</strong></span> <span class='ocrx_word' id='word_1_496' title='bbox 759 3991 774 4014; x_wconf 84' lang='lat'><strong>.</strong></span> <span class='ocrx_word' id='word_1_497' title='bbox 821 3963 1059 4005; x_wconf 89' lang='lat' dir='ltr'><strong>nostram</strong></span> <span class='ocrx_word' id='word_1_498' title='bbox 1106 3968 1231 4021; x_wconf 86' lang='lat' dir='ltr'><strong>erga</strong></span> <span class='ocrx_word' id='word_1_499' title='bbox 1280 3968 1402 4006; x_wconf 90' lang='lat' dir='ltr'><strong>eum</strong></span> <span class='ocrx_word' id='word_1_500' title='bbox 1460 3954 1719 4009; x_wconf 78' lang='lat' dir='ltr'><strong>exhibeas</strong></span> <span class='ocrx_word' id='word_1_501' title='bbox 1766 3955 1960 4010; x_wconf 81' lang='lat' dir='ltr'><strong>vicem.</strong></span> <span class='ocrx_word' id='word_1_502' title='bbox 2018 3959 2095 4015; x_wconf 87' lang='lat' dir='ltr'><strong>De</strong></span> 
     </span>
    </p>
   </div>
   <div class='ocr_carea' id='block_1_73' title="bbox 514 4040 2139 4117">
    <p class='ocr_par' dir='ltr' id='par_1_73' title="bbox 514 4040 2139 4117">
     <span class='ocr_line' id='line_1_74' title="bbox 514 4040 2139 4117; baseline 0.006 -24"><span class='ocrx_word' id='word_1_503' title='bbox 514 4040 828 4096; x_wconf 79' lang='lat' dir='ltr'><strong>infirmitate</strong></span> <span class='ocrx_word' id='word_1_504' title='bbox 850 4042 1041 4111; x_wconf 90' lang='lat' dir='ltr'><strong>capitis</strong></span> <span class='ocrx_word' id='word_1_505' title='bbox 1092 4042 1209 4112; x_wconf 83' lang='lat' dir='ltr'><strong>ejus</strong></span> <span class='ocrx_word' id='word_1_506' title='bbox 1245 4052 1295 4096; x_wconf 92' lang='lat' dir='ltr'><strong>te</strong></span> <span class='ocrx_word' id='word_1_507' title='bbox 1328 4058 1518 4111; x_wconf 89' lang='lat' dir='ltr'><strong>precor</strong></span> <span class='ocrx_word' id='word_1_508' title='bbox 1561 4053 1823 4114; x_wconf 90' lang='lat' dir='ltr'><strong>quantum</strong></span> <span class='ocrx_word' id='word_1_509' title='bbox 1850 4062 2093 4117; x_wconf 82' lang='lat' dir='ltr'><strong>possunt,</strong></span> <span class='ocrx_word' id='word_1_510' title='bbox 2132 4102 2139 4115; x_wconf 31' lang='grc' dir='ltr'>λ</span> 
     </span>
    </p>
   </div>
   <div class='ocr_carea' id='block_1_74' title="bbox 512 4132 2094 4205">
    <p class='ocr_par' dir='ltr' id='par_1_74' title="bbox 512 4132 2094 4205">
     <span class='ocr_line' id='line_1_75' title="bbox 512 4132 2094 4205; baseline 0.009 -24"><span class='ocrx_word' id='word_1_511' title='bbox 512 4138 571 4183; x_wconf 81' lang='grc' dir='ltr'><strong>ιιι</strong></span> <span class='ocrx_word' id='word_1_512' title='bbox 597 4140 647 4185; x_wconf 87' lang='lat' dir='ltr'><strong>te</strong></span> <span class='ocrx_word' id='word_1_513' title='bbox 668 4142 919 4200; x_wconf 88' lang='lat' dir='ltr'><strong>precante</strong></span> <span class='ocrx_word' id='word_1_514' title='bbox 945 4141 999 4187; x_wconf 93' lang='lat' dir='ltr'><strong>et</strong></span> <span class='ocrx_word' id='word_1_515' title='bbox 1029 4132 1316 4198; x_wconf 84' lang='lat' dir='ltr'><strong>adjuvante</strong></span> <span class='ocrx_word' id='word_1_516' title='bbox 1347 4145 1608 4203; x_wconf 88' lang='lat' dir='ltr'><strong>qttantum</strong></span> <span class='ocrx_word' id='word_1_517' title='bbox 1635 4146 1809 4205; x_wconf 89' lang='lat' dir='ltr'><strong>potes,</strong></span> <span class='ocrx_word' id='word_1_518' title='bbox 1832 4154 1860 4190; x_wconf 88' lang='lat' dir='ltr'><strong>a</strong></span> <span class='ocrx_word' id='word_1_519' title='bbox 1878 4137 2094 4195; x_wconf 90' lang='lat' dir='ltr'><strong>domino</strong></span> 
     </span>
    </p>
   </div>
   <div class='ocr_carea' id='block_1_75' title="bbox 512 4223 2091 4302">
    <p class='ocr_par' dir='ltr' id='par_1_75' title="bbox 512 4223 2091 4302">
     <span class='ocr_line' id='line_1_76' title="bbox 512 4223 2091 4302; baseline 0.009 -28"><span class='ocrx_word' id='word_1_520' title='bbox 512 4234 560 4274; x_wconf 82' lang='lat' dir='ltr'><strong>e:</strong></span> <span class='ocrx_word' id='word_1_521' title='bbox 591 4223 764 4277; x_wconf 87' lang='lat' dir='ltr'><strong>amico</strong></span> <span class='ocrx_word' id='word_1_522' title='bbox 811 4234 994 4279; x_wconf 90' lang='lat' dir='ltr'><strong>nostro</strong></span> <span class='ocrx_word' id='word_1_523' title='bbox 1036 4224 1255 4279; x_wconf 82' lang='lat' dir='ltr'><strong>Alberto</strong></span> <span class='ocrx_word' id='word_1_524' title='bbox 1309 4226 1517 4281; x_wconf 89' lang='lat' dir='ltr'><strong>medico</strong></span> <span class='ocrx_word' id='word_1_525' title='bbox 1562 4238 1782 4284; x_wconf 87' lang='lat' dir='ltr'><strong>curetur</strong></span> <span class='ocrx_word' id='word_1_526' title='bbox 1832 4241 2091 4302; x_wconf 88' lang='lat' dir='ltr'><strong>quantum</strong></span> 
     </span>
    </p>
   </div>
   <div class='ocr_carea' id='block_1_76' title="bbox 511 4321 704 4380">
    <p class='ocr_par' dir='ltr' id='par_1_76' title="bbox 511 4321 704 4380">
     <span class='ocr_line' id='line_1_77' title="bbox 511 4321 704 4380; baseline 0.026 -19"><span class='ocrx_word' id='word_1_527' title='bbox 511 4321 704 4380; x_wconf 83' lang='lat' dir='ltr'><strong>potest.</strong></span> 
     </span>
    </p>
   </div>
   <div class='ocr_carea' id='block_1_77' title="bbox 1019 4426 1592 4483">
    <p class='ocr_par' dir='ltr' id='par_1_77' title="bbox 1019 4426 1592 4483">
     <span class='ocr_line' id='line_1_78' title="bbox 1019 4426 1592 4483; baseline 0.002 -4"><span class='ocrx_word' id='word_1_528' title='bbox 1019 4426 1344 4483; x_wconf 74' lang='lat' dir='ltr'><strong>EI’ISTOLA</strong></span> <span class='ocrx_word' id='word_1_529' title='bbox 1384 4427 1592 4481; x_wconf 72' lang='lat' dir='ltr'><strong>XXVII.</strong></span> 
     </span>
    </p>
   </div>
   <div class='ocr_carea' id='block_1_78' title="bbox 1090 4535 1518 4575">
    <p class='ocr_par' dir='ltr' id='par_1_78' title="bbox 1090 4535 1518 4575">
     <span class='ocr_line' id='line_1_79' title="bbox 1090 4535 1518 4575; baseline 0.005 -4"><span class='ocrx_word' id='word_1_530' title='bbox 1090 4536 1153 4572; x_wconf 79' lang='lat' dir='ltr'><strong>AD</strong></span> <span class='ocrx_word' id='word_1_531' title='bbox 1193 4535 1518 4575; x_wconf 63' lang='grc' dir='ltr'>ιιειιιυιλυιι.</span> 
     </span>
    </p>
   </div>
   <div class='ocr_carea' id='block_1_79' title="bbox 514 4627 2085 4701">
    <p class='ocr_par' dir='ltr' id='par_1_79' title="bbox 514 4627 2085 4701">
     <span class='ocr_line' id='line_1_80' title="bbox 514 4627 2085 4701; baseline 0.006 -20"><span class='ocrx_word' id='word_1_532' title='bbox 514 4627 662 4701; x_wconf 72' lang='lat' dir='ltr'><strong>Scin</strong></span> <span class='ocrx_word' id='word_1_533' title='bbox 694 4628 804 4683; x_wconf 83' lang='lat' dir='ltr'><strong>dies</strong></span> <span class='ocrx_word' id='word_1_534' title='bbox 846 4632 1131 4683; x_wconf 78' lang='lat' dir='ltr'><strong>orationem</strong></span> <span class='ocrx_word' id='word_1_535' title='bbox 1165 4630 1271 4684; x_wconf 87' lang='lat' dir='ltr'><strong>Deo</strong></span> <span class='ocrx_word' id='word_1_536' title='bbox 1303 4631 1521 4697; x_wconf 71' lang='lat' dir='ltr'><strong>fundere</strong></span> <span class='ocrx_word' id='word_1_537' title='bbox 1553 4631 1760 4701; x_wconf 81' lang='lat' dir='ltr'><strong>nomine</strong></span> <span class='ocrx_word' id='word_1_538' title='bbox 1806 4629 2051 4689; x_wconf 79' lang='lat' dir='ltr'><strong>Ilerluini</strong></span> <span class='ocrx_word' id='word_1_539' title='bbox 2070 4677 2085 4701; x_wconf 92' lang='lat'><strong>,</strong></span> 
     </span>
    </p>
   </div>
   <div class='ocr_carea' id='block_1_80' title="bbox 580 4699 2085 4769">
    <p class='ocr_par' dir='ltr' id='par_1_80' title="bbox 580 4699 2085 4769">
     <span class='ocr_line' id='line_1_81' title="bbox 580 4699 2085 4769; baseline 0.006 -19"><span class='ocrx_word' id='word_1_540' title='bbox 580 4699 695 4751; x_wconf 77' lang='lat' dir='ltr'><strong>licet</strong></span> <span class='ocrx_word' id='word_1_541' title='bbox 728 4716 850 4752; x_wconf 78' lang='lat' dir='ltr'><strong>suas</strong></span> <span class='ocrx_word' id='word_1_542' title='bbox 876 4701 1184 4753; x_wconf 82' lang='lat' dir='ltr'><strong>monitiones</strong></span> <span class='ocrx_word' id='word_1_543' title='bbox 1215 4701 1298 4753; x_wconf 74' lang='lat' dir='ltr'><strong>vix</strong></span> <span class='ocrx_word' id='word_1_544' title='bbox 1324 4701 1532 4769; x_wconf 77' lang='lat' dir='ltr'><strong>legeret.</strong></span> <span class='ocrx_word' id='word_1_545' title='bbox 1564 4700 1632 4751; x_wconf 81' lang='lat' dir='ltr'><strong>Et</strong></span> <span class='ocrx_word' id='word_1_546' title='bbox 1662 4710 1809 4768; x_wconf 85' lang='lat' dir='ltr'><strong>rogat</strong></span> <span class='ocrx_word' id='word_1_547' title='bbox 1860 4720 1977 4756; x_wconf 84' lang='lat' dir='ltr'><strong>eum</strong></span> <span class='ocrx_word' id='word_1_548' title='bbox 2030 4699 2085 4759; x_wconf 82' lang='lat' dir='ltr'><strong>ut</strong></span> 
     </span>
    </p>
   </div>
   <div class='ocr_carea' id='block_1_81' title="bbox 582 4769 1641 4837">
    <p class='ocr_par' dir='ltr' id='par_1_81' title="bbox 582 4769 1641 4837">
     <span class='ocr_line' id='line_1_82' title="bbox 582 4769 1641 4837; baseline 0.001 -17"><span class='ocrx_word' id='word_1_549' title='bbox 582 4784 704 4837; x_wconf 78' lang='lat' dir='ltr'><strong>erga</strong></span> <span class='ocrx_word' id='word_1_550' title='bbox 730 4769 1034 4822; x_wconf 84' lang='lat' dir='ltr'><strong>Mauritium</strong></span> <span class='ocrx_word' id='word_1_551' title='bbox 1059 4787 1111 4823; x_wconf 82' lang='lat' dir='ltr'><strong>se</strong></span> <span class='ocrx_word' id='word_1_552' title='bbox 1138 4769 1353 4837; x_wconf 77' lang='lat' dir='ltr'><strong>fratrem</strong></span> <span class='ocrx_word' id='word_1_553' title='bbox 1384 4771 1641 4823; x_wconf 75' lang='lat' dir='ltr'><strong>exhibeat.</strong></span> 
     </span>
    </p>
   </div>
   <div class='ocr_carea' id='block_1_82' title="bbox 582 4857 2086 4913">
    <p class='ocr_par' dir='ltr' id='par_1_82' title="bbox 582 4857 2086 4913">
     <span class='ocr_line' id='line_1_83' title="bbox 582 4857 2086 4913; baseline 0.002 -4"><span class='ocrx_word' id='word_1_554' title='bbox 582 4857 788 4910; x_wconf 86' lang='lat' dir='ltr'><strong>Dontuo</strong></span> <span class='ocrx_word' id='word_1_555' title='bbox 817 4866 871 4911; x_wconf 88' lang='lat' dir='ltr'><strong>et</strong></span> <span class='ocrx_word' id='word_1_556' title='bbox 898 4858 1047 4911; x_wconf 83' lang='lat' dir='ltr'><strong>fratri</strong></span> <span class='ocrx_word' id='word_1_557' title='bbox 1077 4859 1397 4913; x_wconf 87' lang='lat' dir='ltr'><strong>cbarissimo</strong></span> <span class='ocrx_word' id='word_1_558' title='bbox 1444 4858 1720 4913; x_wconf 72' lang='lat' dir='ltr'><strong>Ilenwtxo</strong></span> <span class='ocrx_word' id='word_1_559' title='bbox 1762 4858 1926 4911; x_wconf 79' lang='lat' dir='ltr'><strong>frater</strong></span> <span class='ocrx_word' id='word_1_560' title='bbox 1980 4857 2086 4912; x_wconf 72' lang='lat' dir='ltr'><strong>AN-</strong></span> 
     </span>
    </p>
   </div>
   <div class='ocr_carea' id='block_1_83' title="bbox 512 4946 1685 5005">
    <p class='ocr_par' dir='ltr' id='par_1_83' title="bbox 512 4946 1685 5005">
     <span class='ocr_line' id='line_1_84' title="bbox 512 4946 1685 5005; baseline -0.001 -5"><span class='ocrx_word' id='word_1_561' title='bbox 512 4960 711 5000; x_wconf 77' lang='lat' dir='ltr'><strong>ssutus</strong></span> <span class='ocrx_word' id='word_1_562' title='bbox 739 4946 987 5000; x_wconf 89' lang='lat' dir='ltr'><strong>salutem.</strong></span> <span class='ocrx_word' id='word_1_563' title='bbox 1682 5004 1685 5005; x_wconf 24' lang='grc' dir='ltr'><em>ν</em></span> 
     </span>
    </p>
   </div>
   <div class='ocr_carea' id='block_1_84' title="bbox 580 5035 2084 5107">
    <p class='ocr_par' dir='ltr' id='par_1_84' title="bbox 580 5035 2084 5107">
     <span class='ocr_line' id='line_1_85' title="bbox 580 5035 2084 5107; baseline 0.001 -19"><span class='ocrx_word' id='word_1_564' title='bbox 580 5036 835 5101; x_wconf 86' lang='lat' dir='ltr'><strong>Quamvis</strong></span> <span class='ocrx_word' id='word_1_565' title='bbox 857 5046 1092 5090; x_wconf 85' lang='lat' dir='ltr'><strong>nostram</strong></span> <span class='ocrx_word' id='word_1_566' title='bbox 1116 5037 1202 5090; x_wconf 86' lang='lat' dir='ltr'><strong>vix</strong></span> <span class='ocrx_word' id='word_1_567' title='bbox 1233 5037 1518 5107; x_wconf 89' lang='lat' dir='ltr'><strong>aliquando</strong></span> <span class='ocrx_word' id='word_1_568' title='bbox 1561 5037 1705 5107; x_wconf 83' lang='lat' dir='ltr'><strong>legas</strong></span> <span class='ocrx_word' id='word_1_569' title='bbox 1763 5035 2084 5089; x_wconf 84' lang='lat' dir='ltr'><strong>admonitio-</strong></span> 
     </span>
    </p>
   </div>
   <div class='ocr_carea' id='block_1_85' title="bbox 512 5128 2085 5199">
    <p class='ocr_par' dir='ltr' id='par_1_85' title="bbox 512 5128 2085 5199">
     <span class='ocr_line' id='line_1_86' title="bbox 512 5128 2085 5199; baseline 0 -19"><span class='ocrx_word' id='word_1_570' title='bbox 512 5142 654 5191; x_wconf 81' lang='lat' dir='ltr'><strong>nem,</strong></span> <span class='ocrx_word' id='word_1_571' title='bbox 689 5137 870 5181; x_wconf 90' lang='lat' dir='ltr'><strong>notum</strong></span> <span class='ocrx_word' id='word_1_572' title='bbox 910 5128 1000 5181; x_wconf 90' lang='lat' dir='ltr'><strong>tibi</strong></span> <span class='ocrx_word' id='word_1_573' title='bbox 1025 5129 1093 5181; x_wconf 92' lang='lat' dir='ltr'><strong>sit</strong></span> <span class='ocrx_word' id='word_1_574' title='bbox 1128 5137 1327 5193; x_wconf 89' lang='lat' dir='ltr'><strong>tamen,</strong></span> <span class='ocrx_word' id='word_1_575' title='bbox 1352 5131 1689 5191; x_wconf 83' lang='lat' dir='ltr'><strong>cbarissime,</strong></span> <span class='ocrx_word' id='word_1_576' title='bbox 1734 5133 1859 5199; x_wconf 79' lang='lat' dir='ltr'><strong>quia</strong></span> <span class='ocrx_word' id='word_1_577' title='bbox 1910 5130 2085 5198; x_wconf 82' lang='lat' dir='ltr'><strong>quoti-</strong></span> 
     </span>
    </p>
   </div>
   <div class='ocr_carea' id='block_1_86' title="bbox 512 5218 2084 5292">
    <p class='ocr_par' dir='ltr' id='par_1_86' title="bbox 512 5218 2084 5292">
     <span class='ocr_line' id='line_1_87' title="bbox 512 5218 2084 5292; baseline 0.002 -22"><span class='ocrx_word' id='word_1_578' title='bbox 512 5218 597 5273; x_wconf 69' lang='lat' dir='ltr'><strong>die</strong></span> <span class='ocrx_word' id='word_1_579' title='bbox 627 5218 910 5272; x_wconf 43' lang='lat' dir='ltr'><strong>tui&#39;curatu</strong></span> <span class='ocrx_word' id='word_1_580' title='bbox 959 5219 1181 5285; x_wconf 85' lang='lat' dir='ltr'><strong>habens,</strong></span> <span class='ocrx_word' id='word_1_581' title='bbox 1234 5220 1340 5274; x_wconf 86' lang='lat' dir='ltr'><strong>Deo</strong></span> <span class='ocrx_word' id='word_1_582' title='bbox 1389 5236 1485 5289; x_wconf 91' lang='lat' dir='ltr'><strong>pro</strong></span> <span class='ocrx_word' id='word_1_583' title='bbox 1536 5230 1605 5287; x_wconf 89' lang='lat' dir='ltr'><strong>te,</strong></span> <span class='ocrx_word' id='word_1_584' title='bbox 1657 5222 2084 5292; x_wconf 80' lang='lat' dir='ltr'><strong>qualemcunque</strong></span> 
     </span>
    </p>
   </div>
   <div class='ocr_carea' id='block_1_87' title="bbox 2630 3248 3341 3305">
    <p class='ocr_par' dir='ltr' id='par_1_87' title="bbox 2630 3248 3341 3305">
     <span class='ocr_line' id='line_1_88' title="bbox 2630 3248 3341 3305; baseline 0.001 -1"><span class='ocrx_word' id='word_1_585' title='bbox 2630 3248 2961 3305; x_wconf 78' lang='lat' dir='ltr'><strong>EPISTOLA</strong></span> <span class='ocrx_word' id='word_1_586' title='bbox 3001 3249 3214 3305; x_wconf 74' lang='lat' dir='ltr'><strong>XXVIII</strong></span> <span class='ocrx_word' id='word_1_587' title='bbox 3254 3252 3341 3305; x_wconf 80' lang='lat'><strong>“&#39;.</strong></span> 
     </span>
    </p>
   </div>
   <div class='ocr_carea' id='block_1_88' title="bbox 2786 3358 3197 3397">
    <p class='ocr_par' dir='ltr' id='par_1_88' title="bbox 2786 3358 3197 3397">
     <span class='ocr_line' id='line_1_89' title="bbox 2786 3358 3197 3397; baseline 0.005 -4"><span class='ocrx_word' id='word_1_588' title='bbox 2786 3358 2850 3394; x_wconf 75' lang='lat' dir='ltr'><strong>AD</strong></span> <span class='ocrx_word' id='word_1_589' title='bbox 2889 3358 3197 3397; x_wconf 72' lang='lat' dir='ltr'><strong>ALBEBTL&#39;II.</strong></span> 
     </span>
    </p>
   </div>
   <div class='ocr_carea' id='block_1_89' title="bbox 2200 3429 3785 3498">
    <p class='ocr_par' dir='ltr' id='par_1_89' title="bbox 2200 3429 3785 3498">
     <span class='ocr_line' id='line_1_90' title="bbox 2200 3429 3785 3498; baseline 0 -11"><span class='ocrx_word' id='word_1_590' title='bbox 2200 3430 2599 3487; x_wconf 74' lang='lat' dir='ltr'><strong>Conversionem</strong></span> <span class='ocrx_word' id='word_1_591' title='bbox 2622 3450 2652 3485; x_wconf 90' lang='lat' dir='ltr'><strong>a</strong></span> <span class='ocrx_word' id='word_1_592' title='bbox 2683 3430 2877 3484; x_wconf 61' lang='lat' dir='ltr'><strong>sa‘culo</strong></span> <span class='ocrx_word' id='word_1_593' title='bbox 2929 3432 3158 3498; x_wconf 74' lang='lat' dir='ltr'><strong>suggerit</strong></span> <span class='ocrx_word' id='word_1_594' title='bbox 3187 3445 3206 3481; x_wconf 91' lang='lat'><strong><em>:</em></strong></span> <span class='ocrx_word' id='word_1_595' title='bbox 3236 3429 3541 3485; x_wconf 78' lang='lat' dir='ltr'><strong>Mauritium</strong></span> <span class='ocrx_word' id='word_1_596' title='bbox 3567 3434 3616 3486; x_wconf 85' lang='lat' dir='ltr'><strong>ei</strong></span> <span class='ocrx_word' id='word_1_597' title='bbox 3646 3450 3785 3487; x_wconf 87' lang='lat' dir='ltr'><strong>cont-</strong></span> 
     </span>
    </p>
   </div>
   <div class='ocr_carea' id='block_1_90' title="bbox 2379 3494 3608 3569">
    <p class='ocr_par' dir='ltr' id='par_1_90' title="bbox 2379 3494 3608 3569">
     <span class='ocr_line' id='line_1_91' title="bbox 2379 3494 3608 3569; baseline 0 -14"><span class='ocrx_word' id='word_1_598' title='bbox 2379 3504 2613 3565; x_wconf 79' lang='lat' dir='ltr'><strong>mendat,</strong></span> <span class='ocrx_word' id='word_1_599' title='bbox 2642 3512 2697 3555; x_wconf 84' lang='lat' dir='ltr'><strong>ut</strong></span> <span class='ocrx_word' id='word_1_600' title='bbox 2732 3510 2846 3554; x_wconf 82' lang='lat' dir='ltr'><strong>arte</strong></span> <span class='ocrx_word' id='word_1_601' title='bbox 2880 3494 3209 3554; x_wconf 41' lang='lat' dir='ltr'><strong>sua&#39;n&#39;tcdica</strong></span> <span class='ocrx_word' id='word_1_602' title='bbox 3242 3502 3410 3569; x_wconf 82' lang='lat' dir='ltr'><strong>ipsum</strong></span> <span class='ocrx_word' id='word_1_603' title='bbox 3445 3513 3608 3555; x_wconf 81' lang='lat' dir='ltr'><strong>curet.</strong></span> 
     </span>
    </p>
   </div>
   <div class='ocr_carea' id='block_1_91' title="bbox 2226 3591 3789 3656">
    <p class='ocr_par' dir='ltr' id='par_1_91' title="bbox 2226 3591 3789 3656">
     <span class='ocr_line' id='line_1_92' title="bbox 2226 3591 3789 3656; baseline 0.001 -9"><span class='ocrx_word' id='word_1_604' title='bbox 2226 3602 2227 3605; x_wconf 78' lang='lat'>‘</span> <span class='ocrx_word' id='word_1_605' title='bbox 2270 3593 2498 3647; x_wconf 87' lang='lat' dir='ltr'><strong>Domino</strong></span> <span class='ocrx_word' id='word_1_606' title='bbox 2534 3593 2710 3656; x_wconf 85' lang='lat' dir='ltr'><strong>fratri.</strong></span> <span class='ocrx_word' id='word_1_607' title='bbox 2745 3593 2923 3647; x_wconf 80' lang='lat' dir='ltr'><strong>am’ico</strong></span> <span class='ocrx_word' id='word_1_608' title='bbox 2942 3591 3268 3650; x_wconf 87' lang='lat' dir='ltr'><strong>cbarissimo</strong></span> <span class='ocrx_word' id='word_1_609' title='bbox 3313 3594 3573 3649; x_wconf 79' lang='grc' dir='ltr'>Αιιιειιτο</span> <span class='ocrx_word' id='word_1_610' title='bbox 3615 3592 3789 3649; x_wconf 84' lang='lat' dir='ltr'><strong>frater</strong></span> 
     </span>
    </p>
   </div>
   <div class='ocr_carea' id='block_1_92' title="bbox 2196 3680 3787 3752">
    <p class='ocr_par' dir='ltr' id='par_1_92' title="bbox 2196 3680 3787 3752">
     <span class='ocr_line' id='line_1_93' title="bbox 2196 3680 3787 3752; baseline 0.001 -15"><span class='ocrx_word' id='word_1_611' title='bbox 2196 3680 2501 3745; x_wconf 67' lang='lat' dir='ltr'><strong>Anseuus,</strong></span> <span class='ocrx_word' id='word_1_612' title='bbox 2525 3680 2605 3736; x_wconf 87' lang='lat' dir='ltr'><strong>sic</strong></span> <span class='ocrx_word' id='word_1_613' title='bbox 2626 3680 2858 3734; x_wconf 89' lang='lat' dir='ltr'><strong>transire</strong></span> <span class='ocrx_word' id='word_1_614' title='bbox 2887 3695 2987 3752; x_wconf 85' lang='lat' dir='ltr'><strong>per</strong></span> <span class='ocrx_word' id='word_1_615' title='bbox 3031 3680 3168 3733; x_wconf 89' lang='lat' dir='ltr'><strong>bona</strong></span> <span class='ocrx_word' id='word_1_616' title='bbox 3204 3681 3520 3751; x_wconf 89' lang='lat' dir='ltr'><strong>temporalia</strong></span> <span class='ocrx_word' id='word_1_617' title='bbox 3546 3692 3787 3740; x_wconf 81' lang='lat' dir='ltr'><strong>contem-</strong></span> 
     </span>
    </p>
   </div>
   <div class='ocr_carea' id='block_1_93' title="bbox 2200 3767 3433 3837">
    <p class='ocr_par' dir='ltr' id='par_1_93' title="bbox 2200 3767 3433 3837">
     <span class='ocr_line' id='line_1_94' title="bbox 2200 3767 3433 3837; baseline -0.002 -13"><span class='ocrx_word' id='word_1_618' title='bbox 2200 3771 2399 3833; x_wconf 87' lang='lat' dir='ltr'><strong>nemlo,</strong></span> <span class='ocrx_word' id='word_1_619' title='bbox 2437 3778 2497 3822; x_wconf 91' lang='lat' dir='ltr'><strong>ut</strong></span> <span class='ocrx_word' id='word_1_620' title='bbox 2528 3778 2743 3823; x_wconf 88' lang='lat' dir='ltr'><strong>maneat</strong></span> <span class='ocrx_word' id='word_1_621' title='bbox 2777 3769 2827 3821; x_wconf 90' lang='lat' dir='ltr'><strong>in</strong></span> <span class='ocrx_word' id='word_1_622' title='bbox 2850 3767 3068 3822; x_wconf 66' lang='lat' dir='ltr'><strong>aeternis</strong></span> <span class='ocrx_word' id='word_1_623' title='bbox 3088 3767 3433 3837; x_wconf 88' lang='lat' dir='ltr'><strong>perfruendo.</strong></span> 
     </span>
    </p>
   </div>
   <div class='ocr_carea' id='block_1_94' title="bbox 2267 3860 3785 3931">
    <p class='ocr_par' dir='ltr' id='par_1_94' title="bbox 2267 3860 3785 3931">
     <span class='ocr_line' id='line_1_95' title="bbox 2267 3860 3785 3931; baseline -0.001 -15"><span class='ocrx_word' id='word_1_624' title='bbox 2267 3862 2530 3918; x_wconf 75' lang='lat' dir='ltr'><strong>Aﬂ’ectnm</strong></span> <span class='ocrx_word' id='word_1_625' title='bbox 2561 3877 2692 3917; x_wconf 67' lang='lat' dir='ltr'><strong>metr.</strong></span> <span class='ocrx_word' id='word_1_626' title='bbox 2714 3860 3039 3924; x_wconf 89' lang='lat' dir='ltr'><strong>dilectionis,</strong></span> <span class='ocrx_word' id='word_1_627' title='bbox 3079 3876 3241 3931; x_wconf 88' lang='lat' dir='ltr'><strong>quem</strong></span> <span class='ocrx_word' id='word_1_628' title='bbox 3287 3870 3396 3915; x_wconf 90' lang='lat' dir='ltr'><strong>tam</strong></span> <span class='ocrx_word' id='word_1_629' title='bbox 3423 3862 3639 3916; x_wconf 86' lang='lat' dir='ltr'><strong>sublimi</strong></span> <span class='ocrx_word' id='word_1_630' title='bbox 3683 3862 3785 3917; x_wconf 87' lang='lat' dir='ltr'><strong>Itu-</strong></span> 
     </span>
    </p>
   </div>
   <div class='ocr_carea' id='block_1_95' title="bbox 2198 3950 3778 4021">
    <p class='ocr_par' dir='ltr' id='par_1_95' title="bbox 2198 3950 3778 4021">
     <span class='ocr_line' id='line_1_96' title="bbox 2198 3950 3778 4021; baseline -0.001 -14"><span class='ocrx_word' id='word_1_631' title='bbox 2198 3954 2426 4007; x_wconf 88' lang='lat' dir='ltr'><strong>militate</strong></span> <span class='ocrx_word' id='word_1_632' title='bbox 2454 3967 2550 4021; x_wconf 89' lang='lat' dir='ltr'><strong>per</strong></span> <span class='ocrx_word' id='word_1_633' title='bbox 2573 3950 2857 4021; x_wconf 85' lang='lat' dir='ltr'><strong>epistolam</strong></span> <span class='ocrx_word' id='word_1_634' title='bbox 2892 3960 3061 4004; x_wconf 83' lang='lat' dir='ltr'><strong>suam&quot;</strong></span> <span class='ocrx_word' id='word_1_635' title='bbox 3078 3960 3260 4005; x_wconf 89' lang='lat' dir='ltr'><strong>vestra</strong></span> <span class='ocrx_word' id='word_1_636' title='bbox 3294 3950 3484 4020; x_wconf 78' lang='lat' dir='ltr'><strong>petivit</strong></span> <span class='ocrx_word' id='word_1_637' title='bbox 3504 3951 3778 4021; x_wconf 88' lang='lat' dir='ltr'><strong>dignatio,</strong></span> 
     </span>
    </p>
   </div>
   <div class='ocr_carea' id='block_1_96' title="bbox 2199 4042 3788 4113">
    <p class='ocr_par' dir='ltr' id='par_1_96' title="bbox 2199 4042 3788 4113">
     <span class='ocr_line' id='line_1_97' title="bbox 2199 4042 3788 4113; baseline -0.001 -16"><span class='ocrx_word' id='word_1_638' title='bbox 2199 4059 2303 4099; x_wconf 87' lang='lat' dir='ltr'><strong>non</strong></span> <span class='ocrx_word' id='word_1_639' title='bbox 2355 4058 2528 4113; x_wconf 89' lang='lat' dir='ltr'><strong>nuper</strong></span> <span class='ocrx_word' id='word_1_640' title='bbox 2576 4042 2769 4096; x_wconf 80' lang='lat' dir='ltr'><strong>littera:</strong></span> <span class='ocrx_word' id='word_1_641' title='bbox 2821 4050 3014 4096; x_wconf 78' lang='lat' dir='ltr'><strong>vestra:</strong></span> <span class='ocrx_word' id='word_1_642' title='bbox 3062 4051 3375 4099; x_wconf 81' lang='lat' dir='ltr'><strong>reverenter</strong></span> <span class='ocrx_word' id='word_1_643' title='bbox 3436 4042 3788 4113; x_wconf 74' lang='lat' dir='ltr'><strong>suppliraudo</strong></span> 
     </span>
    </p>
   </div>
   <div class='ocr_carea' id='block_1_97' title="bbox 2198 4118 3788 4211">
    <p class='ocr_par' dir='ltr' id='par_1_97' title="bbox 2198 4118 3788 4211">
     <span class='ocr_line' id='line_1_98' title="bbox 2198 4118 3788 4211; baseline -0.001 -23"><span class='ocrx_word' id='word_1_644' title='bbox 2198 4135 2329 4188; x_wconf 89' lang='lat' dir='ltr'><strong>mihi</strong></span> <span class='ocrx_word' id='word_1_645' title='bbox 2360 4142 2771 4203; x_wconf 83' lang='lat' dir='ltr'><strong>persuaserunt;</strong></span> <span class='ocrx_word' id='word_1_646' title='bbox 2802 4118 2897 4211; x_wconf 65' lang='lat' dir='ltr'><strong>sed</strong></span> <span class='ocrx_word' id='word_1_647' title='bbox 2917 4148 3037 4187; x_wconf 91' lang='lat' dir='ltr'><strong>cum</strong></span> <span class='ocrx_word' id='word_1_648' title='bbox 3069 4132 3197 4186; x_wconf 91' lang='lat' dir='ltr'><strong>olim</strong></span> <span class='ocrx_word' id='word_1_649' title='bbox 3238 4132 3401 4188; x_wconf 89' lang='lat' dir='ltr'><strong>vestri</strong></span> <span class='ocrx_word' id='word_1_650' title='bbox 3434 4148 3613 4187; x_wconf 89' lang='lat' dir='ltr'><strong>mores</strong></span> <span class='ocrx_word' id='word_1_651' title='bbox 3636 4149 3788 4187; x_wconf 86' lang='lat' dir='ltr'><strong>ama-</strong></span> 
     </span>
    </p>
   </div>
   <div class='ocr_carea' id='block_1_98' title="bbox 2197 4214 3782 4292">
    <p class='ocr_par' dir='ltr' id='par_1_98' title="bbox 2197 4214 3782 4292">
     <span class='ocr_line' id='line_1_99' title="bbox 2197 4214 3782 4292; baseline -0.003 -13"><span class='ocrx_word' id='word_1_652' title='bbox 2197 4226 2376 4281; x_wconf 88' lang='lat' dir='ltr'><strong>biliter</strong></span> <span class='ocrx_word' id='word_1_653' title='bbox 2398 4240 2459 4280; x_wconf 87' lang='lat' dir='ltr'><strong>se</strong></span> <span class='ocrx_word' id='word_1_654' title='bbox 2498 4224 2925 4279; x_wconf 87' lang='lat' dir='ltr'><strong>commendando</strong></span> <span class='ocrx_word' id='word_1_655' title='bbox 2981 4214 3145 4278; x_wconf 89' lang='lat' dir='ltr'><strong>menti</strong></span> <span class='ocrx_word' id='word_1_656' title='bbox 3190 4238 3322 4278; x_wconf 80' lang='lat' dir='ltr'><strong>mea:</strong></span> <span class='ocrx_word' id='word_1_657' title='bbox 3372 4223 3782 4292; x_wconf 79' lang='lat' dir='ltr'><strong>itnpresscrunt.</strong></span> 
     </span>
    </p>
   </div>
   <div class='ocr_carea' id='block_1_99' title="bbox 2193 4312 3783 4385">
    <p class='ocr_par' dir='ltr' id='par_1_99' title="bbox 2193 4312 3783 4385">
     <span class='ocr_line' id='line_1_100' title="bbox 2193 4312 3783 4385; baseline -0.003 -15"><span class='ocrx_word' id='word_1_658' title='bbox 2193 4315 2276 4370; x_wconf 82' lang='lat' dir='ltr'><strong>Ex</strong></span> <span class='ocrx_word' id='word_1_659' title='bbox 2312 4330 2418 4385; x_wconf 89' lang='lat' dir='ltr'><strong>quo</strong></span> <span class='ocrx_word' id='word_1_660' title='bbox 2444 4328 2677 4383; x_wconf 86' lang='lat' dir='ltr'><strong>namque</strong></span> <span class='ocrx_word' id='word_1_661' title='bbox 2727 4315 2857 4369; x_wconf 88' lang='lat' dir='ltr'><strong>mihi</strong></span> <span class='ocrx_word' id='word_1_662' title='bbox 2914 4322 3094 4369; x_wconf 87' lang='lat' dir='ltr'><strong>vestra</strong></span> <span class='ocrx_word' id='word_1_663' title='bbox 3145 4314 3369 4383; x_wconf 88' lang='lat' dir='ltr'><strong>contigit</strong></span> <span class='ocrx_word' id='word_1_664' title='bbox 3413 4312 3568 4382; x_wconf 89' lang='lat' dir='ltr'><strong>plena</strong></span> <span class='ocrx_word' id='word_1_665' title='bbox 3622 4314 3783 4382; x_wconf 80' lang='lat' dir='ltr'><strong>potiti</strong></span> 
     </span>
    </p>
   </div>
   <div class='ocr_carea' id='block_1_100' title="bbox 2195 4400 3779 4475">
    <p class='ocr_par' dir='ltr' id='par_1_100' title="bbox 2195 4400 3779 4475">
     <span class='ocr_line' id='line_1_101' title="bbox 2195 4400 3779 4475; baseline -0.003 -16"><span class='ocrx_word' id='word_1_666' title='bbox 2195 4404 2521 4475; x_wconf 87' lang='lat' dir='ltr'><strong>cognitione,</strong></span> <span class='ocrx_word' id='word_1_667' title='bbox 2562 4419 2667 4457; x_wconf 88' lang='lat' dir='ltr'><strong>non</strong></span> <span class='ocrx_word' id='word_1_668' title='bbox 2699 4402 2886 4471; x_wconf 89' lang='lat' dir='ltr'><strong>utique</strong></span> <span class='ocrx_word' id='word_1_669' title='bbox 2920 4402 3020 4457; x_wconf 80' lang='lat' dir='ltr'><strong>fuit</strong></span> <span class='ocrx_word' id='word_1_670' title='bbox 3075 4417 3170 4457; x_wconf 86' lang='lat' dir='ltr'><strong>cor</strong></span> <span class='ocrx_word' id='word_1_671' title='bbox 3203 4416 3382 4455; x_wconf 90' lang='lat' dir='ltr'><strong>meum</strong></span> <span class='ocrx_word' id='word_1_672' title='bbox 3442 4400 3559 4456; x_wconf 89' lang='lat' dir='ltr'><strong>sine</strong></span> <span class='ocrx_word' id='word_1_673' title='bbox 3612 4402 3779 4455; x_wconf 79' lang='lat' dir='ltr'><strong>vestri</strong></span> 
     </span>
    </p>
   </div>
   <div class='ocr_carea' id='block_1_101' title="bbox 2122 4491 3782 4562">
    <p class='ocr_par' dir='ltr' id='par_1_101' title="bbox 2122 4491 3782 4562">
     <span class='ocr_line' id='line_1_102' title="bbox 2122 4491 3782 4562; baseline -0.004 -15"><span class='ocrx_word' id='word_1_674' title='bbox 2122 4491 2166 4547; x_wconf 90' lang='lat' dir='ltr'><strong>D</strong></span> <span class='ocrx_word' id='word_1_675' title='bbox 2195 4495 2463 4551; x_wconf 86' lang='lat' dir='ltr'><strong>desiderio</strong></span> <span class='ocrx_word' id='word_1_676' title='bbox 2489 4504 2542 4549; x_wconf 87' lang='lat' dir='ltr'><strong>et</strong></span> <span class='ocrx_word' id='word_1_677' title='bbox 2572 4494 2891 4559; x_wconf 82' lang='lat' dir='ltr'><strong>dilectione;</strong></span> <span class='ocrx_word' id='word_1_678' title='bbox 2924 4494 2990 4549; x_wconf 93' lang='lat' dir='ltr'><strong>de</strong></span> <span class='ocrx_word' id='word_1_679' title='bbox 3031 4508 3133 4562; x_wconf 89' lang='lat' dir='ltr'><strong>qua</strong></span> <span class='ocrx_word' id='word_1_680' title='bbox 3168 4508 3225 4547; x_wconf 90' lang='lat' dir='ltr'><strong>re</strong></span> <span class='ocrx_word' id='word_1_681' title='bbox 3264 4491 3513 4545; x_wconf 90' lang='lat' dir='ltr'><strong>dubitare</strong></span> <span class='ocrx_word' id='word_1_682' title='bbox 3540 4507 3646 4543; x_wconf 87' lang='lat' dir='ltr'><strong>non</strong></span> <span class='ocrx_word' id='word_1_683' title='bbox 3690 4491 3782 4542; x_wconf 88' lang='lat' dir='ltr'><strong>de-</strong></span> 
     </span>
    </p>
   </div>
   <div class='ocr_carea' id='block_1_102' title="bbox 2196 4581 3780 4656">
    <p class='ocr_par' dir='ltr' id='par_1_102' title="bbox 2196 4581 3780 4656">
     <span class='ocr_line' id='line_1_103' title="bbox 2196 4581 3780 4656; baseline -0.007 -13"><span class='ocrx_word' id='word_1_684' title='bbox 2196 4587 2413 4652; x_wconf 88' lang='lat' dir='ltr'><strong>buistis,</strong></span> <span class='ocrx_word' id='word_1_685' title='bbox 2441 4587 2487 4642; x_wconf 87' lang='lat' dir='ltr'><strong>si</strong></span> <span class='ocrx_word' id='word_1_686' title='bbox 2510 4585 2717 4641; x_wconf 84' lang='lat' dir='ltr'><strong>itineris</strong></span> <span class='ocrx_word' id='word_1_687' title='bbox 2744 4584 2909 4651; x_wconf 88' lang='lat' dir='ltr'><strong>illius,</strong></span> <span class='ocrx_word' id='word_1_688' title='bbox 2937 4598 3045 4656; x_wconf 89' lang='lat' dir='ltr'><strong>quo</strong></span> <span class='ocrx_word' id='word_1_689' title='bbox 3070 4585 3136 4639; x_wconf 91' lang='lat' dir='ltr'><strong>de</strong></span> <span class='ocrx_word' id='word_1_690' title='bbox 3161 4582 3332 4638; x_wconf 87' lang='lat' dir='ltr'><strong>Becco</strong></span> <span class='ocrx_word' id='word_1_691' title='bbox 3362 4596 3532 4650; x_wconf 87' lang='lat' dir='ltr'><strong>usque</strong></span> <span class='ocrx_word' id='word_1_692' title='bbox 3571 4581 3780 4635; x_wconf 68' lang='lat' dir='ltr'><strong>notho-</strong></span> 
     </span>
    </p>
   </div>
   <div class='ocr_carea' id='block_1_103' title="bbox 2198 4669 3780 4749">
    <p class='ocr_par' dir='ltr' id='par_1_103' title="bbox 2198 4669 3780 4749">
     <span class='ocr_line' id='line_1_104' title="bbox 2198 4669 3780 4749; baseline -0.007 -17"><span class='ocrx_word' id='word_1_693' title='bbox 2198 4692 2410 4749; x_wconf 89' lang='lat' dir='ltr'><strong>magum</strong></span> <span class='ocrx_word' id='word_1_694' title='bbox 2441 4675 2599 4732; x_wconf 89' lang='lat' dir='ltr'><strong>simul</strong></span> <span class='ocrx_word' id='word_1_695' title='bbox 2623 4675 2893 4745; x_wconf 88' lang='lat' dir='ltr'><strong>quondam</strong></span> <span class='ocrx_word' id='word_1_696' title='bbox 2917 4674 3275 4741; x_wconf 75' lang='lat' dir='ltr'><strong>perreximus,</strong></span> <span class='ocrx_word' id='word_1_697' title='bbox 3322 4670 3660 4725; x_wconf 87' lang='lat' dir='ltr'><strong>meministis.</strong></span> <span class='ocrx_word' id='word_1_698' title='bbox 3702 4669 3780 4722; x_wconf 85' lang='lat' dir='ltr'><strong>Ibi</strong></span> 
     </span>
    </p>
   </div>
   <div class='ocr_carea' id='block_1_104' title="bbox 2195 4761 3780 4835">
    <p class='ocr_par' dir='ltr' id='par_1_104' title="bbox 2195 4761 3780 4835">
     <span class='ocr_line' id='line_1_105' title="bbox 2195 4761 3780 4835; baseline -0.008 -11"><span class='ocrx_word' id='word_1_699' title='bbox 2195 4769 2339 4824; x_wconf 89' lang='lat' dir='ltr'><strong>enim</strong></span> <span class='ocrx_word' id='word_1_700' title='bbox 2373 4775 2521 4821; x_wconf 87' lang='lat' dir='ltr'><strong>tanta</strong></span> <span class='ocrx_word' id='word_1_701' title='bbox 2550 4767 2907 4835; x_wconf 91' lang='lat' dir='ltr'><strong>colloquendo</strong></span> <span class='ocrx_word' id='word_1_702' title='bbox 2936 4763 3305 4819; x_wconf 86' lang='lat' dir='ltr'><strong>familiaritate</strong></span> <span class='ocrx_word' id='word_1_703' title='bbox 3347 4761 3671 4815; x_wconf 68' lang='lat' dir='ltr'><strong>cohmsimus</strong></span> <span class='ocrx_word' id='word_1_704' title='bbox 3720 4770 3780 4812; x_wconf 79' lang='grc' dir='ltr'><strong>ιιι</strong></span> 
     </span>
    </p>
   </div>
   <div class='ocr_carea' id='block_1_105' title="bbox 2194 4849 3783 4923">
    <p class='ocr_par' dir='ltr' id='par_1_105' title="bbox 2194 4849 3783 4923">
     <span class='ocr_line' id='line_1_106' title="bbox 2194 4849 3783 4923; baseline -0.005 -11"><span class='ocrx_word' id='word_1_705' title='bbox 2194 4867 2247 4912; x_wconf 86' lang='lat' dir='ltr'><strong>et</strong></span> <span class='ocrx_word' id='word_1_706' title='bbox 2278 4864 2493 4909; x_wconf 90' lang='lat' dir='ltr'><strong>mutuus</strong></span> <span class='ocrx_word' id='word_1_707' title='bbox 2530 4865 2713 4909; x_wconf 87' lang='lat' dir='ltr'><strong>noster</strong></span> <span class='ocrx_word' id='word_1_708' title='bbox 2741 4854 3260 4923; x_wconf 85' lang='lat' dir='ltr'><strong>amorjampridem,</strong></span> <span class='ocrx_word' id='word_1_709' title='bbox 3314 4867 3381 4906; x_wconf 80' lang='lat' dir='ltr'><strong>ex</strong></span> <span class='ocrx_word' id='word_1_710' title='bbox 3413 4865 3521 4919; x_wconf 91' lang='lat' dir='ltr'><strong>quo</strong></span> <span class='ocrx_word' id='word_1_711' title='bbox 3554 4865 3650 4903; x_wconf 92' lang='lat' dir='ltr'><strong>nos</strong></span> <span class='ocrx_word' id='word_1_712' title='bbox 3698 4849 3783 4904; x_wconf 81' lang='lat' dir='ltr'><strong>in-</strong></span> 
     </span>
    </p>
   </div>
   <div class='ocr_carea' id='block_1_106' title="bbox 2195 4938 3781 5013">
    <p class='ocr_par' dir='ltr' id='par_1_106' title="bbox 2195 4938 3781 5013">
     <span class='ocr_line' id='line_1_107' title="bbox 2195 4938 3781 5013; baseline -0.004 -14"><span class='ocrx_word' id='word_1_713' title='bbox 2195 4946 2365 4999; x_wconf 83' lang='lat' dir='ltr'><strong>vicem</strong></span> <span class='ocrx_word' id='word_1_714' title='bbox 2395 4944 2628 5013; x_wconf 90' lang='lat' dir='ltr'><strong>primum</strong></span> <span class='ocrx_word' id='word_1_715' title='bbox 2657 4958 3000 5008; x_wconf 87' lang='lat' dir='ltr'><strong>noveramus,</strong></span> <span class='ocrx_word' id='word_1_716' title='bbox 3026 4953 3204 4997; x_wconf 85' lang='lat' dir='ltr'><strong>mente</strong></span> <span class='ocrx_word' id='word_1_717' title='bbox 3226 4948 3521 5009; x_wconf 81' lang='lat' dir='ltr'><strong>conceptus</strong></span> <span class='ocrx_word' id='word_1_718' title='bbox 3565 4938 3781 5008; x_wconf 83' lang='lat' dir='ltr'><strong>plenius</strong></span> 
     </span>
    </p>
   </div>
   <div class='ocr_carea' id='block_1_107' title="bbox 2196 5031 3781 5104">
    <p class='ocr_par' dir='ltr' id='par_1_107' title="bbox 2196 5031 3781 5104">
     <span class='ocr_line' id='line_1_108' title="bbox 2196 5031 3781 5104; baseline -0.006 -15"><span class='ocrx_word' id='word_1_719' title='bbox 2196 5044 2621 5098; x_wconf 84' lang='lat' dir='ltr'><strong>monstraretur;</strong></span> <span class='ocrx_word' id='word_1_720' title='bbox 2647 5043 2704 5088; x_wconf 88' lang='lat' dir='ltr'><strong>et</strong></span> <span class='ocrx_word' id='word_1_721' title='bbox 2725 5034 3001 5104; x_wconf 84' lang='lat' dir='ltr'><strong>quiddam,</strong></span> <span class='ocrx_word' id='word_1_722' title='bbox 3035 5032 3174 5100; x_wconf 87' lang='lat' dir='ltr'><strong>quod</strong></span> <span class='ocrx_word' id='word_1_723' title='bbox 3206 5031 3384 5084; x_wconf 85' lang='lat' dir='ltr'><strong>adhuc</strong></span> <span class='ocrx_word' id='word_1_724' title='bbox 3420 5037 3566 5098; x_wconf 90' lang='lat' dir='ltr'><strong>opto,</strong></span> <span class='ocrx_word' id='word_1_725' title='bbox 3589 5040 3781 5099; x_wconf 74' lang='lat' dir='ltr'><strong>Optan—</strong></span> 
     </span>
    </p>
   </div>
   <div class='ocr_carea' id='block_1_108' title="bbox 2192 5120 3779 5196">
    <p class='ocr_par' dir='ltr' id='par_1_108' title="bbox 2192 5120 3779 5196">
     <span class='ocr_line' id='line_1_109' title="bbox 2192 5120 3779 5196; baseline -0.006 -16"><span class='ocrx_word' id='word_1_726' title='bbox 2192 5126 2260 5180; x_wconf 92' lang='lat' dir='ltr'><strong>do</strong></span> <span class='ocrx_word' id='word_1_727' title='bbox 2282 5142 2396 5193; x_wconf 90' lang='lat' dir='ltr'><strong>oro,</strong></span> <span class='ocrx_word' id='word_1_728' title='bbox 2430 5128 2634 5181; x_wconf 89' lang='lat' dir='ltr'><strong>orando</strong></span> <span class='ocrx_word' id='word_1_729' title='bbox 2660 5136 2935 5196; x_wconf 79' lang='lat' dir='ltr'><strong>exspecto,</strong></span> <span class='ocrx_word' id='word_1_730' title='bbox 2969 5144 2996 5179; x_wconf 89' lang='lat' dir='ltr'><strong>a</strong></span> <span class='ocrx_word' id='word_1_731' title='bbox 3028 5125 3177 5178; x_wconf 88' lang='lat' dir='ltr'><strong>vobis</strong></span> <span class='ocrx_word' id='word_1_732' title='bbox 3204 5124 3332 5175; x_wconf 88' lang='lat' dir='ltr'><strong>mihi</strong></span> <span class='ocrx_word' id='word_1_733' title='bbox 3354 5120 3779 5190; x_wconf 88' lang='lat' dir='ltr'><strong>promitteretnr.</strong></span> 
     </span>
    </p>
   </div>
   <div class='ocr_carea' id='block_1_109' title="bbox 2193 5212 3783 5288">
    <p class='ocr_par' dir='ltr' id='par_1_109' title="bbox 2193 5212 3783 5288">
     <span class='ocr_line' id='line_1_110' title="bbox 2193 5212 3783 5288; baseline -0.006 -18"><span class='ocrx_word' id='word_1_734' title='bbox 2193 5217 2305 5272; x_wconf 87' lang='lat' dir='ltr'><strong>Hoc</strong></span> <span class='ocrx_word' id='word_1_735' title='bbox 2324 5227 2426 5283; x_wconf 86' lang='lat' dir='ltr'><strong>est,</strong></span> <span class='ocrx_word' id='word_1_736' title='bbox 2455 5220 2579 5288; x_wconf 86' lang='lat' dir='ltr'><strong>quia</strong></span> <span class='ocrx_word' id='word_1_737' title='bbox 2629 5219 2673 5273; x_wconf 87' lang='lat' dir='ltr'><strong>si</strong></span> <span class='ocrx_word' id='word_1_738' title='bbox 2704 5220 2921 5287; x_wconf 77' lang='lat' dir='ltr'><strong>quando</strong></span> <span class='ocrx_word' id='word_1_739' title='bbox 2972 5215 3206 5273; x_wconf 77' lang='lat' dir='ltr'><strong>rtelestis</strong></span> <span class='ocrx_word' id='word_1_740' title='bbox 3256 5213 3530 5267; x_wconf 84' lang='lat' dir='ltr'><strong>felicitatis</strong></span> <span class='ocrx_word' id='word_1_741' title='bbox 3574 5212 3783 5264; x_wconf 70' lang='lat' dir='ltr'><strong>desiie-</strong></span> 
     </span>
    </p>
   </div>
   <div class='ocr_carea' id='block_1_110' title="bbox 1795 5354 2462 5411">
    <p class='ocr_par' dir='ltr' id='par_1_110' title="bbox 1795 5354 2462 5411">
     <span class='ocr_line' id='line_1_111' title="bbox 1795 5354 2462 5411; baseline 0.003 -2"><span class='ocrx_word' id='word_1_742' title='bbox 1795 5354 2025 5410; x_wconf 73' lang='lat' dir='ltr'><strong>VARIrE</strong></span> <span class='ocrx_word' id='word_1_743' title='bbox 2066 5354 2462 5411; x_wconf 70' lang='lat' dir='ltr'><strong>LECTIONES.</strong></span> 
     </span>
    </p>
   </div>
   <div class='ocr_carea' id='block_1_111' title="bbox 586 5464 3042 5523">
    <p class='ocr_par' dir='ltr' id='par_1_111' title="bbox 586 5464 3042 5523">
     <span class='ocr_line' id='line_1_112' title="bbox 586 5464 3042 5523; baseline 0.001 -7"><span class='ocrx_word' id='word_1_744' title='bbox 586 5465 650 5494; x_wconf 75' lang='grc'><strong>⁸⁸⁵</strong></span> <span class='ocrx_word' id='word_1_745' title='bbox 694 5464 823 5516; x_wconf 77' lang='lat' dir='ltr'><strong>Cum</strong></span> <span class='ocrx_word' id='word_1_746' title='bbox 859 5466 1033 5518; x_wconf 81' lang='lat' dir='ltr'><strong>eodem</strong></span> <span class='ocrx_word' id='word_1_747' title='bbox 1064 5481 1160 5519; x_wconf 82' lang='lat' dir='ltr'><strong>ms.</strong></span> <span class='ocrx_word' id='word_1_748' title='bbox 1206 5466 1396 5519; x_wconf 81' lang='lat' dir='ltr'><strong>collata</strong></span> <span class='ocrx_word' id='word_1_749' title='bbox 1473 5468 1537 5501; x_wconf 76' lang='lat'><strong>“&#39;</strong></span> <span class='ocrx_word' id='word_1_750' title='bbox 1589 5468 1882 5521; x_wconf 88' lang='lat' dir='ltr'><strong>Dilectiore</strong></span> <span class='ocrx_word' id='word_1_751' title='bbox 1920 5484 2018 5521; x_wconf 79' lang='lat' dir='ltr'><strong>ms.</strong></span> <span class='ocrx_word' id='word_1_752' title='bbox 2059 5466 2318 5523; x_wconf 85' lang='lat' dir='ltr'><strong>dilectore</strong></span> <span class='ocrx_word' id='word_1_753' title='bbox 2390 5468 2457 5499; x_wconf 77' lang='grc'><strong>⁸⁸⁸</strong></span> <span class='ocrx_word' id='word_1_754' title='bbox 2483 5467 2614 5522; x_wconf 81' lang='lat' dir='ltr'><strong>Cum</strong></span> <span class='ocrx_word' id='word_1_755' title='bbox 2641 5470 2823 5523; x_wconf 79' lang='lat' dir='ltr'><strong>iisdem</strong></span> <span class='ocrx_word' id='word_1_756' title='bbox 2850 5467 3042 5521; x_wconf 76' lang='lat' dir='ltr'><strong>collum</strong></span> 
     </span>
    </p>
   </div>
   <div class='ocr_carea' id='block_1_112' title="bbox 1692 5574 2549 5635">
    <p class='ocr_par' dir='ltr' id='par_1_112' title="bbox 1692 5574 2549 5635">
     <span class='ocr_line' id='line_1_113' title="bbox 1692 5574 2549 5635; baseline 0 0"><span class='ocrx_word' id='word_1_757' title='bbox 1692 5580 1970 5635; x_wconf 77' lang='lat' dir='ltr'><strong>JO.\NNIS</strong></span> <span class='ocrx_word' id='word_1_758' title='bbox 2013 5580 2277 5634; x_wconf 75' lang='lat' dir='ltr'><strong>IICMIDI</strong></span> <span class='ocrx_word' id='word_1_759' title='bbox 2322 5574 2549 5635; x_wconf 62' lang='grc' dir='ltr'><strong>ΝΟΤᾸΞέ</strong></span> 
     </span>
    </p>
   </div>
   <div class='ocr_carea' id='block_1_113' title="bbox 586 5669 1504 5740">
    <p class='ocr_par' dir='ltr' id='par_1_113' title="bbox 586 5669 1504 5740">
     <span class='ocr_line' id='line_1_114' title="bbox 586 5669 1504 5740; baseline 0 -16"><span class='ocrx_word' id='word_1_760' title='bbox 586 5671 661 5740; x_wconf 68' lang='lat' dir='ltr'><strong>t3)</strong></span> <span class='ocrx_word' id='word_1_761' title='bbox 688 5669 879 5724; x_wconf 71' lang='lat' dir='ltr'><strong>Eadem</strong></span> <span class='ocrx_word' id='word_1_762' title='bbox 905 5674 954 5724; x_wconf 83' lang='lat' dir='ltr'><strong>in</strong></span> <span class='ocrx_word' id='word_1_763' title='bbox 988 5672 1199 5735; x_wconf 64' lang='lat' dir='ltr'><strong>epistola</strong></span> <span class='ocrx_word' id='word_1_764' title='bbox 1228 5672 1285 5739; x_wconf 74' lang='grc'><strong>2,</strong></span> <span class='ocrx_word' id='word_1_765' title='bbox 1325 5690 1504 5733; x_wconf 76' lang='lat' dir='ltr'><strong>supra.</strong></span> 
     </span>
    </p>
   </div>
  </div>
