4214 6222
570 153 710 208 ὶθῧὸ

1139 150 1193 206 s.
1225 149 1521 212 ANSELMI
1561 151 1906 239 cas-Tuan.
1935 152 2249 210 AltClllEl‘.
2292 157 2440 212 ora.
2475 160 2652 214 mus
2690 161 2773 215 lll.
2817 193 2881 202 -κ
2923 163 3304 224 EPISTULA}.
3389 230 3414 239 Β
3546 167 3630 202 ν

3684 179 3820 236 1036

3389 230 3424 250 κ

565 283 664 320 nos
687 265 960 336 regionum
984 263 1269 319 diversitas
1300 266 1557 320 distineat
1580 257 1669 332 η’,
1696 267 1763 320 de
1799 266 2008 320 dualms
2063 277 2143 320 ιη-
2171 275 2214 332 Α
2247 284 2478 337 arguere
2499 288 2603 325 non
2633 249 2850 338 cessat;
2891 285 2968 342 ut,
3007 279 3133 332 dum
3181 278 3252 335 illi
3301 285 3582 351 persuadet
3612 286 3824 358 incepto

566 372 689 410 men
717 356 997 409 animabus
1023 355 1224 410 nostris
1250 356 1490 411 charitas
1512 354 1672 410 unam
1688 357 1957 410 conficiat.
1990 356 2140 411 Unde

564 447 625 500 lit
650 454 708 498 ut
727 445 918 498 animm
945 453 1141 500 nostrae
1167 454 1224 500 et
1248 447 1536 502 dilectione
1571 447 1636 478 ¹¹⁰
1665 455 1964 514 praesentes
2020 462 2142 502 sese

561 535 958 602 amplectantur
1008 536 1095 600 ¹¹¹,
1151 545 1206 590 et
1263 537 1674 592 conversatione
1717 535 1970 589 absentes
2018 551 2139 590 sese

558 624 884 679 desiderent.
913 624 1018 680 Sed
1055 627 1216 697 322
1255 635 1620 680 consummata
1653 624 1810 693 hujus
1831 627 1954 678 vita!
1982 608 2136 694 perc.-

557 715 882 784 grinatione,
929 717 1038 771 Deo
1077 719 1364 787 adjuvante
1395 719 1486 780 η’,
1537 717 1601 769 ad
1637 731 1798 784 quem
1846 718 2134 781 tendimus,

556 815 612 860 et
638 805 692 860 in
721 821 825 861 suo
843 821 1142 874 speramus,
1176 808 1228 860 in
1260 807 1434 876 patria
1463 807 1530 859 ad
1554 821 1714 875 quam
1769 808 2134 877 suspiramns,

556 896 711 965 quasi
743 897 969 952 diversis
998 897 1280 950 itineribus
1309 897 1692 951 eonveuiemus
1713 897 1802 950 "3.
1856 897 1956 952 Ubi
1987 907 2136 951 tanto

556 987 947 1048 vehementius,
991 987 1098 1038 Deo
1126 995 1418 1051 annuente,
1455 986 1522 1042 de
1553 987 1782 1042 invicem
1828 988 2135 1055 congaude-

557 1077 752 1137 himus,
779 1086 982 1144 quanto
1010 1092 1150 1130 nunc
1181 1077 1248 1132 de
1278 1078 1433 1132 nobis
1456 1077 1692 1150 divinam
1721 1079 2127 1148 dispositionem

554 1164 845 1233 patientius
897 1166 1327 1221 toleraverimus.
1388 1167 1610 1222 Interim
1658 1176 1836 1220 tamen
1877 1168 2130 1235 quoniam

537 1258 730 1314 'facere
757 1259 898 1328 quod
927 1260 1244 1314 charitatem
1279 1269 1501 1314 renovat
1527 1268 1582 1312 et
1625 1259 1890 1323 accendit,
1923 1272 2028 1311 non
2051 1267 2134 1312 est

553 1350 644 1404 Dei
672 1349 1027 1418 dispositione
1065 1352 1247 1415 reniti,
1279 1350 1371 1404 sed
1425 1348 1674 1414 obedire,
1722 1350 1977 1404 debemus
2036 1365 2132 1404 nos

550 1441 633 1494 vel
661 1441 861 1496 mutuis
887 1442 1324 1505 salutationibus,
1352 1455 1474 1494 cum
1507 1439 1652 1505 licet,
1677 1442 1930 1495 revisere.
1979 1427 2152 1507 Quod.

551 1545 673 1582 eum
708 1530 966 1584 hactenus
993 1529 1044 1581 in
1076 1531 1178 1583 hac
1205 1529 1435 1600 epistola
1462 1544 1547 1582 me
1573 1528 1954 1598 fecisse‘possit
1981 1529 2128 1583 Sulli—

2246 361 2334 414 Dei
2369 361 2627 417 benelicio
2653 365 3206 435 ingratum'existere,
3235 372 3382 440 justo
3402 373 3607 441 judicio
3630 394 3728 434 nec
3753 383 3823 435 ad

2241 451 2460 504 meliora
2481 452 2753 520 proficiat,
2787 471 2885 509 nec
2912 457 3051 525 quod
3083 462 3292 530 accepit
3323 473 3529 532 teneat,
3555 475 3644 521 aut
3675 469 3725 521 in
3753 484 3822 523 eo

2243 536 2504 590 itmtiliter
2527 540 2798 606 persistat.
2832 543 3037 613 Quippe
3059 545 3184 599 dum
3229 536 3562 607 incessmtter
3588 554 3825 610 laborio-

2239 625 2313 678 sis
2334 627 2750 695 cogitationibus
2779 633 2843 684 de
2884 635 3139 689 inritando
3167 635 3308 698 loco.
3339 651 3432 693 aut
3458 643 3524 674 ¹⁹⁸
3551 644 3596 697 si
3621 649 3819 701 mutari

2238 729 2341 766 non
2371 713 2533 776 valet,
2560 717 2750 769 saltem
2775 719 2843 771 de
2892 722 3248 791 improbando
3293 726 3450 780 initio
3504 733 3818 795 meditatur.

2239 818 2508 873 runnquatn
2560 806 2624 858 ad
2681 807 2838 860 finem
2899 812 3248 878 perfectionis
3294 819 3515 882 tendere
3569 833 3816 878 conatur.

2238 893 2390 957 Nam,
2425 896 2679 963 quoniam
2713 897 2786 950 illi
2821 899 3232 960 l‘umlamentum
3284 911 3424 976 quod
3480 915 3677 980 posuit,
3709 915 3820 968 dis-
3864 911 3871 917 ’

2237 982 2419 1050 plicet,
2438 984 2744 1039 nullatenus
2763 987 2833 1042 illi
2855 999 3182 1048 structuram
3209 998 3361 1050 home
3380 1001 3498 1055 vita:
3528 1007 3816 1069 superauli-

2236 1071 2398 1127 licare
2441 1073 2586 1129 libet.
2625 1075 2776 1132 Unde
2813 1079 2871 1132 lit
2917 1091 2995 1145 ut,
3029 1089 3478 1150 quemadmOdum
3506 1094 3812 1157 arbuscula,

2234 1164 2276 1217 si
2303 1179 2444 1234 saepe
2468 1167 2889 1236 transplametur
2919 1181 3009 1225 aut
3037 1189 3205 1243 nuper
3232 1177 3471 1245 plantata
3518 1183 3592 1240 in.
3621 1186 3813 1238 eodem

2234 1254 2352 1308 loco
2411 1258 2602 1311 crebra
2663 1262 3012 1316 convulsione
3063 1265 3426 1339 inquietetur,
3475 1287 3813 1343 nequaquam

2233 1346 2479 1399 radicare
2498 1348 2700 1411 valens,
2726 1351 3030 1404 ariditatem
3055 1354 3164 1407 cito
3188 1357 3434 1422 attrahit,
3467 1375 3569 1414 nec
3611 1364 3675 1412 ad
3717 1363 3764 1414 al
3792 1392 3817 1403 -

2231 1450 2392 1504 quam
2431 1435 2636 1491 fruetus
2661 1437 2992 1494 fertilitatem
3020 1447 3268 1510 pervenit
3315 1449 3426 1515 (ω)
3459 1465 3473 1501 :
3506 1451 3585 1504 sic
3629 1453 3810 1507 infelix

2236 1527 2551 1592 monachus,
2576 1531 2619 1584 si
2647 1530 2843 1600 smpius
2863 1533 2926 1586 de
2949 1533 3066 1587 loco
3096 1537 3164 1589 ad
3186 1535 3362 1591 locum
3404 1543 3625 1611 proprio
3650 1559 3814 1612 appe-

549 1633 697 1682 cere,
721 1619 920 1686 aliquid
955 1629 1131 1672 tamen
1159 1628 1357 1672 nostrae
1382 1617 1788 1684 admonitionis,
1835 1634 1998 1686 quam
2035 1618 2126 1671 tibi
2165 1625 2203 1682 Β
2237 1615 2334 1667 titu
2362 1625 2618 1681 mutatur,
2646 1629 2737 1672 aut
2767 1619 2817 1682 in
2848 1635 2956 1673 uno
2981 1637 3305 1690 permanens
3348 1627 3664 1697 frequenter
3689 1633 3812 1698 ejus

550 1724 767 1779 semper
787 1709 997 1764 dulcem
1026 1709 1173 1773 fecit,
1199 1725 1304 1762 non
1339 1723 1456 1764 mea
1491 1707 1734 1773 fatuitas,
1766 1708 1862 1761 sed
1900 1708 1974 1762 tui
2001 1708 2131 1774 cha-

549 1798 793 1864 ritas‘ﬁ,
820 1799 1054 1853 instante
1081 1797 1306 1851 Domino
1335 1804 1390 1852 et
1420 1797 1910 1867 communiudstro
1954 1794 2129 1849 amico

549 1887 763 1944 Ursone
786 1889 874 1954 ιη,
907 1904 1070 1958 cogor
1091 1887 1381 1954 subjicere.
1408 1885 1562 1950 Nam,
1590 1886 1802 1940 etiamsi
1854 1885 1985 1939 nihil
2030 1885 2124 1939 tibi

549 1980 730 2034 dicere
755 1979 954 2050 possim
991 1981 1134 2049 quod
1159 1980 1394 2050 ignores,
1423 1978 1541 2047 plus
1564 1987 1742 2032 tamen
1767 1968 1991 2031 hzerebit
2022 1991 2130 2037 me-

551 2071 917 2139 moriae,an
941 2085 970 2123 a
995 2069 1192 2124 dilecto
1212 2068 1467 2123 dilectore
1512 2067 1714 2120 dictum
1752 2066 2012 2133 suseipies
2041 2065 2128 2117 ¹⁸⁸.

511 2175 524 2188 '
550 2162 829 2231 Ingressus
857 2176 932 2226 es,
958 2159 1301 2223 cbarissime,
1337 2156 1720 2228 professusque
1743 2155 1943 2210 Christi
1992 2155 2131 2207 mili-

552 2252 701 2316 tiam,
731 2256 784 2304 in
834 2265 938 2320 qua
983 2264 1089 2304 non
1126 2248 1298 2303 solum
1346 2258 1533 2317 aperte
1589 2245 1904 2300 obsistentis
1961 2245 2129 2298 hostis

547 2341 798 2396 violentia
823 2349 908 2396 est
930 2339 1295 2409 propellenda,
1320 2340 1412 2394 sed
1440 2338 1601 2392 etiam
1626 2337 1778 2407 quasi
1799 2335 2128 2396 consulentis

547 2434 743 2487 astutia
773 2433 1033 2487 cavemla.
1068 2419 1479 2501 Saape‘namque
1509 2429 1635 2482 dum
1665 2428 1895 2481 tironem
1923 2425 2123 2480 Chriin

548 2522 771 2578 vulnere
794 2523 946 2576 malae
969 2521 1258 2576 voluntatis
1286 2529 1470 2588 aperte
1516 2517 1807 2578 malevolus
1834 2531 1938 2569 non
1987 2515 2158 2596 valet,“

548 2621 837 2690 perimere,
870 2620 1138 2674 sitientem
1161 2633 1282 2672 eum
1316 2615 1505 2684 poculo
1531 2615 1596 2645 ¹²⁷
1653 2627 1933 2668 venenosa:
1964 2611 2126 2664 ratio-

550 2712 636 2766 nis
661 2710 919 2765 malevole
947 2709 1170 2764 callidus
1224 2717 1394 2760 tentat
1428 2705 1790 2772 exstinguere.
1820 2700 1974 2765 Nam,
2005 2715 2124 2754 cum

549 2798 869 2853 monachum
902 2798 1084 2866 nequit
1108 2796 1338 2850 obruere
1366 2796 1488 2848 vitae
1519 2807 1679 2860 quam
1729 2777 2002 2860 professus
2045 2796 2126 2842 est

547 2889 707 2952 odio.
733 2889 927 2944 nititur
947 2902 1068 2942 eum
1094 2883 1543 2945 conversationis,
1601 2883 1651 2935 iu
1685 2896 1788 2950 qua
1840 2887 1942 2941 est,
1996 2880 2125 2933 snb~

2233 1704 2357 1758 odio
2380 1706 2708 1770 concutitur,
2740 1724 3002 1778 nusquam
3044 1713 3244 1769 amoris
3289 1717 3564 1774 stabilitus
3615 1719 3811 1788 radici-

2233 1795 2349 1855 bus,
2376 1796 2442 1848 ad
2473 1812 2634 1849 omne
2657 1799 2786 1852 utile
2829 1803 3145 1856 exercitium
3203 1804 3524 1876 languescit,
3574 1820 3631 1866 et
3663 1815 3810 1868 nulla

2231 1879 2492 1935 bonorum
2524 1897 2744 1951 operum
2777 1888 3020 1943 ubertate
3047 1891 3281 1946 ditescit.
3319 1893 3562 1965 Cumque
3604 1914 3663 1954 se
3710 1917 3809 1956 ne-

2230 1987 2498 2042 quaquam
2532 1977 2596 2028 ad
2634 1976 2852 2040 boruun,
2911 1980 3003 2031 sed
3061 1981 3112 2032 in
3169 1983 3367 2035 malum
3420 1987 3706 2054 prolicere,
3760 1991 3806 2044 si

2227 2061 2370 2116 forte
2399 2065 2499 2118 hoc
2537 2066 2814 2132 t'ccogilal.
2841 2070 3160 2136 perpendit;
3192 2085 3545 2129 omnemsua:
3575 2079 3811 2132 miseriae

2230 2168 2446 2206 causam
2475 2169 2578 2206 non
2612 2155 2663 2207 in
2687 2156 2820 2221 suis,
2847 2160 2936 2210 sed
2987 2160 3052 2188 “9
3088 2161 3317 2215 aliorum
3377 2166 3618 2220 moribus
3667 2167 3811 2236 inju-

2230 2257 2347 2299 stus
2375 2245 2624 2310 intendit,
2654 2257 2812 2316 atque
2845 2250 2966 2301 inde
2991 2267 3048 2301 se
3073 2253 3241 2321 magis
3266 2255 3334 2308 ad
3372 2256 3555 2310 odium
3618 2273 3808 2313 eorum

2231 2335 2371 2386 inter
2394 2347 2531 2401 quos
2560 2335 2628 2365 ’³ο
2657 2347 3026 2399 conversatur,
3057 2338 3341 2395 infeliciter
3366 2346 3636 2398 accendit.

2299 2428 2654 2492 Quapropter,
2697 2428 3004 2494 quicumque
3056 2432 3450 2487 emnobitarum
3495 2435 3607 2505 (15)
3665 2435 3807 2489 forte

2229 2517 2556 2584 propositum
2589 2518 2919 2586 aggreditur,
2949 2519 3172 2584 expedit
3225 2521 3276 2575 ei
3308 2532 3368 2576 ut
3399 2524 3452 2576 in
3479 2539 3806 2592 quocunque

2232 2607 2560 2674 monasterio
2588 2605 2862 2675 professus
2908 2608 3089 2677 fuerit,
3133 2612 3236 2665 nisi
3270 2611 3378 2668 tale
3420 2613 3583 2669 fuerit
3624 2625 3682 2668 ut
3729 2618 3802 2670 ibi

2233 2696 2430 2750 malum
2449 2697 2646 2750 invitus
2671 2695 2848 2752 facere
2863 2710 3106 2769 cogatur,
3146 2713 3253 2755 tota
3287 2705 3480 2758 mentis
3505 2706 3805 2761 intentiore

2183 2788 2188 2797 ‘
2231 2786 2431 2838 :nnoris
2464 2783 2734 2838 radicibus
2761 2787 2828 2840 ibi
2864 2789 3360 2855 radicarestudeat,
3395 2794 3803 2862 atquealiormn

2231 2895 2409 2933 mores
2439 2893 2534 2935 aut
2558 2882 2657 2936 loci
2680 2882 3116 2944 consuetudines,
3163 2883 3206 2936 si
3234 2893 3421 2937 contra
3451 2885 3628 2938 divina
3659 2902 3756 2955 pra
3777 2914 3804 2926 ο

548 2995 707 3034 ruere
733 2978 969 3033 fastidio.
997 2977 1062 3030 Et
1097 2977 1223 3030 licet
1251 2973 1324 3028 illi
1371 2972 1746 3026 monachicum
1791 2968 2120 3048 propositum
2151 2957 2194 3018 C
2227 2981 2380 3039 cepta
2401 2986 2508 3026 non
2532 2982 2680 3038 sunt,
2707 2974 2916 3026 etiamsi
2943 2974 3156 3027 inutiles
3197 2976 3476 3062 videantur
3527 2978 3618 3040 '“,
3666 2978 3805 3044 diju-

548 3071 836 3134 teuendum
866 3070 1018 3139 quasi
1042 3069 1333 3132 concedat,
1374 3076 1552 3120 tamen
1585 3064 1707 3133 quia
1741 3065 1842 3117 hoc
1873 3049 1972 3117 sub
2001 3061 2123 3114 tali-

553 3165 653 3216 bus
675 3171 767 3216 aut
799 3163 942 3216 inter
989 3161 1144 3226 tales,
1182 3159 1350 3212 autin
1394 3173 1459 3226 eo
1511 3157 1628 3211 loco
1687 3155 1928 3223 incmpit,
1975 3154 2138 3207 illum.

545 3253 766 3306 stultum
793 3252 950 3305 nimis
975 3249 1474 3319 imprudentemque
1499 3247 1745 3299 multimo
1767 3246 1832 3299 lis
1869 3244 2121 3360 versutii\s

2230 3063 2411 3116 dicare
2439 3065 2687 3132 refugiat.
2746 3064 2981 3118 Gaudeat
3018 3081 3074 3119 se
3097 3065 3210 3134 jam
3245 3069 3460 3120 tandem
3505 3071 3802 3131 invenisse,

2228 3151 2316 3204 ubi
2348 3143 2420 3205 se.
2448 3167 2552 3206 non
2585 3155 2812 3208 invitum
2844 3155 2934 3208 sed
2968 3155 3327 3210 voluntarium
3361 3155 3469 3211 tota
3496 3159 3601 3212 vita
3648 3176 3804 3212 mat;—

2232 3259 2448 3314 surum,
2496 3247 2642 3298 omni
2689 3248 3109 3315 transmigrandi
3151 3248 3506 3304 sollicitudine
3552 3252 3804 3320 propulsa

1839 3359 2066 3432 varum
2111 3374 2508 3430 caenosas.

547 3517 549 3519 ι
620 3477 688 3508 ¹¹⁹
716 3477 964 3531 Detineat
998 3491 1096 3528 nts.
1131 3473 1220 3526 20.
1268 3475 1322 3526 in
1352 3473 1555 3525 duobus
1600 3469 2004 3536 exemplaribus,
2046 3466 2313 3521 destiueat
2341 3481 2438 3536 ms.
2471 3464 2555 3518 18.
2600 3465 2891 3535 distinguat
2922 3482 3025 3536 ima.
3074 3466 3196 3520 Lov.

1568 3543 1630 3572 ¹²¹
1676 3533 2083 3607 Atnpleeteatur
2121 3551 2244 3607 mss.
2290 3533 2691 3607 atnpleeta_ntur

546 3564 645 3600 rus.
681 3547 765 3600 18.
798 3555 845 3597 ει
892 3544 1016 3598 Lov.
1049 3546 1105 3597 in
1154 3543 1456 3596 dilectimnc

552 3619 664 3669 I’ic.
700 3616 789 3686 illo
819 3615 1105 3682 adjuvante
1180 3613 1248 3644 ¹’³
1289 3611 1681 3686 convenit-ututs
1718 3605 1817 3686 uti.
1848 3608 1934 3661 18.
1961 3605 2345 3686 [’ﬁt‘Y‘CIIlClnllS
2440 3605 2508 3634 ⁸³⁸
2534 3605 2644 3656 Tua
2669 3605 3036 3686 charitasmts.

1977 3676 2046 3706 ¹¹⁶
2080 3673 2415 3748 Suspiciens.
2459 3690 2589 3748 mss.
2620 3685 2670 3748 et
2711 3674 3096 3748 Edit._l’icardi
3132 3686 3181 3728 et
3207 3675 3321 3748 Col.
3348 3679 3505 3742 1573,
3535 3683 3804 3748 suscipies

545 3701 675 3740 sooe
704 3679 802 3738 iiut.
825 3678 915 3738 ﬁt}.
963 3685 1097 3739 Urso
1139 3699 1236 3736 ms.
1281 3681 1370 3736 l8.
1398 3692 1444 3733 et
1475 3681 1599 3732 Lor.
1639 3678 1866 3734 Ursione

3299 3471 3364 3500 "°
3423 3467 3486 3525 Et
3514 3473 3807 3542 dilectione

2801 3537 2867 3567 ¹²²
2916 3535 3022 3589 Deo
3060 3536 3343 3601 adjuvantc
3389 3558 3516 3596 mu.
3559 3553 3605 3596 et
3647 3535 3798 3601 Edit.

2440 3603 2508 3634 ¹¹⁸
2534 3603 2644 3656 Tua
2669 3605 2905 3658 Charitas
2939 3622 3036 3658 ms.
3064 3607 3148 3659 18.
3183 3608 3255 3658 tui
3289 3609 3522 3664 rharitas
3609 3613 3678 3644 "'
3703 3613 3808 3666 Ur-

543 3772 643 3808 ms.
686 3752 808 3808 Lov.
887 3754 952 3787 ""
1005 3753 1207 3822 Populo
1255 3769 1380 3805 mss.
1422 3749 1660 3822 allidit.
1714 3745 1932 3822 Picardi
1957 3745 2294 3822 populonam.
2324 3741 2446 3822 ρον.
2525 3744 2591 3822 ’ξ’
2615 3741 2997 3822 blutaudo'aut
3033 3741 3723 3822 inAu‘noAlpixempl.nts.20.
3754 3766 3804 3805 et

547 3841 652 3874 ms.
685 3823 806 3875 Lov.
838 3825 1090 3876 mutando
1122 3822 1237 3875 loco
1269 3829 1360 3873 aut

549 3908 675 3943 mss.
722 3893 903 3945 odiutn
932 3907 1121 3947 eorum
1169 3893 1307 3943 inter
1337 3903 1517 3956 quos.
1566 3887 1814 3939 arcendit
1855 3900 1955 3936 ms.
1989 3881 2112 3934 Lov.

551 3962 837 4014 videantur

1471 3819 1536 3849 ¹²¹³
1565 3817 1676 3869 Non
1708 3817 1841 3877 suis,
1874 3811 1980 3868 scel
2001 3811 2099 3866 ms.
2132 3812 2215 3865 18.
2252 3822 2297 3863 et
2331 3811 2451 3864 Lov.
2481 3814 2577 3865 sed
2615 3815 2666 3866 in
2716 3813 2855 3873 suis.
2880 3813 2979 3866 'sed

2217 3882 2280 3910 ¹³¹
2330 3881 2593 3934 lnutiliter
2631 3883 2914 3934 videantur
2942 3898 3064 3935 mss.
3099 3894 3144 3936 et
3175 3885 3320 3938 Edit.
3344 3884 3530 3942 Colon.
3579 3881 3808 3945 inutiles

3091 3815 3161 3846 ¹³⁰
3187 3815 3589 3890 _(_)tliuu_t,_intcr
3618 3836 3804 3890 quos..

1715 4061 1994 4119 JOANNlS
2021 4062 2288 4116 PlCAl‘uill
2332 4061 2560 4116 ROT/E.

548 4185 836 4239 festivitate
866 4193 1066 4236 sanct:c
1095 4180 1273 4234 Marim
1303 4177 1446 4248 (qua:
1473 4173 2206 4248 AnuttntiutioDominica.D
2235 4173 2356 4224 vitm
2394 4173 2529 4248 rapti
2567 4172 2832 4248 desiderio
2851 4214 2866 4237 ,
2901 4172 3218 4248 plerumque
3245 4177 3311 4230 ad
3341 4177 3482 4232 aliud
3521 4186 3806 4239 transetmt

546 4254 764 4323 dicitur)
803 4253 1056 4318 majorem
1090 4243 1397 4323 missautjn
1427 4254 1691 4323 conventu
1713 4243 2031 4323 celebraret,
2075 4251 2129 4295 et

546 4314 796 4378 octavo'a
829 4314 1084 4391 priedieto
1115 4319 1286 4373 sancti
1310 4316 1583 4391 Benedicti
1615 4314 1840 4391 transitu
1872 4314 1961 4391 die
1982 4327 2125 4391 pra:-

548 4403 742 4448 ventus
792 4384 1124 4448 inﬁrmitate,
1168 4396 1360 4440 octavo
1408 4386 1628 4440 nihilom
1658 4399 1757 4436 nus
1791 4384 1877 4436 die
1918 4386 1983 4432 at»
2012 4384 2123 4434 An-

549 4462 884 4516 nuntiatione
921 4459 1194 4530 Dominica
1230 4457 1476 4530 migraret
1507 4455 1584 4530 ad
1608 4453 1902 4530 C‘ltristmn.
1952 4450 2120 4530 εἷος-ιαμ)

549 4532 710 4599 hujus
745 4530 982 4600 epistola:
1013 4520 1329 4600 nominatim
1362 4523 1605 4600 ruentinit
1633 4522 1920 4600 Anselnms
1953 4520 2120 4588 lfpist.

549 4592 651 4656 101
680 4603 746 4654 ad
778 4592 1142 4658 Cuarnermn,
1179 4597 1270 4648 lib.
1305 4611 1387 4648 III.
1425 4594 1720 4648 Eadmerus
1757 4592 1948 4645 bonam
1995 4604 2150 4657 par--

549 4683 654 4725 tem
705 4669 931 4724 adduxit
963 4669 1055 4720 lib.
1091 4681 1105 4719 l
1144 4666 1274 4719 Vita:
1315 4663 1553 4732 ejusdem
1585 4660 2002 4732 Anselnti,_cap.
2037 4658 2121 4710 15.

611 4741 730 4808 ιη)
773 4739 860 4794 Sic
894 4737 1090 4808 infelix
1124 4730 1428 4808 monachus.
1490 4732 1564 4786 Eo
1596 4749 1700 4786 non
1733 4730 1928 4783 insulse
1960 4733 2125 4795 respi-

551 4804 672 4863 t‘ct‘c
698 4804 908 4863 videtur
932 4809 1060 4861 illud
1082 4805 1254 4875 lyrici.

620 4900 715 4952 (Σιιί
741 4900 902 4967 placet
932 4899 1164 4960 alterius,
1194 4915 1290 4952 sua
1325 4896 1570 4968 nimirum
1605 4900 1675 4943 est
1702 4891 1821 4942 odio
1847 4905 1984 4968 sors.

625 4965 822 5042 Stultus
845 4980 1052 5042 uterque
1075 4970 1243 5021 locum
1273 4965 1864 5042 iittntet'ittthattsatur
1887 4965 2082 5024 imque.

623 5039 687 5090 lu
716 5037 868 5106 culpa
891 5032 1204 5100 est'animus,
1230 5039 1318 5106 qui
1343 5051 1395 5087 se
1419 5049 1520 5086 non
1552 5032 1732 5099 e/fugit
1760 5044 2011 5096 unquam.

1154 5131 1386 5201 (lloan.
1417 5127 1508 5180 lib.
1538 5141 1575 5190 l,
1608 5139 1747 5177 vers.
1774 5121 1940 5183 ll,l3
1969 5120 1987 5189 )

620 5223 731 5290 (l5)
774 5220 875 5285 Qui
918 5223 1278 5273 cmuobi'arum
1321 5220 1621 5290 aggreditur
1655 5216 1997 5290 propositum,
2032 5230 2121 5290 (1r-

550 5287 684 5362 pedit
712 5295 780 5354 ei,
805 5302 858 5342 ut
884 5293 936 5343 in
967 5308 1268 5361 quocunque
1310 5287 1620 5341 monasterio
1645 5289 1908 5355 professus
1939 5287 2118 5362 fuerit,

555 5355 650 5414 nisi
682 5363 783 5413 tale
810 5355 989 5427 fuerit,
1015 5371 1067 5412 ut
1092 5363 1159 5412 ibi
1186 5355 1384 5410 malum
1419 5362 1586 5424 furere
1618 5367 1855 5425 cogatur.
1883 5373 1938 5406 se
1971 5355 2118 5427 rudi-

555 5449 672 5483 rure
695 5425 915 5484 stud-eat.
954 5431 1126 5484 Locus
1160 5432 1600 5494 expressissinms
1630 5430 1695 5478 ad
1723 5425 2120 5478 conlirmumlos

555 5501 944 5569 quamplurima
1010 5499 1403 5555 cu'n'obilarmr.
1464 5498 1688 5559 animos,
1733 5497 1820 5564 qui
1886 5495 2118 5547 durioris

3508 4120 3530 4134 ο

2233 4243 2643 4315 monasterium,
2675 4243 2817 4295 unde
2845 4243 3003 4315 paulo
3032 4243 3170 4313 post,
3198 4249 3451 4315 quoniam
3486 4250 3638 4304 oneri
3675 4266 3811 4307 sunt

2231 4314 2484 4386 itttpares,
2519 4321 2783 4386 coguntur
2819 4312 2976 4386 exire
2999 4312 3104 4386 non
3134 4312 3258 4369 sine
3279 4312 3427 4386 gravi
3463 4333 3719 4386 mterore,
3751 4333 3807 4378 et

2227 4383 2440 4449 prandi,
2471 4383 2553 4434 cui
2586 4390 2842 4436 exeuntes
2873 4383 3219 4449 objiciuntur,
3259 4383 3568 4442 téntatiouis
3605 4383 3754 4444 diser
3775 4419 3805 4432 α

2229 4451 2390 4526 mine.
2421 4450 2865 4526 illagistet'_Atlatn
2895 4453 2959 4526 de
2989 4453 3192 4526 Sancto»
3214 4455 3444 4517 Victore,
3475 4457 3557 4509 vir
3579 4461 3753 4526 {equal
3780 4479 3810 4513 s

2231 4522 2460 4590 linguai,
2499 4520 2751 4582 lticardu,
2784 4530 2836 4572 et
2869 4521 2991 4573 aliis
3022 4524 3389 4590 compluribus
3418 4527 3583 4579 nostri
3617 4520 3809 4580 cinae-

2229 4591 2298 4641 hii
2332 4588 2579 4643 Palrihus
2627 4590 3062 4656 religiosissimis,
3118 4588 3170 4642 in
3219 4594 3429 4660 dialogo
3479 4595 3555 4646 De
3604 4595 3811 4650 insfriz-

2229 4661 2409 4712 (ιιὶυιιρ
2457 4660 2699 4725 discipuli
2749 4664 2929 4725 (quem
2958 4661 3280 4724 nuncupavit
3308 4663 3552 4715 l‘atrilms
3602 4667 3808 4719 nostris

2230 4729 2505 4781 ranonieis
2548 4727 2789 4779 eerlesiw
2834 4728 3306 4794 areliicpiseopolis
3342 4729 3526 4784 Sancti
3557 4732 3811 4789 Andrum:

2234 4794 2285 4872 in_
2313 4798 2515 4864 Seotia)
2547 4798 2881 4872 interrogans
2909 4797 3152 4872 eumdem
3174 4796 3287 4872 jam
3312 4800 3807 4872 (lt-juratzcreligios

2237 4867 2318 4918 uis
2349 4876 2690 4919 sat-ramento
2741 4865 2982 4935 ligatum,
3034 4866 3132 4917 hoc
3170 4868 3317 4918 audit
3362 4865 3806 4935 respondeutEnt.

2242 4955 2256 4984 ι
2292 4937 2428 5001 Quid
2469 4936 2510 4989 si
2545 4935 2763 5000 majoris
2810 4932 3153 5001 perfectionis
3194 4946 3245 4988 et
3277 4932 3544 5002 rigidioris
3593 4941 3808 4995 ordinis

2238 5005 2502 5058 desiderio
2539 5020 2798 5058 arcensus
2827 5004 2989 5055 vitam
3033 5020 3202 5057 meam
3251 5009 3559 5068 emendare,
3590 5017 3648 5062 et
3671 5025 3809 5064 eon-

2238 5076 2590 5146 verSationcm
2633 5089 2802 5146 meam
2847 5075 3309 5146 augercivoluero,
3339 5077 3598 5146 nunquid,
3627 5080 3718 5134 ubi
3751 5083 3808 5135 ἰιΙ

2239 5144 2450 5206 faciam,
2482 5145 2850 5211 transmigrem
2880 5145 3157 5196 consulis?

2305 5231 2320 5260 ι
2375 5214 2523 5266 Dect.
2564 5213 2720 5265 Certe
2761 5230 2862 5266 nou
2905 5216 3146 5267 consulo.

2305 5302 2320 5331 ε
2375 5283 2517 5335 Disc.
2561 5284 2780 5346 Quare?

2303 5371 2318 5400 ‹
2371 5352 2519 5404 Doct.
2564 5352 2825 5415 Priunnu,
2869 5353 2991 5420 quia
3033 5365 3331 5422 suspectam
3360 5355 3532 5410 habeo
3578 5357 3808 5413 inﬁrmi—

2230 5432 2390 5475 tatem
2428 5431 2595 5480 tuam,
2624 5423 2746 5488 quia
2777 5434 2929 5487 potes
2959 5423 3180 5477 sulferru
3208 5428 3450 5478 ordinem
3478 5427 3662 5490 istum,
3691 5445 3805 5482 non

2229 5501 2380 5559 potes
2398 5489 2660 5543 fortassis
2696 5492 2918 5545 sull'errc
2951 5493 3119 5547 illum.
3151 5496 3422 5560 Secundo,
3461 5499 3585 5564 quia
3637 5489 3808 5552 tinum

4083 5917 4106 5940 II.|

3913 5953 3930 5964 ο
3979 5955 3996 5968 ΙΙί
4023 5965 4038 5976 _.

3667 5989 3682 5996 ’
3729 5993 3748 6028 ἵ

3657 6069 3714 6096 «τ’
3761 6051 3768 6060 ⁸
