4214 6256
339 511 467 569 1101

336 725 479 778 sunt,
513 714 743 770 nondum
780 713 1002 767 meritus
1031 723 1200 781 optat,
1238 712 1500 778 patienter
1535 707 1724 761 toleret
1752 704 1885 759 divi-

259 821 265 828 ·
334 817 460 855 num
493 800 781 870 judicium,
811 800 948 870 quod
989 800 1076 852 ulli
1112 799 1308 866 aliquid
1348 797 1540 866 injuste
1581 810 1684 849 non
1725 792 1884 847 deneo

332 899 453 960 gat,
499 905 569 944 ne
608 905 703 959 per
738 872 1121 960 impatientiam
1153 887 1385 955 jndicem
1425 885 1627 954 justum
1663 897 1881 951 exaspe-

335 991 490 1036 rans,
534 984 800 1030 mereatur
843 975 982 1042 quod
1027 989 1131 1028 non
1170 975 1330 1028 habet
1370 989 1473 1027 non
1511 971 1788 1038 accipere,
1831 978 1882 1023 et

333 1065 473 1132 quod
506 1066 711 1132 accepit
743 1064 1007 1126 amittere,
1038 1071 1131 1115 aut
1159 1063 1296 1130 quod
1329 1077 1432 1115 non
1465 1069 1610 1114 amat
1641 1059 1728 1122 ²³⁵,
1767 1059 1885 1111 inn-

333 1153 499 1207 tiliter
533 1164 730 1208 tenere.
772 1151 875 1206 Seu
913 1167 1040 1206 vero
1066 1154 1136 1184 ⁸³⁸
1172 1152 1588 1207 misericordi-am
1621 1166 1710 1204 seu
1737 1148 1866 1216 judi-

331 1243 470 1294 cium
513 1256 640 1308 erga
685 1255 747 1295 se-
788 1241 840 1294 in
887 1241 1028 1305 illis,
1076 1257 1193 1309 qum
1239 1257 1342 1294 non
1385 1240 1543 1292 habet
1589 1247 1644 1292 et
1693 1246 1879 1307 optat,

331 1330 668 1398 persentiat;
725 1328 874 1384 lactus
922 1345 987 1382 ex
1045 1329 1128 1396 bis
1179 1345 1298 1398 quae
1354 1329 1598 1396 accepit,
1652 1327 1880 1397 largitati

330 1431 574 1485 superna:
609 1418 807 1488 gratias
841 1417 1028 1486 dignas
1067 1417 1350 1487 persolvat.
1392 1417 1456 1471 Et
1494 1419 1614 1484 quia
1647 1418 1712 1470 ad
1755 1432 1887 1485 qua-

294 1554 302 1561 ,
330 1507 648 1576 lemcunque
691 1518 899 1575 portum
931 1508 996 1562 de
1023 1508 1332 1577 procellosis
1364 1508 1545 1562 mundi
1583 1508 1886 1560 turbinibus

330 1596 506 1664 potuit
541 1596 873 1664 pertingere,
909 1607 1098 1651 caveat
1135 1599 1187 1651 in
1225 1599 1408 1667 portus
1447 1597 1881 1665 tranquillitatem

331 1695 544 1739 ventum
583 1687 811 1740 levitatis
836 1695 889 1742 et
922 1687 1263 1756 impatientia:
1303 1688 1562 1743 turbinem
1592 1688 1843 1742 inducere
1866 1705 1913 1741 ς·

333 1785 596 1843 quatenus
632 1793 781 1832 mens
828 1779 1122 1833 constantia
1168 1789 1221 1834 et
1262 1780 1668 1834 mansuetudine
1709 1788 1883 1833 tutan-

333 1863 475 1918 tibus
511 1864 719 1932 quieta,
763 1864 925 1919 divini
967 1867 1170 1920 timoris
1206 1867 1560 1920 sollicitudine
1589 1875 1643 1920 et
1679 1866 1882 1920 amoris

1595 506 1719 562 LIB.
1759 503 1800 569 Ι,
1834 497 2047 555 EPIST.
2089 499 2279 555 XXXI.

332 627 461 682 ciat.
495 623 551 680 Si
592 633 768 678 autem
809 638 936 677 vere
975 623 1189 679 meliora
1219 622 1352 686 illis,
1389 635 1507 689 qua:
1548 619 1599 673 in
1635 623 1880 688 promptu
1910 617 1959 676 Α

3400 496 3536 554 ηος

2445 608 2769 668 EPISTOLA
2803 607 2948 663 XXX
2990 607 3075 660 m.

2563 734 2628 773 AD
2667 733 2962 773 ARNULFUK.

1985 809 2217 864 Consulit
2247 825 2349 863 non
2379 810 2561 874 eligere
2592 809 2759 928 legum
2787 807 2875 928 :ibi
2903 807 3079 859 doceat
3098 848 3111 872 ,
3140 805 3228 860 sed
3263 805 3350 858 ubi
3375 795 3540 874 magis

2663 893 2783 928 acea
2809 893 2892 928 ur.

2663 893 2892 929 occatur.

2057 968 2279 1022 Domino
2313 976 2368 1022 et
2401 966 2552 1020 fratri
2588 965 2902 1020 eharissimo
2931 963 3201 1028 Animum,
3246 965 3420 1020 frater
3436 964 3540 1018 Au.

1985 1074 2202 1121 senatus,
2237 1058 2484 1112 salutem.
3102 1117 3108 1124 _

2052 1149 2204 1214 Quod
2245 1156 2417 1202 vestra
2445 1147 2577 1216 petit
2608 1148 2838 1201 fraterna
2865 1146 3109 1209 dilectio,
3139 1156 3197 1199 ut
3223 1145 3376 1199 simul
3406 1161 3544 1213 prte-

1983 1247 2162 1292 scntes
2210 1237 2431 1291 invicem
2479 1235 2868 1304 colloquamur,
2921 1251 3020 1305 ego
3067 1248 3281 1304 quoque
3318 1250 3379 1288 ex
3427 1249 3536 1303 quo

1986 1329 2222 1384 habitum
2253 1337 2450 1382 sancta:
2477 1327 2893 1381 conversationis
2918 1326 3219 1395 sumpsistis
3246 1325 3542 1379 desideravi

1985 1428 2038 1472 et
2068 1418 2314 1473 desidero
2344 1431 2360 1470 :
2390 1417 2480 1471 sed
2511 1415 2636 1484 quia
2676 1430 2824 1469 meus
2855 1430 2953 1469 nec
2986 1431 3104 1468 sum
3133 1429 3231 1468 nec
3258 1428 3376 1467 esse
3404 1412 3544 1478 volo,

1985 1508 2217 1561 nomium
2247 1507 2548 1560 communis
2586 1502 2832 1559 etl‘ectum
2876 1503 3122 1558 desiderii
3157 1505 3413 1575 consequi
3448 1519 3544 1574 po-

1986 1596 2058 1648 tui
2082 1637 2096 1660 ,
2129 1609 2226 1648 nec
2251 1594 2364 1648 scio
2393 1595 2436 1648 si
2464 1604 2668 1663 potero.
2701 1593 2944 1647 Breviter
2974 1593 3133 1662 igitur
3160 1610 3256 1662 pro
3292 1593 3548 1663 temporis

1984 1684 2264 1749 brevitate,
2291 1684 2481 1738 litteris
2503 1685 2569 1736 ad
2587 1687 2794 1757 eaquae
2818 1683 3112 1738 mandastis
3129 1687 3444 1754 respondeo.
3471 1687 3547 1742 De

1983 1773 2147 1828 fratre
2181 1774 2514 1828 adolescente
2555 1761 2694 1841 quod
2728 1774 2908 1843 petitis
2933 1813 2947 1837 ,
2985 1789 3082 1827 nec
3114 1775 3342 1828 doumus
3386 1775 3548 1830 abbas

1983 1879 2082 1917 nec
2105 1873 2286 1917 nostra
2310 1864 2654 1931 congregatio
2676 1863 3011 1926 concederet,
3043 1863 3142 1916 nisi
3168 1864 3315 1931 prius
3336 1861 3456 1932 ejus
3477 1863 3527 1917 vi
3550 1851 3555 1858 ’

333 1952 685 2008 delectatione
715 1954 785 2006 sit
824 1967 987 2007 vacua
1028 1955 1112 2007 ³³⁷.
1151 1953 1282 2008 Nam
1315 1955 1475 2008 timor
1506 1969 1602 2022 per
1631 1955 1888 2008 sollicitu-
1907 1943 1959 2028 Β
1989 1963 2095 2006 tam
2128 1953 2388 2006 diuturnae
2413 1953 2836 2007 conversationis
2866 1953 3234 2021 experimento
3265 1969 3550 2026 cognosce-

331 2038 510 2092 dinem
543 2039 804 2105 custodit,
844 2055 992 2094 amor
1036 2055 1161 2094 vero
1185 2055 1283 2109 per
1319 2041 1722 2095 delectationem
1761 2055 1884 2109 per-

243 2195 246 2202 ι
334 2128 446 2182 ficit
481 2129 566 2182 ¹³⁸.
607 2128 732 2183 Scio
770 2130 892 2197 quia
926 2131 1039 2184 lucc
1077 2131 1326 2198 majorem
1357 2140 1447 2186 aut
1489 2131 1756 2185 scribendi
1795 2139 1887 2185 aut

329 2219 663 2287 colloquendi
689 2221 920 2288 exigunt
949 2209 1369 2290 amplitudinem,
1399 2230 1456 2275 ut
1485 2218 1690 2291 plenius
1725 2220 1886 2275 intel-

332 2305 526 2377 ligatur
551 2309 763 2376 quibus,
793 2309 1017 2374 scilicet,
1046 2310 1181 2365 do'lis
1207 2311 1458 2381 antiquus
1484 2326 1707 2379 serpens
1732 2310 1883 2380 igna-

251 2391 268 2404 ””
332 2411 450 2451 rum
479 2398 795 2451 monachum
827 2399 878 2451 iu
913 2399 1017 2454 hoc,
1047 2415 1242 2469 genere
1267 2400 1574 2455 tentationis
1606 2399 1881 2470 illaqucet;

332 2493 387 2541 et
434 2495 694 2552 econtra,
738 2489 931 2558 quibus
975 2488 1273 2543 rationibus
1313 2490 1546 2559 prudens
1594 2491 1887 2544 monachus

331 2571 448 2639 eius
471 2573 690 2628 callidas
715 2575 1085 2644 persuasiones
1114 2577 1370 2632 dissolvat
1397 2587 1450 2631 et
1475 2577 1751 2632 annihilet.
1783 2579 1885 2634 Sed

334 2663 586 2730 quoniam
631 2662 740 2732 jam
795 2665 1108 2718 brevitatem
1136 2705 1151 2729 ,
1203 2667 1577 2744 quam-exigit
1621 2667 1839 2737 epistola
1869 2708 1884 2733 ,

331 2744 580 2815 cxceSsi‘;
612 2762 666 2806 et
691 2763 856 2807 totum
894 2757 1033 2823 quod
1068 2756 1154 2809 hic
1187 2756 1293 2810 dixi
1326 2766 1417 2810 aut
1443 2758 1722 2819 dicendum
1754 2757 1878 2823 fuit,

334 2842 401 2895 ad
452 2843 851 2898 custodiendam
900 2847 1364 2915 meutis'quietem
1411 2849 1674 2916 pertinet,
1729 2849 1885 2917 hujus

333 2933 514 2988 brevis
551 2937 853 2992 exhortatio
887 2937 1162 3006 epistolam
1202 2949 1438 2994 nostram
1480 2943 1745 2996 terminet.
1780 2942 1886 2998 Nec

291 3087 296 3090 _
333 3035 516 3094 putes,
561 3027 913 3093 charissime,
959 3030 1070 3084 lucc
1115 3045 1202 3084 me
1239 3031 1417 3086 dicere
1466 3033 1700 3094 idcirco,
1747 3036 1886 3103 quod

335 3112 574 3180 suspicer
621 3121 672 3166 te
723 3113 900 3185 aliqua
955 3116 1148 3172 mentis
1201 3117 1567 3186 inquietudine
1620 3120 1882 3176 laborare.

336 3201 441 3257 Sed
471 3202 719 3272 quoniam
756 3205 1036 3272 prasdictus
1065 3206 1312 3261 dominus
1336 3208 1505 3264 Ursus
1536 3210 1601 3241 ¹³⁹
1632 3211 1773 3281 cogit
1802 3228 1884 3266 me

335 3291 562 3360 aliquam
614 3293 1028 3358 admonitionem
1079 3294 1170 3348 tibi
1221 3297 1489 3360 scribere,
1538 3301 1717 3354 nescio
1759 3301 1885 3369 quid

336 3381 511 3450 potius
545 3396 818 3446 moneam,
856 3398 1017 3452 quam
1046 3399 1236 3438 cavere
1267 3386 1366 3440 hoc
1404 3389 1542 3452 quod
1577 3389 1676 3441 sub
1709 3387 1887 3457 specie

323 3479 497 3524 recta:
522 3471 810 3526 voluntatis
830 3473 942 3525 scio
977 3472 1190 3526 novitiis
1212 3473 1526 3541 quibusdam
1561 3475 1732 3529 solere
1756 3477 1885 3530 sub-

335 3574 524 3630 repere
556 3560 640 3613 ”.
688 3560 1037 3632 Quapropter,
1081 3563 1249 3617 amice
1278 3564 1349 3616 mi
1377 3573 1432 3618 et
1457 3564 1621 3619 frater
1654 3565 1888 3626 dilectis:

335 3650 470 3704 sime
494 3690 508 3712 ,
552 3651 819 3713 consulit,
860 3659 1077 3715 monet,
1126 3659 1378 3720 precatur
1419 3662 1468 3706 te
1503 3660 1626 3706 tuus
1666 3655 1889 3711 dilectus

334 3741 562 3794 dilector
583 3739 708 3794 totis
723 3741 897 3795 cordis
921 3741 1237 3806 visceribus,
1254 3750 1312 3794 ut
1331 3742 1455 3795 totis
1479 3741 1677 3796 viribus
1699 3746 1884 3811 quietae

335 3828 529 3883 mentis
569 3827 816 3893 studeas,
853 3829 967 3882 sine
1006 3844 1110 3898 qua
1154 3828 1282 3884 nulli
1330 3828 1455 3882 licet
1499 3828 1673 3882 callidi
1721 3830 1917 3885 hostis!

336 3920 558 3974 insidias
572 3918 1002 3987 circumspicere,
1019 3919 1102 3973 vel
1124 3919 1340 3974 semitas
1359 3919 1612 3972 virtutum
1636 3921 1892 3988 angustis-

336 4009 499 4061 simas
532 4008 596 4039 ¹⁵¹
629 4007 954 4076 prospicere.
991 4008 1069 4060 Ad
1113 4009 1247 4062 hanc
1286 4024 1411 4063 vero
1441 4010 1764 4072 monachus,
1800 4000 1896 4080 qui

339 4095 392 4147 in
442 4095 763 4150 monasterio
811 4103 1187 4159 conversatur,
1241 4098 1541 4168 pertingere
1592 4098 1891 4155 nullatenus

339 4181 478 4235 valet
499 4182 613 4236 sine
635 4180 932 4237 constantia
958 4192 1011 4236 et
1035 4188 1463 4252 mansuetudine,
1495 4203 1612 4257 qua:
1641 4183 1890 4245 mansue—

341 4273 468 4327 tudo
492 4273 867 4327 indissolubilis
895 4287 1073 4329 comes
1100 4285 1182 4328 est
1213 4278 1516 4345 patientiae;
1552 4289 1606 4333 et
1638 4280 1737 4334 nisi
1773 4295 1889 4334 mo-

341 4364 556 4416 nasterii
595 4365 672 4417 sui
705 4363 973 4432 instituta,
1009 4379 1126 4433 qua:
1167 4367 1358 4421 divinis
1397 4382 1500 4421 non
1545 4369 1892 4438 prohibentur

341 4451 631 4517 mandatis,
676 4455 879 4508 etiamsi
914 4455 1166 4509 rationem
1197 4471 1382 4510 eorum
1429 4472 1530 4511 non
1569 4459 1886 4526 perviderit,

1988 2053 2088 2096 ret.
2120 2043 2269 2109 Quod
2295 2052 2471 2097 autem
2497 2042 2672 2112 aliquo
2699 2044 2775 2096 ire
2802 2043 3096 2111 proponitis
3134 2041 3218 2105 ίδδ,
3245 2043 3331 2097 ubi
3362 2057 3553 2098 secun-

1985 2133 2110 2188 dum
2146 2133 2474 2202 propositum
2512 2143 2748 2188 vestrum
2790 2135 2967 2187 vivere
3009 2133 3262 2200 possitis,
3302 2132 3459 2188 laudo
3497 2143 3553 2187 et

1987 2223 2208 2288 hortor;
2239 2223 2363 2290 (hoc
2404 2232 2580 2277 tamen
2613 2238 2912 2292 praemoneo
2958 2233 3014 2277 ut
3053 2230 3108 2276 ct
3143 2237 3239 2291 per
3284 2221 3550 2277 licentiam

1984 2313 2144 2383 323
2167 2313 2377 2368 abbatis
2424 2312 2586 2366 vestri
2621 2313 2721 2365 hoc
2747 2310 2992 2373 faciatis;
3022 2319 3076 2366 et
3105 2320 3197 2383 ut,
3229 2325 3552 2380 quocunque

1986 2403 2088 2480 iter
2117 2406 2350 2458 vestrum
2386 2401 2528 2456 Deus
2550 2400 2827 2467 direxerit,
2854 2399 3170 2470 regulariter
3197 2400 3297 2454 sub
3337 2400 3550 2455 abbatis

1984 2491 2307 2554 obedimitia,
2339 2499 2393 2545 et
2421 2504 2525 2544 non
2556 2489 2607 2544 in
2647 2490 2876 2560 propria:
2907 2489 3197 2544 voluntatis
3227 2489 3470 2556 arbitrio,
3492 2491 3551 2543 .si

1987 2577 2230 2632 monachi
2255 2576 2530 2647 pratmium
2559 2577 2817 2644 consequi
2849 2575 3030 2638 vultis,
3069 2575 3292 2640 vivatis;
3346 2591 3444 2630 nee
3475 2576 3553 2630 lo-

1984 2683 2106 2721 cum
2139 2650 2225 2722 ubi
2255 2682 2349 2720 vos
2373 2665 2496 2720 aliis
2526 2665 2802 2736 prodesse,
2830 2663 3066 2732 aliosque
3119 2665 3405 2729 instruere,
3457 2666 3552 2718 sed

1987 2758 2073 2811 ubi
2105 2772 2200 2811 vos
2227 2771 2322 2826 per
2351 2756 2482 2810 alios
2505 2755 2768 2824 prolicere
2799 2764 2852 2809 et
2887 2755 2955 2808 ab
2984 2756 3104 2808 aliis
3145 2756 3221 2810 ad
3253 2756 3549 2826 spiritalem

1986 2847 2228 2901 militiam
2252 2845 2446 2900 instrui
2471 2844 2706 2914 possitis,
2734 2830 2965 2915 eligatis.
3008 2845 3098 2898 Sic
3119 2844 3263 2899 enim
3307 2845 3554 2902 ordinate

1984 2934 2297 3002 proﬁcietis,
2322 2933 2367 2988 si
2398 2933 2549 3002 prius
2577 2933 2757 2987 doceri
2780 2949 2940 3002 quam
2966 2933 3159 2989 docere
3189 2935 3544 3004 appetieritis.

1985 3027 2267 3086 Praeterea,
2291 3023 2432 3092 quod
2459 3021 2636 3077 studio
2664 3023 2970 3100 scholarum
2996 3024 3160 3076 vitam
3193 3031 3453 3088 vestram,
3481 3040 3550 3079 ex

1985 3129 2090 3184 quo
2110 3113 2308 3168 sreculo
2337 3112 2705 3173 renuntiastis,
2758 3112 3062 3181 impenditis
3120 3111 3207 3176 ιε’,
3255 3111 3555 3168 nullatenus

1985 3204 2136 3259 vobis
2159 3202 2413 3271 expedire
2435 3201 2795 3271 cognoscetis,
2847 3201 2889 3255 si
2919 3211 2974 3256 et
3020 3202 3186 3256 vestri
3235 3202 3392 3256 linem
3437 3219 3559 3271 pro-

1982 3291 2168 3360 positi,
2194 3299 2246 3346 et
2271 3305 2378 3358 quo
2407 3289 2670 3344 exercitio
2701 3289 2827 3365 illnc
2855 3288 3212 3358 perveniatur,
3247 3289 3551 3344 consulitis.

1952 3382 2171 3435 .Valcat
2206 3379 2535 3434 mihivestra
2562 3377 2756 3431 dilecta
2784 3378 3018 3440 dilectio,
3068 3386 3123 3430 et
3173 3377 3298 3432 licet
3351 3378 3402 3431 in
3455 3378 3558 3432 hac

1985 3465 2413 3538 peregrinatione
2439 3465 2674 3534 separati
2706 3465 2769 3518 ad
2799 3465 3030 3533 patriam
3063 3463 3204 3517 velut
3227 3465 3437 3519 diverso
3462 3465 3554 3518 iti-

1986 3571 2116 3611 nere
2139 3556 2456 3619 tendamus;
2483 3567 2702 3606 oremus
2744 3561 2917 3606 tamen
2941 3566 3042 3621 pro
3073 3552 3328 3617 invicem,
3378 3563 3439 3606 ut
3499 3552 3554 3606 in

1988 3648 2157 3718 patria
2184 3646 2250 3702 de
2270 3646 2378 3702 Deo
2403 3644 2560 3699 simul
2589 3643 2915 3698 aaternaliter
2940 3645 3291 3713 gaudeamus.

2439 3752 2766 3808 EPISTOLA
2807 3753 2898 3806 XX
2910 3753 2974 3807 Xl
3016 3753 3099 3805 Μ.

2493 3887 2497 3890 .
2536 3858 2602 3896 ΔΙ)
2644 3858 3008 3898 ιΑΝειιΑΝουιι.

1992 3933 2064 3988 De
2104 3932 2387 4000 Lanfranci
2431 3931 2626 4003 nepotis
2667 3931 3140 4003 sanctoprofectu,
3180 3943 3228 3986 rt
3269 3934 3330 3986 de
3369 3922 3554 4003 capitis

2447 4000 2640 4064 dolore,
2674 4017 2774 4071 quo
2802 4001 3090 4054 laborabat.

2063 4113 2281 4166 Domino
2306 4123 2359 4168 et
2382 4111 2652 4188 Patri-suo
2679 4113 3154 4180 desideratissimo,
3187 4114 3342 4168 matri
3370 4117 3559 4170 catho-

1990 4204 2108 4259 lica:
2135 4219 2252 4257 cum
2289 4219 2471 4258 amore
2507 4203 2799 4259 reverenda
2839 4217 2958 4257 cum
2989 4205 3288 4258 reverentia
3329 4206 3556 4260 amando

1991 4294 2392 4366 archiepiscopo
2427 4294 2762 4357 Laurusaco,
2793 4294 2958 4365 frater
2998 4295 3272 4349 Assemus
3314 4311 3463 4360 suus,
3503 4297 3554 4350 in

1991 4373 2268 4454 praesentis
2298 4382 2422 4435 vita:
2455 4383 2738 4438 sanctitate
2779 4383 3084 4436 diuturnum
3123 4382 3344 4453 fulgere,
3386 4385 3437 4437 in
3475 4384 3555 4436 fu-

1994 4491 2126 4532 tura:
2157 4476 2279 4530 vitae
2308 4476 2564 4530 felicitate
2597 4486 2850 4530 mternum
2879 4477 3128 4544 gaudere.

341 4554 400 4635 [ll
425 4543 664 4635 τθξίείοεει
689 4544 948 4635 δίυάμθτίι
974 4546 1275 4629 ουδθιζνπθ·
1306 4547 1446 4611 Vale:
1476 4557 1530 4602 ει
1554 4550 1889 4619 οηιηίροιθηε
1925 4573 1966 4625 D
2062 4564 2119 4618 Si
2147 4573 2249 4617 tam
2280 4561 2432 4617 facile
2457 4565 2657 4617 dictare
2700 4575 2752 4617 et
2782 4543 3036 4628 scribere,
3064 4580 3224 4634 quam
3254 4565 3396 4634 loqui
3430 4581 3552 4635 pos-

340 4629 595 4686 Dominus
640 4633 878 4700 perliciat
913 4648 1126 4700 gressus
1156 4644 1276 4690 tuos
1316 4638 1366 4691 in
1403 4641 1608 4694 seruilis
1643 4641 1751 4695 suis
1776 4682 1789 4706 ,
1839 4655 1896 4698 ut

341 4735 446 4773 nou
483 4729 792 4773 moveantur
829 4721 1046 4790 vestigia
1087 4730 1169 4776 tua
1212 4723 1380 4789 (Ρεαι.
1423 4743 1516 4781 xv:
1543 4767 1557 4792 ,
1601 4729 1697 4798 5);
1745 4740 1802 4784 ut
1844 4733 1894 4786 in

337 4810 542 4880 iustitia
571 4824 826 4878 appar-eas
849 4814 1151 4879 conspectui
1182 4814 1301 4881 Dei,
1337 4825 1388 4869 et
1415 4819 1626 4874 satieris
1655 4836 1774 4873 cum
1806 4839 1898 4892 ap-

340 4901 766 4972 parueritgloria
796 4899 910 4968 ejus
932 4900 1120 4968 (Ibid,
1150 4905 1249 4971 l5).
1273 4906 1374 4960 Ora
1400 4918 1456 4963 ut
1484 4898 1536 4964 et
1562 4927 1660 4981 ego
1686 4921 1887 4967 tecum-

340 4993 468 5062 quia
494 5001 550 5046 et
570 5006 666 5061 ego
691 5006 786 5046 oro
814 4999 870 5045 ut
900 5001 952 5045 tu
982 5007 1190 5048 mecum
1223 4997 1309 5047 ω.

2002 4669 2136 4717 sem,
2163 4667 2429 4720 nunquam
2456 4652 2552 4716 illi,
2578 4653 2661 4706 cui
2689 4661 2794 4705 tam
2821 4667 2957 4720 saepe
2983 4653 3214 4721 loquitur
3239 4671 3330 4724 cor
3355 4670 3552 4722 meum,

1998 4742 2339 4813 epistolarum
2368 4743 2518 4812 copia
2549 4757 2786 4795 mearum
2819 4743 3048 4805 deesset,
3081 4745 3178 4797 nisi
3212 4760 3329 4797 cum
3377 4747 3551 4814 inopia

1999 4835 2127 4888 mihi
2159 4834 2386 4887 latorum
2418 4833 2646 4887 adesset.
2677 4831 2780 4886 Sed
2807 4833 3056 4901 quoniam
3088 4841 3192 4886 tam
3224 4835 3384 4889 multa
3428 4845 3554 4890 sunt

1994 4936 2245 4989 quze'me
2286 4921 2486 4975 dictare
2533 4921 2847 4989 impediunt,
2887 4931 2944 4974 ut
2977 4923 3077 4976 hoc
3110 4923 3301 4990 ipsum,
3349 4924 3553 4980 scilicet

1994 5027 2154 5081 quam
2196 5011 2360 5065 multa
2405 5011 2532 5077 sint,
2581 5011 2884 5066 meditando
2919 5026 3058 5066 nunc
3094 5027 3349 5067 enarrare
3392 5014 3556 5084 impe-

1577 5198 1657 5252 VA
1667 5200 1800 5254 lllz‘E
1859 5203 2251 5260 LECTIONES.

411 5353 476 5429 Ὗ
499 5351 631 5429 Quia
661 5358 938 5429 nonamat
961 5367 1056 5403 ms.
1163 5350 1435 5429 qni-minim
1469 5365 1608 5429 amat
1667 5356 1733 5386 ¹³⁸
1764 5357 1853 5408 Dei
1877 5363 2003 5412 vero
2029 5375 2149 5429 ngas.
2179 5361 2280 5429 duo
2308 5367 2354 5412 et
2386 5358 2528 5429 Edit.
2563 5359 2745 5412 Colon.
2777 5374 2869 5413 seu
2915 5376 3042 5415 vero
3083 5379 3180 5416 ms.
3216 5363 3302 5417 l8.
3354 5365 3398 5417 si
3431 5381 3558 5420 vero

301 5475 315 5490 ⁸
345 5423 410 5454 m
437 5421 789 5475 δοιιίοίιιηιίηί
822 5429 889 5490 per
931 5419 1129 5490 amoris
1162 5419 1496 5490 delectationi
1551 5425 1618 5475 sit
1660 5439 1821 5478 vacua
1867 5442 1962 5478 ms.
2017 5428 2081 5480 l8
2134 5439 2179 5480 et
2234 5427 2358 5482 Lov.
2428 5427 2796 5482 sollicitudinis
2851 5439 2904 5482 et
2952 5432 3148 5486 amoris
3193 5419 3560 5488 delectationis

344 5493 568 5564 non__sit
609 5487 1182 5564 t'aCIi:i_!£dit.__Colo:i.
1236 5488 1614 5564 δυιιίοἱε-ιυιὶηςξΔ
1641 5501 1688 5564 et
1749 5496 1963 5564 amoris.
2010 5497 2358 5550 delectatione
2400 5497 2464 5549 sit
2505 5512 2666 5551 vacua
2745 5497 2809 5528 ’³⁸
2847 5499 3059 5552 Perlicit
3092 5518 3187 5552 ms.
3222 5503 3307 5555 18.
3343 5487 3559 5564 prolicit

347 5561 410 5590 “9
448 5559 614 5636 Urer
639 5575 732 5636 nis.
761 5558 848 5636 18,
885 5558 1026 5610 Edit.
1061 5555 1538 5636 C91..cllns.“l:0£.
1577 5560 1730 5613 Ursin
1789 5565 1854 5594 ”°
1881 5563 2173 5636 Subripere
2202 5584 2296 5618 ms.
2332 5566 2416 5628 l8,
2449 5575 2492 5618 et
2528 5565 2665 5636 l.er._
2683 5567 2972 5635 subrepere
3049 5570 3106 5600 “l
3145 5555 3560 5634 Angustissimas

343 5644 458 5698 nisa.
492 5640 544 5698 et
569 5627 722 5698 Edit.
752 5627 864 5680 Col.
915 5627 1322 5698 angustissimas
1398 5628 1459 5657 ¹³¹
1485 5629 1560 5681 Tu
1587 5646 1792 5683 mecum
1837 5649 1929 5686 ms.
1968 5627 2061 5684 18.
2088 5637 2232 5687 addit
2288 5637 2454 5688 Amen
2536 5634 2599 5662 ’³³
2629 5633 2756 5686 Cum
2783 5627 2980 5690 dit-obus
3007 5653 3127 5690 mss.
3170 5627 3302 5688 Vict.
3333 5639 3384 5690 in
3427 5640 3563 5698 Cod.

347 5696 435 5763 Ῐίί·
624 5696 811 5814 toll/[ala
891 5696 955 5726 l“
998 5695 1311 5763 l‘rcponitur
1349 5713 1471 5750 mss.
1505 5701 1799 5769 proponitis
1873 5702 1934 5730 "*5
1981 5701 2315 5772 lmpcndistis
2349 5721 2469 5757 mss.
2514 5703 2820 5771 impenditis
2895 5707 2958 5736 ¹⁵⁶
3007 5706 3136 5759 Cum
3192 5722 3287 5759 ms.
3347 5723 3452 5765 uno
3506 5695 3565 5768 εέ

347 5775 604 5815 omnem
637 5781 693 5815 ce
741 5776 827 5815 am

340 5775 604 5830 pra'mctis
637 5775 827 5818 collata
