4214 6198
560 258 701 319 "03
1018 253 1025 257 ’
1088 259 1146 315 S.
1188 258 1482 315 ANSELMI
1521 258 1869 315 CANTUAR.
1900 257 2210 314 ARCIIIEI'.
2255 258 2402 314 ΟΡΡ.
2446 260 2623 317 PARS
2654 260 2737 316 ΙΙΙ.
2774 290 2843 301 --
2881 261 3259 321 Ειηείὀιῶ.
3378 232 3383 237 1
3668 269 3808 326 ut);

561 370 744 437 diant;
772 387 963 443 precor
985 387 1050 427 ne
1078 373 1207 427 mihi
1236 381 1459 444 paterna
1488 384 1666 429 vestra
1699 374 1761 406 “7
1790 378 2128 429 succenscrat
2159 381 2202 434 Α
2233 374 2446 440 quando
2493 389 2664 443 usque
2715 375 2801 441 ad,
2830 376 2953 430 vitm
3000 375 3295 445 periculum
3341 376 3687 446 perducatur.
3741 382 3803 439 In

498 464 501 467 “
559 462 883 528 sublimitas,
907 463 1048 532 quod
1076 480 1201 518 raro
1230 467 1294 517 ad
1324 481 1381 519 se
1412 466 1609 519 servuli
1637 466 1717 519 sui
1751 462 1987 534 cpistola:
2012 478 2130 532 pcr-

558 553 794 607 veniant.
817 552 1074 633 Quamvis
1099 560 1332 624 uam‘quc
1360 557 1601 625 rubigine
1624 556 1794 626 stylus
1820 568 1979 607 manu
2010 568 2128 607 ecs-

557 650 709 694 sante
740 641 984 695 rubeseat
1008 683 1025 709 ,
1058 642 1200 698 absit
1232 652 1409 698 tamen
1442 653 1499 696 ut
1539 652 1750 713 torpore
1790 642 2002 696 animus
2029 641 2128 695 lin-

553 744 656 797 gua
702 738 911 785 tacente
959 740 1215 801 tepescat.
1266 734 1464 789 Verum
1510 733 1595 787 bis
1637 747 1778 786 nunc
1817 731 2034 811 omissis
2062 732 2127 786 de

551 816 864 873 dulcissimo
902 821 1160 877 dilectore
1205 836 1324 877 meo
1368 831 1561 891 nepote
1583 832 1786 886 vestro,
1818 821 1971 889 cujus
1999 837 2125 876 cou-

550 907 873 965 versationis
897 925 994 965 vos
1019 913 1132 966 scio
1174 928 1385 982 semper
1411 922 1728 981 praesentem
1760 914 1962 969 habere
1992 913 2126 970 velle

551 996 823 1064 notitiam,
863 1000 965 1055 hoc
1009 1000 1160 1069 vobis
1188 1002 1385 1055 mando
1410 1003 1551 1071 quod
1595 1018 1712 1057 mea
1745 1012 1975 1058 testatur
1996 990 2128 1057 cou-

550 1086 795 1144 scientia.
831 1089 921 1145 Sic
962 1092 1146 1161 utique
1186 1102 1339 1147 cavet
1386 1107 1415 1147 a
1462 1094 1658 1162 quibus
1687 1105 1773 1149 est
1802 1096 2120 1156 cavendum.

456 1234 471 1244 ο
542 1184 607 1230 ut
652 1177 777 1231 nulli
821 1180 1210 1249 nostrum‘jure
1247 1180 1494 1235 videatur
1536 1183 2001 1251 reprehensibilis;
2040 1183 2119 1236 sic

545 1264 724 1318 studet
754 1264 937 1320 humili
969 1266 1284 1339 benignitati
1320 1278 1375 1324 et
1417 1269 1657 1339 benigute
1688 1270 2007 1338 humilitati;
2042 1272 2121 1326 sic

543 1351 710 1418 quieti
730 1352 788 1407 'et
814 1354 1031 1409 silentio
1060 1364 1219 1425 atque
1250 1356 1501 1420 orationi,
1546 1366 1603 1410 ut
1630 1359 1823 1413 merito
1848 1358 1917 1412 sit
1945 1360 2120 1415 omni-

541 1443 642 1497 bus
670 1444 941 1501 amabilis.
985 1445 1139 1502 Unde
1170 1456 1315 1503 certe
1340 1448 1579 1516 quotidie
1607 1458 1661 1504 et
1698 1450 1811 1520 ipse
1848 1467 1936 1505 me
1960 1452 2030 1505 de
2059 1467 2121 1507 se

538 1529 720 1585 L'etum
761 1534 891 1589 facit
924 1534 1212 1600 laetiorem;
1244 1544 1297 1589 et
1326 1550 1426 1606 ego
1460 1536 1629 1602 illum,
1665 1548 1723 1592 ut
1752 1539 1818 1595 de
1846 1541 2115 1596 communi

538 1619 907 1686 proximorum
927 1615 1215 1677 dilectione
1242 1631 1471 1690 taceam,
1500 1634 1685 1681 vestro
1712 1635 1769 1680 et
1795 1642 1894 1682 suo
1922 1630 2115 1684 merito

2227 460 2415 526 primis
2436 462 2583 514 enim
2618 463 2851 517 subitum
2881 463 3047 533 frigus
3076 473 3243 537 totum
3285 474 3443 533 caput
3479 464 3576 534 illi,
3608 467 3805 526 deinde

2228 564 2322 602 cor
2350 560 2404 605 et
2435 560 2601 605 totum
2633 568 2832 621 corpus
2859 554 3205 608 vehementer
3231 552 3429 619 allicit;
3460 563 3513 609 et
3556 571 3677 611 mox
3706 574 3806 613 eor
3892 599 3899 604 -

2225 634 2581 705 immoderata
2620 638 2926 709 pulsation‘e
2964 640 3237 703 laborans,
3280 641 3438 695 simul
3467 658 3589 698 cum
3621 648 3800 705 omni-

2225 727 2325 782 bus
2370 730 2617 800 corporis
2661 730 2911 785 sensibus
2959 740 3014 784 et
3065 731 3292 794 viribus,
3338 729 3479 783 sicut
3520 732 3804 801 exhaustis

2222 818 2484 886 sanguine
2514 820 2634 873 fieri
2674 819 2829 885 Solet,
2872 820 3076 875 deﬁcit.
3120 820 3198 875 Es
3232 833 3342 888 quo
3379 817 3613 884 defectu,
3641 829 3804 891 ’νοοί-

2222 921 2381 974 quam
2408 908 2562 977 quasi
2588 910 2882 975 reviviscit,
2912 911 3094 964 statim
3123 910 3266 965 velut
3296 908 3613 965 febricitans
3638 913 3804 970 totius

2222 995 2462 1064 corporis
2501 995 2696 1051 ardore
2730 997 2975 1067 ignescit.
3014 997 3269 1066 Sequitur
3290 1014 3505 1069 quoque
3527 1000 3684 1056 dolor
3707 1015 3802 1055 ca-

2220 1082 2364 1151 pitis,
2413 1092 2469 1138 et
2509 1084 2664 1154 quasi
2712 1097 2931 1143 vomere
2970 1085 3185 1155 debeat,
3222 1089 3415 1158 gravis.
3438 1090 3796 1158 perturbatio.

2222 1174 2374 1244 Sa~pe
2393 1172 2585 1242 etiam',
2614 1179 2848 1233 maxime
2876 1193 2999 1233 eum
3027 1187 3232 1244 cantat.
3264 1179 3342 1235 sic
3368 1181 3559 1250 capitis
3586 1184 3801 1251 pertur-

2219 1262 2435 1319 batione
2474 1273 2719 1329 vexatur,
2771 1275 2829 1320 ut
2873 1265 3023 1321 locus
3050 1266 3102 1327 in
3132 1281 3241 1336 quo
3266 1275 3352 1323 est
3392 1268 3449 1323 in
3478 1268 3796 1339 vertiginem

2220 1351 2293 1405 illi
2325 1354 2488 1406 rotari
2514 1353 2779 1413 videatur.
2804 1353 2974 1420 Quem
3001 1356 3253 1425 quoniam
3283 1370 3383 1412 nec
3405 1357 3518 1413 scio
3546 1373 3651 1426 nec
3671 1373 3802 1429 pos-

2219 1432 2344 1498 sum.
2367 1447 2580 1512 melius,
2610 1463 2773 1518 quam
2818 1464 2849 1504 s
2885 1449 3037 1519 vobis
3074 1460 3305 1514 ametur.
3349 1456 3569 1521 amare;
3608 1470 3799 1525 super.

2217 1533 2375 1588 sedeo
2404 1550 2504 1604 pro
2546 1550 2612 1591 eo
2651 1539 3029 1606 paternitatem
3069 1548 3303 1619 vestram
3348 1556 3561 1612 rogare.
3599 1543 3797 1599 Audivi

2215 1628 2357 1694 quod
2382 1637 2599 1685 sanctus
2626 1631 2934 1685 Dunstanus
2960 1620 3339 1703 regulam‘vi‘taé
3362 1634 3799 1691 monachicam-

538 1704 794 1761 dilectum
822 1690 1051 1764 habeam
1073 1711 1411 1768 dilectorem.
1435 1714 1539 1794 sed
1563 1723 1645 1769 est
1666 1716 1920 1785 quiddam
1944 1720 2107 1787 quod,
2143 1726 2185 1779 Β
2210 1690 2466 1771 stituerit.
2508 1719 2563 1773 Si
2599 1720 2761 1788 igitur
2788 1722 2867 1776 sic
2902 1737 2962 1776 se
3004 1690 3104 1777 res
3131 1723 3312 1788 habet,
3342 1721 3530 1780 vellem

535 1798 782 1867 quamvis
817 1815 943 1856 vere
971 1803 1192 1858 credam
1219 1804 1344 1873 quia
1371 1804 1666 1860 clementer
1689 1807 1737 1861 ei
1774 1807 1903 1861 facit
1935 1810 2111 1863 divina

533 1890 869 1959 providentia
888 1932 905 1958 ,
940 1908 1048 1949 non
1084 1904 1262 1949 tamen
1291 1896 1418 1951 illud
1449 1897 1634 1952 videre
1665 1912 1881 1966 possum
1912 1901 2116 1969 absque

532 1981 871 2037 charitativte
902 1983 971 2016 ἰ’
997 1985 1393 2055 compassionis
1435 1985 1696 2041 molestia.
1732 1987 1923 2042 Dolore
1963 2004 2109 2043 nam-

531 2084 637 2140 que
660 2071 853 2143 capitis
874 2071 987 2140 jam
1023 2089 1120 2145 per
1159 2075 1340 2146 plures
1367 2091 1581 2131 menses
1621 2077 1703 2132 sic
1734 2092 1857 2132 eum
1891 2089 2112 2148 paterna

531 2160 715 2216 divina
741 2163 983 2231 quotidie
1018 2163 1203 2233 aﬂligit
1226 2164 1295 2196 “’
1318 2166 1624 2236 castigatio,
1654 2175 1711 2221 ut
1742 2176 1795 2222 et
1824 2168 2112 2238 aliquando

530 2264 563 2306 a
592 2259 859 2307 conventu
898 2252 1169 2329 communi
1212 2251 1328 2321 ejus
1364 2253 1482 2308 laeta
1525 2254 1849 2310 dissocietnr
1885 2266 2107 2312 conver-

530 2340 690 2406 satio,
733 2351 787 2397 et
812 2343 1037 2398 omnino
1065 2359 1095 2397 a
1130 2342 1361 2415 [actione
1389 2353 1484 2398 aut
1514 2342 1693 2413 aliqua
1724 2345 1966 2400 studiosa
1998 2362 2114 2401 me-

530 2426 787 2489 ditatione
832 2432 949 2502 ejus
1003 2422 1355 2505 prohibeatur
1398 2437 1646 2491 intentio.
1706 2436 1861 2503 Quod
1907 2438 2116 2494 idcirco

529 2521 679 2577 vobis
705 2523 924 2589 mando,
949 2532 1007 2578 ut
1033 2534 1089 2579 et
1111 2539 1212 2597 ego
1238 2527 1378 2595 apud
1407 2542 1502 2580 vos
1529 2541 1636 2581 non
1664 2528 1769 2582 sim
1796 2543 1922 2584 reus
1949 2529 2109 2599 hujus

526 2610 606 2668 rei
635 2610 883 2679 silentio;
918 2623 972 2669 et
1000 2628 1095 2668 vos
1118 2614 1321 2685 aliquo,
1350 2616 1393 2670 si
1422 2616 1668 2684 potestis,
1694 2617 1867 2671 eidem
1894 2619 2104 2672 charis-

528 2701 666 2758 simo
710 2718 833 2758 meo
879 2718 975 2775 per
1018 2704 1291 2759 dominum
1339 2705 1616 2759 Albertum
1663 2706 1732 2738 "°
1776 2706 2107 2771 subveniatis

527 2792 747 2849 auxilio.
780 2794 846 2849 Et
874 2804 931 2849 ut
960 2810 1060 2865 per
1084 2796 1262 2865 aliqua
1291 2797 1445 2867 signa
1474 2796 1645 2852 morbi
1670 2813 1837 2867 genus
1868 2799 2109 2855 medicus

526 2884 665 2940 idem
700 2879 1014 2956 cognoscat,
1070 2886 1183 2941 fere
1222 2902 1436 2957 semper
1477 2888 1630 2958 quasi
1669 2889 2024 2943 verberantur
2053 2890 2101 2945 ei

426 2978 431 2985 ‘
525 2982 790 3045 tempora,
823 2976 973 3031 frons
1008 2992 1219 3048 semper
1247 2978 1572 3048 ponderosa,
1608 2980 1701 3034 sed
1739 2981 1975 3034 maxime
2018 2982 2099 3034 iu-

2214 1806 2473 1861 famosam
2498 1807 2675 1864 Vitam
2702 1820 2757 1865 et
2786 1812 3024 1879 instituta
3052 1813 3190 1868 tanti
3211 1813 3389 1871 Patris
3412 1816 3616 1873 videre.

2576 2022 2587 2035 .
2654 1912 2989 1997 sptsrout
3026 1940 3219 1999 xxxu
3260 1944 3347 1999 ιιι.

2804 2069 2871 2107 ΔΙ)
2908 2068 3194 2117 ΠΕΝᾺΙΩΙΙΙ.

2214 2157 2384 2213 [Iubet
2404 2163 2600 2229 gratias
2618 2178 2715 2231 pro
2738 2161 3261 2220 Mauritio‘monaclto
3281 2165 3557 2237 diligenter
3577 2178 3788 2225 curule.

2283 2248 2505 2305 Domino
2533 2252 2707 2317 fratri,
2725 2253 2898 2308 amico
2925 2253 3185 2320 lissalco,
3216 2255 3384 2311 frater
3410 2243 3713 2323 Auantius,
3731 2262 3791 2316 il

2210 2340 2311 2393 hac
2338 2341 2443 2397 riu
2472 2351 2903 2410 perseverantem
2944 2346 3310 2412 sanctitatem,
3336 2346 3390 2400 in
3418 2346 3597 2403 futura
3624 2358 3785 2405 teter-

2213 2446 2337 2484 nam
2366 2430 2697 2485 felicitatem.

2279 2520 2392 2575 Hoc
2431 2536 2527 2590 pro
2569 2533 2720 2578 certo
2753 2523 3090 2579 laudabiliter
3122 2525 3328 2579 solvitis
3364 2525 3504 2595 quod
3544 2528 3786 2584 charita—

2211 2610 2316 2665 tive
2342 2612 2567 2678 debetis,
2599 2628 2718 2667 cum
2747 2615 3012 2670 communi
3044 2615 3195 2670 fratri
3225 2624 3409 2672 nostro
3430 2616 3678 2691 Manuritio
3709 2618 3785 2654 ί⁸¹

2208 2717 2325 2768 vos,
2357 2703 2494 2757 sicut
2518 2705 2635 2773 ipse
2676 2694 2805 2760 mihi
2845 2710 3080 2778 scripsit,
3112 2710 3368 2780 benignos
3405 2725 3471 2766 ac
3508 2711 3785 2769 beneﬁcos

2208 2794 2263 2848 in
2298 2796 2546 2849 omnibus
2587 2796 2875 2851 exbibctis.
2925 2798 3035 2854 Sed
3075 2807 3254 2853 tamen
3293 2798 3379 2856 me
3416 2816 3523 2855 non
3572 2802 3783 2858 modice

2202 2888 2494 2957 gratiarum
2524 2902 2588 2942 eo
2612 2887 2763 2944 vobis
2786 2890 3083 2945 debitorem
3123 2890 3352 2957 ellicitis,
3383 2908 3489 2962 quo
3512 2891 3586 2946 illi
3616 2894 3782 2949 bene.

2188 2977 2326 3031 .flcia
2360 2988 2551 3032 vestra:
2598 2978 2878 3034 cbaritatis
2908 2980 2977 3033 ub
3019 2995 3257 3036 amorem
3309 2982 3412 3037 utei
3459 2978 3788 3052 propensius

526 3067 741 3125 clinato.
787 3067 905 3123 Lux
950 3070 1129 3124 omnis
1163 3079 1221 3124 et
1257 3084 1426 3124 sonus
1463 3079 1666 3141 quanto
1708 3072 1901 3139 major,
1951 3080 2101 3126 tanto
2127 3052 2173 3115 C
2206 3063 2531 3135 impenditis.
2580 3066 2787 3125 Verum.
2821 3068 3074 3138 quoniam
3114 3083 3451 3138 nequaquam
3494 3085 3637 3125 stunc
3680 3086 3775 3125 re-

528 3156 819 3213 melestior.
855 3156 1030 3229 Saepe,
1071 3160 1305 3221 maxime
1340 3169 1520 3214 autem
1551 3169 1673 3231 post
1698 3162 1917 3239 ‘cibum,
1952 3161 2099 3215 vultu

525 3260 638 3306 toto
662 3248 811 3304 valde
839 3251 1109 3316 rubescit;
1130 3259 1186 3305 et
1208 3250 1369 3305 simul
1398 3266 1506 3305 non
1525 3251 1639 3306 solo
1664 3252 1831 3328 vultu,
1864 3253 1957 3307 sed
1989 3262 2102 3309 toto

526 3340 700 3409 capite
731 3341 977 3411 ignescit.
1008 3342 1272 3396 Domuum
1298 3356 1427 3396 vero
1450 3341 1771 3406 Guidonem,
1800 3359 1958 3412 quem
1990 3361 2097 3399 ma-

526 3430 747 3501 gisterio
791 3445 1079 3499 puerorum
1134 3432 1470 3496 addiximus,
1522 3432 1703 3486 suavis
1759 3435 2103 3489 commendat

526 3520 850 3586 ubedieutia,
892 3529 948 3575 et
993 3510 1046 3575 in
1096 3521 1415 3577 strenuitate
1462 3523 1753 3589 humilitas,
1799 3534 1856 3579 ut
1900 3526 2103 3593 pariter

520 3599 741 3685 'gloriari
770 3625 1074 3681 possumus,
1102 3622 1157 3666 et
1198 3626 1294 3666 vos
1323 3626 1418 3682 per
1441 3627 1624 3681 quem,
1650 3622 1704 3665 et
1731 3628 1829 3668 nos
1859 3613 1949 3681 qui
1978 3629 2099 3673 eum

526 3701 687 3760 talem
728 3702 1007 3760 habemus.
1038 3702 1279 3758 Domnus
1303 3702 1580 3758 Osbernus
1613 3712 1806 3768 vester,
1839 3704 2021 3773 utique
2048 3712 2104 3757 et

526 3797 738 3867 pietatis
760 3796 955 3851 all‘ectu
980 3793 1251 3852 hilaritate
1273 3793 1490 3852 condito
1512 3792 1563 3849 iu
1589 3794 1704 3850 dies
1724 3794 2101 3854 venerabiliter

525 3886 846 3957 pinguescit,
873 3894 929 3941 et
950 3886 1191 3942 scientia:
1214 3887 1458 3957 profectu
1482 3902 1576 3956 per
1598 3888 1758 3959 studii
1787 3888 2096 3942 instantiam

526 3987 579 4033 et
615 3976 814 4047 ingenii
858 3977 1207 4033 serenitatem
1240 3987 1591 4046 tenacemque
1623 3978 1931 4033 memoriam
1962 3994 2095 4047 quo—

527 4066 657 4122 tidie
688 4066 1029 4122 laudabiliter
1051 4067 1270 4122 crescit.
1298 4065 1411 4120 Non
1438 4066 1609 4120 solum
1639 4068 1801 4133 igitur
1825 4068 1944 4121 ideo
1971 4069 2095 4139 quia

524 4169 626 4211 nos
655 4165 831 4211 vestra
864 4156 1067 4225 pariter
1090 4154 1302 4224 copulat
1331 4162 1577 4224 paterna,
1604 4168 1708 4222 qua
1738 4169 1835 4207 nos
1860 4154 2097 4211 fraterne

526 4246 809 4317 iactamus,
836 4244 1085 4311 dilectio;
1129 4247 1222 4301 sed
1250 4255 1329 4311 et,
1355 4243 1475 4316 ejus
1500 4244 1837 4314 exigentibus
1868 4246 2093 4313 meritis,

527 4348 674 4394 tanta
699 4338 1000 4393 dilectionis
1030 4346 1229 4391 mutua:
1249 4335 1610 4403 jucundamur
1638 4335 2097 4405 conglutinamur—

524 4446 630 4504 que
678 4429 1065 4492 delectatione,
1118 4438 1175 4481 ut
1223 4427 1333 4494 jam
1383 4427 1620 4497 separari
1671 4442 1775 4481 non
1829 4429 2093 4505 possimus

525 4523 728 4593 ahSque
768 4521 1046 4589 utriusque
1083 4518 1275 4572 anima:
1312 4518 1802 4587 scissuraquadam
1832 4529 1887 4572 ct
1918 4519 2095 4572 cordis

524 4617 761 4672 lesione.
807 4614 913 4668 Sed
955 4611 1169 4681 quando
1212 4610 1334 4674 hoc,
1365 4618 1545 4663 vestra
1569 4624 1691 4665 eum
1727 4610 1967 4677 jussione
2006 4624 2091 4663 rc-

526 4718 771 4771 vocante,
800 4706 1102 4775 continget,
1151 4718 1267 4757 mea
1313 4702 1547 4756 scissura
1580 4702 1632 4755 in
1661 4716 1758 4756 suo
1794 4701 1939 4755 hiatu
1971 4715 2097 4769 pcr-

525 4805 795 4860 maneute,
827 4796 937 4864 ipse
966 4808 1119 4847 suam
1149 4791 1516 4847 consolabitur
1545 4807 1638 4860 per
1662 4790 2096 4845 resulidatiouem

527 4888 744 4941 alterius
787 4885 1024 4954 majoris,
1056 4900 1215 4954 quam
1254 4898 1395 4937 nunc
1442 4882 1657 4951 patitur.
1702 4882 1897 4935 Verum
1936 4880 2092 4948 quid-

526 4978 650 5031 dam
680 4989 761 5033 est
792 4980 931 5032 unde
958 4992 1042 5031 me
1067 4976 1165 5031 sibi
1192 4976 1565 5045 compatiendo
1590 4973 1769 5027 dolere
1800 4970 2092 5038 compellit.

527 5068 819 5124 Crescente
858 5082 1086 5137 namque
1116 5066 1428 5121 infirmitate
1461 5064 1714 5134 quadam,
1752 5077 1909 5130 quam
1942 5060 2092 5114 vobis

529 5170 713 5216 notam
759 5172 879 5212 esse
929 5159 1082 5221 dicit,
1133 5157 1210 5211 sic
1254 5154 1546 5223 sarpissimc
1590 5159 1843 5222 gravatur
1892 5160 1948 5202 ut
1993 5150 2090 5201 ali-

2204 3165 2391 3211 center
2413 3157 2667 3213 discimus
2690 3158 2758 3190 ⁸⁵³
2776 3174 2877 3229 ego
2902 3169 2957 3213 et
2984 3174 3100 3227 vos,
3121 3160 3247 3229 quid
3276 3160 3503 3217 invicem
3531 3161 3597 3216 de
3622 3162 3780 3218 vobis

2202 3246 2470 3317 possimus
2518 3262 2617 3318 pro
2664 3248 2817 3304 nobis
2860 3246 3133 3304 conﬁdere
3178 3266 3194 3303 :
3257 3250 3469 3319 dignius
3513 3251 3779 3307 tstimavi

2203 3337 2416 3392 easdem
2443 3334 2643 3415 gratias
2662 3339 2714 3392 in
2743 3353 2867 3392 arca
2899 3340 3092 3393 mentis
3116 3338 3329 3395 clausas
3348 3354 3589 3405 servare,
3608 3354 3785 3409 quare

3970 1476 3997 1493 Ι

2204 3442 2308 3482 non
2353 3428 2617 3497 ignoranti
2663 3428 2715 3480 in
2759 3426 3003 3482 chartula
3053 3428 3376 3484 describere.
3422 3428 3588 3500 Cujus
3628 3430 3776 3486 enim
3868 3466 3883 3484 .-

2201 3530 2416 3584 semper
2460 3528 2759 3586 promptam
2806 3516 3349 3597 bonamvoluutatcm
3380 3532 3501 3575 esse
3540 3531 3644 3573 non
3674 3518 3777 3572 du.

2202 3607 2343 3673 bitu;
2376 3623 2481 3660 non
2508 3607 2701 3671 solum,
2728 3621 2849 3661 cum
2885 3622 2981 3676 per
3006 3607 3298 3666 exhibitam
3323 3608 3429 3668 sibi
3458 3609 3777 3684 opportuni-

2202 3705 2365 3753 tatem
2390 3706 2664 3773 operatur,
2688 3698 2781 3757 Sed
2804 3715 3018 3771 semper
3036 3703 3228 3772 gratiis
3253 3704 3467 3785 dignum
3493 3704 3771 3759 existimo.

2158 3812 2159 3815 η
2199 3786 2460 3859 Quoniam
2513 3801 2691 3846 tamen
2739 3793 2946 3847 meritis
2986 3794 3180 3847 vestris
3219 3794 3284 3846 ad
3329 3809 3564 3863 pmsens
3606 3809 3776 3863 opere

2199 3884 2378 3951 aptius
2412 3880 2734 3951 respondere
2773 3899 2878 3937 non
2906 3872 3095 3949 valeo;
3133 3884 3411 3939 monachis
3450 3884 3643 3939 vestris
3672 3885 3772 3953 qui

2200 3986 2408 4035 mecum
2438 3977 2585 4033 sunt,
2613 3980 2869 4038 quantum
2905 3986 3141 4041 possum,
3169 3974 3309 4038 quod
3343 3973 3578 4028 tribuitis
3608 3979 3771 4032 retri-

2200 4060 2321 4115 buo.
2345 4062 2479 4127 Quia
2503 4065 2859 4120 desideratam
2883 4060 3013 4115 mihi
3036 4060 3261 4131 aliisque
3289 4059 3547 4118 fratribus
3572 4066 3772 4124 vestris

2197 4164 2430 4208 vestram
2456 4156 2795 4225 praesentiam
2818 4168 2986 4223 nuper
3006 4153 3350 4221 promisistis,
3372 4153 3417 4208 si
3442 4157 3770 4212 reverendus

2198 4244 2258 4297 ι).
2279 4246 2711 4316 archiepiscopus
2752 4260 2899 4299 mare
2922 4259 3024 4296 non
3049 4251 3191 4297 esset
3211 4243 3312 4297 hoc
3333 4253 3572 4315 tempore
3594 4253 3770 4299 trans-

2197 4334 2387 4397 iturus,
2430 4349 2728 4402 speramus,
2758 4335 2881 4402 quia
2913 4334 3171 4386 terminus
3212 4348 3241 4383 a
3288 4333 3438 4386 vobis
3482 4335 3767 4389 mamlatus

2197 4424 2472 4494 praeteriit,
2514 4426 2654 4495 quod
2697 4426 2836 4478 idem
2879 4422 3197 4478 venerabilis
3239 4420 3401 4477 Pater
3444 4423 3507 4476 ad
3551 4438 3648 4477 nos
3692 4425 3789 4478 sit»

2197 4524 2321 4567 ante
2350 4514 2553 4569 Pascha
2586 4521 2856 4569 venturus.
2907 4514 3056 4578 Quod
3100 4513 3300 4567 utinam
3328 4527 3450 4567 cum
3485 4512 3599 4582 ejus
3636 4528 3767 4582 pra-

2197 4618 2352 4672 spera
2393 4604 2664 4659 hilaritate
2703 4614 2757 4658 et
2803 4604 2959 4658 hilari
2996 4592 3348 4673 prusperitate
3391 4604 3511 4657 fiat!
3543 4603 3601 4657 Si
3630 4618 3767 4657 vero
3800 4590 3817 4605 ⁶

2198 4693 2391 4762 ipsum,
2443 4695 2584 4747 sicut
2630 4696 3022 4759 existimamus,
3065 4711 3168 4750 non
3202 4694 3522 4760 viderimus,
3570 4694 3766 4749 scitetc

2199 4784 2320 4853 quia
2355 4800 2447 4837 vos
2480 4801 2507 4837 a
2549 4786 2726 4838 debito
2762 4785 3132 4852 promissionis
3167 4793 3374 4848 vestrae,
3408 4784 3508 4837 nisi
3555 4798 3647 4836 vos
3676 4784 3757 4837 vi-

2199 4874 2391 4941 dtho,
2428 4891 2529 4927 non
2558 4873 2719 4945 324
2760 4877 2807 4926 at
2830 4875 3104 4929 solvimus.
3134 4874 3337 4941 Quippe
3365 4874 3506 4942 quod
3542 4872 3762 4942 scripsi-

2200 4968 2294 5019 stis
2329 4982 2420 5020 vos
2450 4967 2513 5020 de
2542 4967 2768 5020 adventu
2808 4975 2989 5019 nostro
3021 4980 3237 5033 sperare
3272 4964 3537 5028 futurum;
3581 4964 3654 5017 ita
3684 4974 3764 5017 te-

2198 5074 2409 5120 nemus.
2441 5074 2503 5111 ac
2530 5056 2579 5111 si
2606 5056 2986 5127 polliceremiui
3016 5064 3347 5109 eventurum.
3382 5052 3579 5151 Valete.

1796 5325 2027 5382 VARle
2068 5320 2457 5377 LECTiONES.

606 5474 669 5504 "'7
698 5470 909 5523 [-‘aticns
929 5478 1105 5521 vestra
1132 5482 1227 5519 ms.
1253 5477 1467 5533 paterna
1492 5472 1665 5517 vestra
1719 5458 2150 5533 “{(Zharitativa
2178 5472 2271 5533 ius.
2308 5450 2638 5533 r-ltat'itatis'm
2714 5449 2777 5484 ¹’⁵⁸
2802 5450 2943 5533 Pum
2978 5448 3158 5533 afﬂigit
3185 5450 3482 5533 ms._tlirin:t
3514 5444 3773 5533 quotidie

536 5520 717 5610 amigii
741 5520 857 5568 ﬁli“
882 5520 1223 5590 ii.Alib:ttetn
1255 5520 1362 5587 'ms.
1412 5534 1693 5585 Dominum
1743 5528 2016 5582 Albcrlum
2095 5528 2151 5556 '5‘
2186 5523 2310 5576 (lum
2352 5521 2570 5588 vrwfulo
2603 5536 2699 5573 ms.
2733 5520 2921 5573 collum
3001 5520 3066 5549 ’δ’
3092 5520 3345 5573 Mavortio
3368 5534 3465 5573 ms.
3492 5520 3756 5574 maurieio

539 5614 605 5643 "‘
647 5606 886 5663 lucinius
930 5624 1025 5657 ms.
1055 5606 1305 5658 discimus

3732 5980 3745 5989 ”
3822 5990 3977 6037 1.1.:
