4214 6196
591 126 722 185 vim

588 336 785 394 lterum
823 337 964 401 dico,
994 336 1137 405 quod
1166 351 1381 405 semper
1418 337 1559 399 volo,
1595 336 1728 391 vale.

1025 447 1357 503 EPISTOLA
1397 448 1584 502 XXXV
1627 449 1713 500 ηε.

1161 555 1228 593 ΑΒ
1268 554 1585 593 ιιΑυιιιτιωι.

650 628 806 695 Quod
836 646 941 683 non
969 628 1159 683 scn'bat
1187 630 1250 682 ob
1274 630 1543 697 penuriam
1571 626 1980 689 tubelfariorum,
2013 629 2103 692 qui

684 701 941 767 epistolas
957 699 1192 767 deferant
1204 714 1229 762 ;
1247 698 1371 765 petit
1388 698 1710 764 aplwrismos
1732 713 1847 749 cunt
1862 697 2069 766 glossis.

660 790 837 845 Fratri
868 800 920 843 et
950 790 1056 845 lilio
1086 804 1183 843 suo
1206 787 1530 841 charissima
1559 788 1625 819 ¹⁹⁹
1665 788 1959 853 ΜΑυιιιτιο,
1992 787 2157 841 frater

588 881 894 942 ANSELIUS,
935 879 1171 949 divinam
1221 876 1272 929 in
1305 877 1579 947 prosperis
1626 876 1944 941 custodiam,
1978 876 2029 930 in
2061 875 2155 929 ad-

588 970 761 1035 versis
785 968 1135 1023 munitionem
1168 965 1256 1019 “°.

662 1056 719 1111 Si
767 1057 868 1111 hoc
896 1063 1059 1119 esset,
1092 1055 1234 1125 quod
1278 1063 1468 1124 questa
1517 1064 1599 1109 est
1652 1065 1740 1107 tua
1786 1044 1981 1109 dilecta
2024 1053 2153 1107 mihi

589 1148 803 1202 dilectio
827 1146 879 1200 in
900 1146 1136 1201 secunda
1154 1161 1249 1201 sua
1278 1146 1405 1199 mihi
1426 1144 1691 1198 destinata
1716 1144 1963 1215 qiistola,
1991 1146 2153 1214 quod,

588 1236 794 1291 scilicet
820 1243 874 1290 te
914 1235 1229 1307 negligendo
1259 1234 1419 1289 nullis
1447 1220 1734 1289 te'uostris
1766 1235 1982 1300 litteris,
2009 1244 2157 1304 post-

586 1342 747 1397 quam
771 1340 923 1380 mare
950 1326 1207 1390 transisti,
1236 1324 1595 1391 visitaverim;
1619 1325 1858 1395 quolibet
1878 1334 2156 1381 asserente

587 1432 677 1472 me
700 1417 862 1473 nimis
892 1416 1332 1491 inconvenienter
1357 1415 1556 1487 egisse,
1599 1432 1703 1470 non
1734 1418 2075 1473 defenderem
2102 1424 2157 1472 et

586 1506 839 1562 omnibus
868 1504 1169 1568 tacentibus
1201 1504 1321 1575 ipse
1343 1520 1428 1560 me
1458 1521 1563 1559 non
1612 1504 1823 1561 modice
1866 1506 2157 1577 reprehen-

1143 129 1199 182 S.
1240 128 1532 184 ΑΝεΕωιι
1570 129 1916 188 CANTUAR.
1958 129 2274 187 ARCliliiP.
2301 129 2451 185 OPP.
2488 129 2665 186 PARS
2702 129 2787 184 ΙΙΙ.
2818 159 2891 171 -
2926 130 3299 192 EPISTOLA‘L

588 248 967 321 impedimenta
1018 260 1158 309 mea,
1224 248 1351 309 tuis,
1396 262 1545 318 rogo,
1600 263 1686 301 me
1734 260 1873 316 saepe
1922 245 2150 299 laetifica.
2181 248 2229 306 Α
2256 218 2556 300 Gondullus
2604 259 2698 316 per
2740 245 2973 315 aliquem
3020 246 3121 301 hoc
3160 249 3419 317 perficere
3449 242 3669 320 poterit,
3701 250 3821 319 ejus

2257 351 2401 390 curm
2426 339 2767 408 designatum
2797 338 3030 393 dimitte.
3059 332 3224 392 Multo
3254 348 3433 394 tamen
3471 340 3663 395 melius
3688 345 3817 405 erit,

2254 427 2300 481 si
2336 426 2638 495 exemplum
2670 427 2871 494 ipsum,
2910 436 2970 481 ut
3016 427 3144 481 mihi
3188 430 3641 495 accommodetur,
3675 429 3819 484 idem

2255 519 2482 572 domnus
2516 517 2815 571 Gondulfus
2858 518 3064 587 poterit
3102 519 3412 586 impetrare.
3451 519 3635 574 Saluta
3666 510 3823 573 dom-

2255 625 2382 663 num
2434 606 2773 674 llerluinum,
2807 623 3035 664 monens
3062 617 3205 664 utet
3237 608 3337 665 sibi
3362 618 3419 664 et
3453 610 3585 665 mihi
3613 626 3825 667 memor

2230 700 2325 754 .sit
2355 699 2479 753 tnei.
2519 696 2668 754 Vale.

2691 806 3021 865 EPISTOLA
3052 807 3268 864 XXXVI
3296 809 3385 863 η’.

2828 917 2895 954 ιι)
2924 886 3236 958 ,Διἰειτυιι,

2255 990 2432 1060 Refert
2455 991 2652 1062 gratias
2680 992 2744 1049 de
2770 991 3008 1129 Μιὶιιήιὶἰ
3031 990 3299 1112 Becco/isis
3326 1006 3475 1067 cura,
3520 1002 3568 1045 et
3597 992 3823 1047 οοιιειιίῑι

2864 1077 3015 1128 ngam
3038 1077 3173 1113 mou
3198 1078 3233 1115 ι.

2864 1077 3015 1128 ngam
3038 1077 3233 1115 strenu.

2326 1151 2572 1221 quiino,
2604 1151 2777 1212 fratri,
2810 1150 2986 1204 amico
3032 1151 3084 1204 in
3126 1150 3340 1205 Christo
3395 1160 3597 1213 amato,
3643 1160 3699 1204 et
3755 1151 3824 1203 ad

2252 1239 2523 1297 Christum
2551 1241 2855 1295 desiderato
2884 1241 3163 1304 Aeaea-ro,
3199 1239 3367 1293 frater
3394 1240 3694 1298 Auseuus.
3722 1255 3828 1309 pro

2254 1331 2564 1387 cmicstibus
2596 1340 2808 1385 terrena
2835 1330 3133 1400 despicere,
3183 1343 3282 1400 pro
3310 1330 3538 1385 terrenis
3581 1330 3824 1385 ccelestia

2253 1422 2550 1491 percipere.

2322 1510 2439 1565 Non
2472 1509 2649 1565 solum
2682 1507 2981 1577 premium,
3015 1508 3109 1562 sed
3138 1506 3221 1561 vel
3241 1507 3447 1577 gratias
3484 1504 3659 1562 fateor
3710 1520 3821 1573 me,

588 1596 792 1651 derem.
836 1594 996 1649 Absit
1036 1594 1181 1648 enim
1234 1603 1293 1649 ut
1338 1608 1501 1664 quem
1547 1611 1577 1648 a
1602 1586 1794 1664 puero
1825 1604 1879 1650 et
1920 1612 1950 1649 a
1983 1598 2157 1667 prima
2190 1591 2548 1671 Bsecunduql
2582 1595 2835 1651 meritum
2886 1602 3126 1649 vestrum
3151 1602 3204 1649 et
3246 1592 3570 1647 desiderium
3620 1607 3825 1657 meum,

588 1683 891 1754 cognitione
921 1690 1075 1738 tanto
1097 1682 1299 1749 studio,
1346 1697 1445 1754 pro
1476 1682 1697 1740 modulo
1732 1696 1861 1736 mem
1886 1685 2050 1754 possit
2072 1684 2155 1738 ili-

586 1774 737 1839 tatis,
792 1782 843 1828 te
882 1783 1038 1839 teste,
1088 1773 1286 1852 dilexi,
1342 1784 1567 1829 nuncete
1611 1776 1899 1847 negligam,
1931 1791 2055 1829 cum
2087 1776 2154 1829 ad

584 1880 794 1920 morum
822 1864 1145 1934 probitatem
1174 1874 1228 1919 et
1259 1879 1497 1920 amorem
1530 1865 1643 1930 Dei,
1668 1876 1929 1936 quantum
1956 1866 2139 1936 largiri

584 1954 800 2025 dignata
828 1963 916 2009 est
946 1969 1180 2024 superna
1208 1954 1517 2021 clementia,
1547 1956 1859 2025 profeceris,
1887 1965 1941 2011 et
1962 1958 2015 2011 in
2040 1948 2156 2011 dies

585 2045 779 2100 nitaris
797 2044 1107 2114 prolicere':
1135 2046 1278 2115 quod
1304 2060 1516 2115 semper
1540 2047 1607 2101 de
1635 2057 1689 2101 te
1716 2048 2043 2102 desideravit
2060 2063 2157 2103 cor

587 2132 1334 2205 meum,etsategitstndium
1375 2150 1579 2189 meum.
1624 2134 1821 2206 Utique
1864 2144 2153 2206 antequam

588 2231 707 2298 tuas
737 2222 867 2279 tuihi
913 2215 1124 2293 priores
1172 2223 1379 2279 litteras
1418 2210 1835 2305 transmitieres,
1881 2243 2025 2281 meas
2059 2228 2153 2282 tibi

586 2316 1032 2371 transmittendas
1080 2330 1179 2385 per
1228 2317 1487 2385 primum,
1545 2319 1636 2388 qui
1690 2334 1750 2375 se
1796 2328 2153 2389 opportunmn

584 2404 868 2460 exhiberet
901 2406 1170 2469 nuntium,
1213 2420 1553 2474 paraveram.
1587 2407 1693 2461 Sed
1749 2421 1870 2461 cum
1907 2408 2153 2461 eumdem

585 2492 828 2563 cpistola:
885 2502 989 2549 tua:
1030 2494 1257 2549 latorem
1295 2508 1589 2564 congruum
1621 2495 1989 2550 existimarem
2023 2509 2156 2548 mea:

587 2582 899 2650 relatorem,
949 2584 1179 2655 contigit
1219 2599 1366 2648 etim,
1424 2596 1619 2653 printer
1665 2601 1813 2655 spem
1864 2594 1919 2641 et
1970 2594 2154 2640 votum

586 2689 743 2729 suum
771 2684 827 2729 et
856 2690 1056 2739 meum,
1100 2684 1208 2728 tam
1246 2675 1336 2728 diu
1378 2676 1651 2730 demorari
1696 2686 1754 2729 ut
1781 2692 1897 2745 mea
1926 2675 2155 2745 epistola

587 2772 695 2819 tum
742 2765 911 2834 priori
964 2764 1295 2834 respondens
1336 2765 1449 2834 jam
1496 2767 1699 2836 scripta
1739 2781 1770 2820 a
1823 2766 1913 2819 tua
1944 2766 2154 2821 visione

590 2853 778 2908 tandiu
808 2853 1135 2919 dilferretur,
1167 2855 1337 2910 donec
1366 2855 1599 2912 secunda
1633 2866 1720 2909 tua
1753 2852 1882 2909 mihi
1909 2854 2158 2910 deﬂ’erre-

590 2952 701 2999 tur.
722 2941 875 2999 Licet
902 2944 1047 2999 enim
1078 2945 1231 2999 multi
1271 2943 1621 2999 Northmauni
1651 2947 1720 2999 ad
1747 2946 1950 3013 Anglos
1975 2954 2153 2998 trans-

589 3038 747 3110 eant,
785 3032 1096 3102 paucissimi
1140 3041 1319 3088 tamen
1358 3043 1483 3088 sunt
1525 3034 1639 3104 qui,
1670 3048 1753 3088 me
1780 3034 2155 3101 sciente,_hoc

594 3117 841 3186 faciant;
862 3122 913 3176 in
940 3122 1135 3192 quibus
1162 3123 1500 3192 paucissimis
1527 3123 1610 3177 vix
1646 3132 1729 3177 est
1759 3122 1972 3192 aliquis,
1994 3138 2153 3191 quem

590 3221 831 3266 nostram
864 3212 1183 3287 legationem
1216 3213 1333 3267 sine
1359 3212 1612 3267 dilatione
1642 3222 1697 3265 et
1727 3228 1831 3265 non
1877 3213 2153 3282 negligen-

591 3311 675 3357 ter
704 3301 970 3357 facturum
998 3303 1282 3358 confidam.
1320 3302 1423 3356 Sed
1465 3310 1522 3355 ut
1565 3317 1652 3356 res
1677 3303 1738 3333 “‘
1769 3303 1882 3371 ipsa
1908 3317 1991 3356 me
2013 3303 2154 3371 apud

591 3406 769 3447 meum
798 3402 1021 3448 excuset
1060 3393 1483 3459 criminatorem,
1527 3394 1661 3448 duas
1705 3409 1855 3448 meas
1900 3394 2153 3462 epistolas

589 3484 798 3539 duabus
825 3485 928 3537 tuis
956 3485 1339 3553 respondentes
1371 3484 1527 3538 mitto
1551 3498 1648 3551 per
1678 3494 1890 3537 tuarum
1932 3482 2151 3537 latores.

588 3574 658 3629 Et
710 3576 965 3643 quoniam
1021 3590 1142 3632 cum
1191 3577 1497 3645 importuno
1548 3577 1677 3629 mihi
1721 3590 1807 3631 res
1848 3588 1953 3643 est,
2007 3579 2182 3646 quod-

589 3662 903 3734 singillatim
944 3664 1162 3732 suisque
1209 3665 1541 3732 temporibus
1586 3664 1766 3720 facere
1812 3680 1918 3719 non
1970 3666 2147 3735 potui;

588 3752 783 3806 saltem
806 3752 963 3806 simul
994 3754 1076 3824 ad.
1087 3753 1514 3821 persuadendum
1537 3754 1831 3818 incredulo,
1856 3763 1912 3807 et
1935 3754 2149 3808 satisfa-

590 3842 840 3896 ciendum
884 3843 1183 3912 suspicioso
1228 3842 1408 3897 facere
1438 3845 1701 3913 disposui.
1744 3844 1895 3905 Illud,
1936 3853 2153 3913 propter

590 3932 733 4001 quod
783 3942 1059 4002 tantopere
1088 3949 1173 3988 me
1204 3935 1509 3989 reverenda:
1535 3935 1734 3988 domini
1766 3944 1821 3989 et
1850 3935 2024 3989 Patris
2064 3951 2155 3990 no-

590 4024 688 4078 stri
763 4023 1150 4094 archiepiscopi
1225 4026 1422 4079 instare
1494 4026 1767 4079 sanctitati
1844 4026 2147 4093 postulasti,

591 4122 795 4181 quanto
820 4111 1109 4167 studiosius
1131 4113 1425 4175 secundum
1454 4122 1596 4166 tuam
1635 4113 1958 4167 voluntatem
1980 4115 2147 4183 potui,

2255 1688 2441 1759 pietati
2472 1680 2663 1743 vestra:
2688 1700 2793 1739 non
2824 1698 2983 1754 posse
3014 1682 3307 1755 rependere
3357 1698 3454 1753 pro
3511 1682 3827 1737 misericor-

2254 1776 2362 1840 dia,
2405 1790 2566 1845 quam
2603 1773 2800 1829 dilecto
2856 1771 3010 1826 fratri
3045 1786 3166 1827 meo
3212 1769 3463 1824 Mauritio
3498 1770 3551 1825 iu
3590 1769 3828 1825 infirmi-

2257 1873 2365 1918 tate
2393 1880 2488 1918 sua
2515 1863 2775 1930 dignatur
2796 1861 3104 1930 impendere
3131 1877 3145 1913 :
3194 1860 3450 1929 quoniam
3482 1870 3659 1914 tamen
3689 1859 3826 1916 διιε-

2257 1968 2375 2006 rum
2413 1961 2681 2021 utcunque
2700 1952 2876 2016 valeo,
2908 1951 2974 2004 ad
3008 1949 3241 2005 alterum
3303 1948 3484 2004 tamen
3516 1950 3828 2021 nullatenus

2256 2044 2491 2109 sullicic;
2523 2044 2755 2114 injustas
2783 2044 2912 2097 mihi
2943 2043 3129 2098 videor
3151 2044 3197 2097 si
3218 2044 3269 2097 iu
3298 2059 3380 2108 eo,
3404 2045 3546 2112 quod
3582 2059 3825 2113 possum,

2257 2134 2469 2189 deﬁcio.
2490 2134 2705 2189 Gratias
2740 2135 2905 2204 igitur
2932 2142 3129 2197 tantas,
3159 2145 3361 2203 quanta
3388 2148 3505 2187 mea
3556 2134 3824 2202 possibili-

2258 2235 2340 2281 tas
2363 2237 2469 2292 est,
2494 2225 2707 2291 refero;
2734 2226 2827 2279 sed
2871 2224 3151 2293 premium
3189 2224 3344 2279 vobis
3395 2224 3562 2279 multo
3600 2224 3827 2295 cpuleu-

2257 2318 2363 2371 tius
2389 2332 2417 2370 a
2451 2314 2670 2371 Christo
2700 2314 3027 2369 reddendum
3058 2328 3300 2377 reservo,
3340 2314 3431 2368 cui
3460 2313 3559 2383 ipsi
3602 2312 3826 2367 inﬁrmo

2256 2422 2442 2461 curam
2465 2405 2748 2469 exbibetis,
2798 2404 2915 2475 ipso
2946 2412 3104 2470 teste,
3160 2403 3213 2456 in
3242 2402 3341 2457 auo
3361 2417 3521 2458 servo
3550 2402 3822 2459 lauritio.

2256 2497 2452 2551 Precor
2473 2498 2636 2552 etiam
2659 2506 2943 2567 quatenus,
2974 2495 3115 2550 sicut
3137 2509 3230 2549 vos
3259 2495 3559 2549 mercedem
3586 2510 3690 2548 non
3722 2504 3820 2548 ue-

2220 2578 2221 2581 “
2257 2588 2402 2642 debit
2423 2586 2715 2655 perfectam
2744 2586 3055 2655 percipere;
3089 2586 3163 2639 ita
3193 2576 3302 2638 non
3330 2584 3535 2652 pigeat,
3556 2594 3822 2653 quantum

2257 2676 2309 2729 in
2336 2675 2487 2729 vobis
2527 2685 2633 2738 est,
2668 2675 2955 2729 sanitatem
2986 2674 3254 2743 inceptam
3282 2672 3559 2741 perlicere.
3600 2670 3705 2727 Sed
3735 2673 3826 2727 his

2256 2761 2563 2831 praemissis,
2585 2775 2704 2830 qua:
2730 2759 2952 2814 debeam
2981 2773 3078 2828 pro
3107 2760 3409 2829 gratiarum
3434 2759 3676 2824 actione;
3700 2775 3829 2828 qua:

2258 2863 2556 2922 sequuntur
2586 2860 2746 2906 erunt
2772 2852 2839 2905 de
2862 2850 3093 2919 quadam
3113 2865 3276 2920 quam
3300 2846 3455 2905 vobis
3504 2850 3681 2904 adhuc
3722 2851 3826 2904 de—

2255 2944 2356 2997 beo
2382 2942 2744 3011 responsione.
2769 2932 2910 2995 Olim
2941 2954 3199 3009 namque.
3239 2954 3363 2994 cum
3404 2938 3603 2994 litteris
3629 2949 3830 2994 vestra

2256 3033 2561 3088 dilectionis
2594 3030 2881 3100 rescripsi;
2910 3046 3016 3085 non
3073 3037 3263 3094 totum,
3290 3030 3434 3099 quod
3468 3038 3647 3084 mente
3693 3045 3827 3084 con-

2260 3140 2532 3194 ceperam,
2552 3123 2831 3192 descripsi.
2859 3122 3133 3189 Quatenus
3176 3132 3355 3179 vestra
3388 3122 3669 3192 prudentia
3717 3123 3829 3176 mi-

2257 3231 2356 3271 nus
2384 3214 2661 3270 fastidiose
2690 3211 2760 3245 ³⁸⁸
2785 3214 3105 3283 perciperet,
3131 3214 3271 3282 quod
3310 3213 3568 3282 scriptum
3595 3211 3701 3268 sibi
3720 3214 3835 3279 ωἰ-

2258 3320 2360 3360 nus
2374 3304 2603 3359 verbose
2612 3304 2958 3374 perspiceret.
2975 3304 3055 3357 Ad
3069 3304 3308 3358 eamdem
3340 3305 3500 3371 igitur
3514 3305 3828 3374 responsio-

2255 3415 2376 3453 nem
2388 3400 2791 3470 pertinet,quod
2805 3400 3023 3456 inferius
3032 3401 3254 3472 epistola
3273 3415 3509 3471 pszcsens
3535 3401 3646 3456 hac
3656 3402 3830 3455 conti-

2255 3498 2364 3541 net.
2386 3487 2515 3541 Cum
2528 3503 2653 3543 vere
2666 3488 2913 3543 dilectam
2926 3490 3054 3543 mihi
3068 3490 3401 3543 honestatem
3415 3486 3829 3553 vestram,tanto

2253 3576 2430 3629 studio
2453 3575 2789 3631 dilectionem
2816 3577 2933 3631 vilis
2960 3578 3287 3641 homunculi,
3317 3593 3489 3633 meam
3514 3579 3653 3645 dico,
3683 3577 3821 3633 aﬂ'e«

2254 3673 2404 3718 ctare
2430 3664 2681 3719 intueor:
2715 3665 2901 3734 utique
2928 3666 3070 3719 illam
3098 3675 3243 3720 tanta
3295 3681 3388 3720 sua
3422 3667 3822 3735 supplicatione

2254 3756 2427 3823 majus
2462 3755 2660 3824 aliquid
2690 3757 2908 3819 mereri,
2948 3772 3111 3825 quam
3142 3772 3291 3811 meus
3338 3759 3409 3811 sit
3457 3772 3610 3811 amor
3651 3759 3827 3812 conit-

2256 3854 2390 3898 teor.
2428 3844 2532 3898 Sed
2560 3845 2813 3913 quoniam
2845 3846 2988 3899 aliud
3045 3846 3171 3914 quid
3244 3848 3396 3901 vobis
3432 3846 3562 3902 dare
3616 3849 3827 3917 possim

2256 3934 2428 4000 majus
2454 3948 2637 3989 amore
2660 3950 2761 3988 non
2788 3936 2987 3999 habeo;
3022 3935 3193 4004 ipsum
3236 3950 3397 4003 quam
3430 3937 3689 4004 majorem
3718 3954 3825 4007 pro

2254 4037 2377 4075 nico
2403 4022 2614 4076 modulo
2644 4038 2880 4092 possum,
2910 4025 3160 4079 exhibeo.
3195 4025 3449 4092 Majorem
3506 4042 3635 4082 vero
3684 4027 3825 4083 dile-

2255 4114 2484 4169 ctionem
2511 4121 2658 4181 puto,
2697 4116 2838 4183 quod
2858 4130 2887 4167 a
2917 4130 3003 4168 me
3031 4130 3187 4169 nemo
3216 4116 3357 4171 valet
3385 4117 3620 4187 exigere,
3654 4131 3823 4187 quam

591 4204 647 4257 in
673 4204 905 4273 quadam
934 4220 1051 4259 mea
1080 4204 1154 4258 illi
1195 4206 1355 4258 missa
1380 4205 1602 4272 epistola
1636 4205 1812 4259 facere
1843 4206 2065 4259 tentavi.
2089 4205 2146 4260 Si
2185 4239 2231 4296 ο
2257 4216 2315 4261 ιιι
2336 4209 2492 4261 velim
2522 4222 2644 4261 eum
2676 4216 2927 4274 tanquam
2975 4205 3235 4272 mcipsum
3282 4205 3518 4275 diligere
3576 4205 3823 4276 Quapro-

593 4292 777 4363 igitur,
808 4308 926 4347 cum
956 4293 1073 4361 ejus
1114 4308 1327 4361 semper
1372 4294 1527 4347 nobis
1565 4294 1929 4362 amplectenda
1959 4297 2151 4363 gratia,

592 4393 645 4437 te
674 4384 745 4437 ad
777 4398 893 4447 nos,
922 4384 1215 4438 secundum
1242 4384 1383 4451 quod
1419 4384 1509 4437 tibi
1544 4385 1776 4451 expedit,
1806 4395 1861 4439 ct
1886 4400 1985 4455 ego
2012 4397 2064 4440 et
2096 4398 2149 4440 tu

590 4474 979 4538 desideramus,
1011 4475 1187 4528 redire
1210 4474 1369 4543 325
1392 4475 1696 4541 contigerit,
1724 4478 1864 4545 quod
1893 4478 2151 4545 scriptum

592 4565 697 4619 crit
749 4565 816 4619 de
864 4566 1177 4634 aphorismo
1244 4574 1415 4616 tecum
1461 4564 1609 4618 atier.
1667 4565 1881 4621 Interim
1950 4576 2147 4628 tamen,

592 4663 847 4720 quantum
885 4656 1001 4707 sine
1032 4664 1120 4705 tuo
1151 4651 1484 4704 incmmnodo
1531 4662 1703 4722 potes,
1754 4654 1818 4708 de
1864 4662 2010 4713 textu
2044 4656 2145 4721 pri-

590 4760 738 4799 mum
767 4744 944 4808 ellice;
977 4743 1191 4805 deinde,
1227 4742 1269 4794 si
1319 4742 1415 4796 tibi
1442 4743 1676 4808 licuerit,
1708 4745 1773 4799 de
1799 4744 2017 4814 glossis;
2049 4744 2151 4798 hoc

595 4841 720 4885 ante
748 4832 925 4885 omnia
955 4846 1196 4893 servans,
1245 4840 1303 4882 ut
1334 4830 1589 4898 quidquid
1636 4847 1701 4885 ex
1756 4848 1822 4887 eo
1868 4832 2145 4896 detuleris,

593 4920 1001 4989 diligentissime
1048 4919 1118 4971 sit
1152 4927 1476 4974 correctum.
1512 4919 1732 4988 Siquid
1762 4936 1910 4985 vero,
1942 4932 1992 4974 te
2023 4922 2148 4974 red-

594 5021 772 5075 eunte,
808 5009 1079 5063 residuum
1110 5013 1232 5070 inde
1271 5012 1464 5075 fuerit;
1502 5012 1546 5066 si
1577 5022 1876 5081 opportune
1920 5014 2148 5067 domnus

2259 4306 2376 4366 pter
2405 4298 2449 4351 si
2476 4297 2629 4351 vobis
2663 4294 2903 4359 consulo,
2926 4294 3069 4362 quod
3104 4308 3187 4345 me
3207 4294 3360 4356 mihi,
3387 4308 3509 4348 cum
3535 4293 3612 4348 sic
3639 4308 3822 4349 essent

2259 4385 2399 4438 sicut
2424 4401 2518 4439 vos
2544 4400 2685 4441 nunc
2704 4385 2858 4446 estis,
2881 4382 3222 4451 singulariter
3241 4384 3592 4444 consuluisse,
3619 4397 3820 4439 consu-

2260 4474 2413 4527 lendo
2444 4474 2697 4537 tenuisse,
2726 4472 2954 4525 tenendo
2976 4486 3178 4531 amare,
3204 4471 3433 4525 amando
3472 4471 3655 4525 habitu
3690 4486 3823 4539 pro-

2257 4562 2415 4628 fiteri,
2443 4574 2497 4617 et
2519 4573 2630 4617 tota
2654 4565 2763 4616 vita
2796 4563 2890 4616 niti
2920 4563 3273 4632 cognoscitis;
3307 4577 3400 4617 vos
3427 4562 3528 4632 ipsi
3548 4563 3817 4633 judicatc,

2255 4654 2299 4707 si
2333 4654 2457 4713 illud
2489 4669 2739 4722 respuere
2764 4654 3024 4716 debeatis,
3056 4668 3176 4707 cum
3205 4654 3307 4707 hoc
3331 4667 3431 4721 ego
3477 4652 3628 4709 vobis
3678 4653 3820 4707 fide-

2252 4742 2375 4797 liter
2399 4744 2701 4806 exhibeam,
2727 4742 2867 4810 quod
2892 4756 2983 4795 vos
3001 4756 3031 4795 a
3050 4754 3140 4795 me
3170 4739 3479 4810 suppliciter
3503 4734 3817 4808 exposcitis.

2252 4834 2490 4902 Denique
2561 4834 2672 4901 ipsa
2754 4832 3073 4887 venerabilis
3132 4832 3332 4907 domini
3389 4839 3443 4886 et
3488 4830 3663 4885 Patris
3712 4847 3817 4887 no-

2251 4924 2353 4978 stri
2372 4923 2763 4991 archiepiscopi
2784 4922 3093 4987 auctoritas,
3128 4920 3279 4989 cujus
3298 4919 3558 4989 judicium
3586 4934 3689 4975 sua
3713 4934 3819 4973 nec

2250 5015 2363 5081 ipsa
2408 5014 2687 5082 prudentia
2716 5012 2849 5076 falli,
2882 5026 2979 5067 nec
3013 5011 3218 5080 justitia
3267 5010 3450 5066 fallere
3501 5009 3812 5080 permittet;

1823 5166 2053 5220 VARIA‘J
2090 5164 2482 5220 LECTIONES.

670 5300 733 5328 ’⁵⁸
764 5295 895 5348 Cum
927 5296 1105 5350 eodem
1127 5315 1222 5349 ms.
1252 5298 1439 5350 collata
1514 5301 1576 5330 ’³³³
1598 5298 1743 5351 Patri
1775 5309 1827 5352 et
1856 5298 1962 5350 tilio
1994 5314 2088 5350 suo
2117 5296 2430 5351 cliarissitno
2466 5313 2561 5347 ms.
2588 5305 2633 5347 et
2667 5294 2809 5349 Edit.
2848 5293 3075 5355 l’icardi,
3107 5293 3256 5346 fratri
3281 5300 3334 5346 et
3361 5290 3469 5344 filio
3491 5289 3813 5344 charissima

599 5370 663 5397 ’δ”
706 5368 759 5419 ιιι
811 5365 1048 5417 adversis
1102 5367 1446 5419 munitionem
1502 5385 1597 5419 ms.
1655 5369 1704 5420 iu
1754 5368 1974 5417 adversa
2033 5368 2378 5420 munitionem
2454 5366 2517 5395 ¹⁶¹
2564 5365 2666 5419 Sed
2693 5374 2744 5419 ct
2779 5379 2860 5418 res
2889 5381 2981 5417 ms.
3008 5364 3099 5419 sed
3126 5371 3183 5417 ut
3212 5374 3295 5417 res

1692 5438 1754 5465 ""
1778 5437 2069 5493 Fastidiose
2101 5453 2190 5488 ms.
2230 5437 2272 5487 i.
2307 5435 2542 5489 studiose

596 5436 827 5505 le'umpl.
855 5436 1146 5501 iu'u'nulutis
1178 5454 1269 5489 ius.
1298 5436 1384 5489 “2.0.
1428 5435 1616 5490 collata

706 5614 718 5639 δ

3364 5360 3431 5394 ⁸⁸³
3452 5359 3579 5413 Cum
3604 5361 3811 5416 ditath
