4214 6198
469 260 597 317 1109

1640 261 1765 317 LIB.
1795 262 1835 328 Ι,
1870 261 2083 317 EI‘IS'I‘.
2117 263 2394 321 XXXVIII.

3546 225 3678 320 ιιιο

466 376 603 440 ipsa,
633 376 870 442 inquam,
902 373 1152 429 decernat
1191 381 1365 429 utrum
1391 388 1485 428 vos
1529 373 1733 440 deccat,
1773 383 1864 428 aut
1892 376 2018 428 tnihi
2050 380 2093 437 Α
2127 375 2336 431 meritis
2378 375 2530 431 valde
2554 377 2917 446 praistantior,
2945 393 3043 446 ego
3081 378 3191 431 scio
3244 377 3295 430 in
3328 388 3411 430 me
3444 374 3575 429 nihil
3601 376 3693 430 vel?

462 473 567 514 uou
592 464 661 515 sit
687 461 1018 528 iniuriosum,
1049 472 1105 515 ut
1131 472 1364 516 nostram
1381 463 1530 531 vpbis
1556 462 1896 518 dilectionem
1920 479 2017 519 cx-

464 552 966 617 petendo‘asseratis
1007 551 1244 619 placere;
1273 562 1329 605 et
1379 552 1623 606 eamdem
1670 553 1861 623 ipsam,
1904 555 2018 623 ejus

463 652 640 704 usum,
669 636 721 691 in
747 652 855 705 quo
889 638 975 691 illa
1003 638 1179 691 verior
1205 646 1287 691 est
1335 642 1729 694 contemnendo
1783 643 2018 709 probetis

463 726 613 781 vobis
647 727 946 795 displicere.
972 727 1076 781 Sed
1106 743 1407 796 quanquam
1433 744 1536 782 non
1588 744 1682 783 vos
1737 731 1898 784 lateat
1953 734 2017 787 ad

461 813 587 883 quid
619 814 772 867 velim
808 816 1081 877 devenire,
1108 816 1385 868 consilium
1426 826 1601 869 tamen
1658 832 1854 880 meum,
1914 818 2019 870 imo

461 919 566 959 non
589 921 763 958 meum
781 906 872 958 sed
901 906 1015 969 Dei,
1045 920 1148 962 non
1180 919 1263 957 me
1291 906 1433 975 piget
1461 905 1659 960 clarius
1701 893 1934 976 aperire.
1962 906 2019 961 Si

461 998 623 1068 igitur
645 998 754 1067 jam
791 998 995 1067 experti
1029 998 1179 1061 estis,
1206 999 1453 1066 quoniam
1488 1014 1637 1052 omne
1658 998 1794 1067 quod
1844 1007 1918 1051 est
1966 999 2019 1051 in

460 1088 676 1150 mundo,
702 1087 1125 1156 concupiscentia
1161 1088 1334 1141 carnis
1366 1097 1485 1152 est,
1516 1098 1563 1141 et
1610 1090 2018 1158 concupiscentia

458 1178 747 1242 oculorum,
778 1188 824 1232 et
849 1179 1087 1247 superbia
1110 1177 1249 1241 vita,
1270 1195 1386 1246 quia
1411 1194 1512 1231 non
1540 1187 1613 1232 est
1640 1195 1705 1233 ea:
1728 1177 1907 1245 Patre,
1930 1179 2020 1233 sed

458 1284 523 1321 ea:
544 1268 734 1321 mundo
755 1278 827 1321 est
851 1284 870 1322 :
892 1269 934 1323 si
953 1268 1065 1337 jam
1089 1268 1410 1335 cognoscitis
1426 1269 1549 1336 quia
1570 1269 1797 1333 mundus
1824 1270 2022 1324 transi-

457 1354 537 1409 bit
560 1364 607 1407 et
627 1355 1038 1424 concupiscentia
1066 1354 1179 1421 ejus
1203 1353 1253 1421 (1
1264 1352 1506 1417 ⁴Ιοαη.·ιι,
1526 1354 1609 1421 16,
1631 1356 1717 1424 l7)
1733 1372 1747 1420 ;
1762 1357 1808 1410 si
1822 1357 2023 1427 legistis

462 1442 585 1512 quia
610 1444 809 1495 ami.us
855 1442 1034 1497 seculi
1074 1443 1251 1512 hujus,
1282 1444 1521 1497 inimicus
1551 1444 1647 1497 Dei
1691 1446 2025 1499 constituitur

463 1528 601 1595 (Jac.
639 1546 712 1593 tv,
744 1529 831 1600 4);
864 1531 910 1584 si
965 1531 1208 1596 creditis,
1249 1530 1373 1599 quia
1421 1532 1712 1601 quicunque
1762 1531 2022 1603 reliquerit

457 1620 668 1672 domum
698 1636 868 1681 suam,
896 1619 973 1674 vel
1000 1621 1209 1687 fratres,
1252 1631 1342 1672 aut
1396 1637 1619 1685 sorores,
1666 1631 1753 1674 aut
1802 1634 2020 1691 patrem,

2120 459 2396 513 minimum
2428 460 2625 528 aliquid
2647 475 2785 523 esse,
2818 460 2959 528 quod
2980 460 3192 533 dignum
3218 462 3287 513 sit
3316 460 3384 514 ad
3421 473 3680 529 augmen-

2122 559 2232 602 tum
2266 560 2457 605 vestrte
2482 551 2807 625 sanctitatisr
2839 551 3157 618 exspectari.
3204 549 3463 615 Quoniam
3504 553 3695 623 tamen

2120 646 2310 691 vestris
2343 637 2635 706 majoribus
2663 638 2815 692 bouis
2859 638 3102 691 desidero
3130 640 3468 706 participare,
3505 639 3699 713 nescio

2119 740 2223 794 qua
2275 725 2452 779 fronte
2490 727 2689 795 possim
2737 726 2887 779 vobis
2932 726 3395 795 participationem
3441 710 3701 781 meorum“

2120 815 2382 868 bonorum
2406 816 2799 883 qualiacunque
2821 816 3082 877 sint,cum
3097 829 3213 868 eam
3232 815 3565 878 desideretis,
3585 832 3654 869 ne
3669 846 3685 860 -

2120 917 2266 970 gare.
2296 901 2350 955 Si
2375 904 2501 969 quid
2538 902 2698 971 igitur
2726 902 2851 955 boni
2873 901 3028 955 J'esus
3050 900 3297 957 Christus
3316 902 3571 971 Dominus
3592 892 3684 956 no-
3710 949 3717 959 .

2116 998 2233 1044 ster
2268 990 2320 1043 in
2354 1005 2438 1043 me
2468 1000 2721 1058 operatus
2752 1000 2847 1043 aut
2880 999 3202 1059 operaturus
3224 1002 3328 1055 est,
3360 1007 3455 1044 oro
3481 1005 3602 1059 ego,
3635 1001 3687 1043 et

2118 1078 2382 1133 concedat
2414 1080 2526 1147 ipse
2558 1081 2852 1132 secundum
2880 1093 3062 1131 veram
3091 1080 3182 1133 Dei
3218 1090 3273 1133 et
3300 1080 3525 1149 proximi
3562 1080 3690 1133 cha-

2123 1170 2360 1232 ritatem,
2390 1176 2448 1221 ut
2478 1168 2629 1221 vobis
2655 1183 2759 1221 non
2788 1167 2943 1221 aliter
2982 1184 3142 1237 quam
3194 1169 3320 1223 mihi
3371 1169 3684 1239 imputetur.

2121 1256 2255 1312 Peto
2276 1257 2466 1319 etiam,
2518 1255 2642 1310 licet
2691 1247 2807 1310 mea
2864 1257 3051 1311 merita
3112 1272 3448 1327 nequaquam
3498 1258 3689 1329 vestris

2122 1346 2573 1417 possintazquari,
2618 1356 2676 1399 ut
2728 1357 2907 1401 vestra
2939 1347 3217 1401 beatitudo
3268 1361 3357 1404 nte
3395 1348 3687 1403 secundum

2123 1436 2365 1490 eamdem
2391 1434 2707 1488 charitatem
2741 1433 2806 1465 “'
2836 1449 3055 1489 suorum
3088 1436 3403 1490 meritorum
3445 1450 3690 1488 commu-

2124 1524 2271 1578 nioni
2306 1522 2646 1591 aliquatenus
2674 1522 2924 1591 dignetur
2970 1523 3274 1578 admittere.
3307 1516 3566 1591 Quamvis
3593 1538 3689 1577 au-

2127 1622 2231 1664 tem
2267 1624 2417 1664 mens
2439 1620 2617 1665 vestra
2646 1610 2828 1663 divino
2856 1608 3059 1679 Spiritu
3090 1610 3355 1665 ferventer
3384 1610 3561 1664 amata
3584 1624 3688 1664 non

460 1720 548 1761 aut
571 1719 808 1771 matrem,
836 1719 924 1762 aut
941 1724 1174 1774 uxorem,
1204 1718 1295 1763 aut
1320 1709 1474 1778 ﬁlios,
1521 1720 1613 1763 aut
1640 1727 1792 1779 agros
1814 1722 2024 1781 promer
2056 1691 2099 1744 Β

2126 1701 2361 1769 indigeat
2391 1700 2757 1756 admonitione
2793 1700 2889 1765 m;
2929 1700 3181 1755 deberem
3230 1708 3408 1756 tamen
3445 1715 3565 1770 ego.
3594 1714 3693 1769 pro

462 1815 646 1853 nomen
678 1816 865 1862 meum,
896 1801 1200 1869 centuplum
1229 1802 1463 1869 accipiet,
1492 1811 1539 1854 et
1567 1803 1726 1855 vitam
1778 1812 2024 1857 wlernant

458 1889 735 1957 possidebit
756 1889 969 1957 (Matth.
998 1906 1110 1953 xu,
1137 1891 1235 1957 29;
1271 1891 1438 1945 Marc.
1465 1907 1522 1958 ι,
1553 1892 1643 1958 25;
1690 1893 1819 1947 Luc.
1870 1910 2022 1958 xvm,

459 1975 593 2044 20):
634 1976 823 2031 hortor
861 1992 977 2041 vos,
1017 1979 1173 2033 nolite
1227 1979 1440 2050 diligere
1498 1982 1772 2048 mundum,
1826 1999 1917 2037 nec
1964 1999 2027 2037 ea

456 2080 577 2133 qua:
604 2067 656 2121 in
678 2065 867 2125 mundo
889 2076 1006 2120 sunt
1034 2066 1085 2136 (1
1098 2066 1256 2121 Joan.
1282 2084 1341 2132 ιι,
1370 2068 1597 2137 15);εθ‹1
1626 2068 1911 2139 relinquite
1937 2086 2025 2136 ea,

458 2166 512 2209 et
542 2156 836 2226 sequamini
863 2166 1231 2227 paupertatem
1262 2158 1481 2225 Christi,
1520 2170 1579 2213 ut
1612 2175 1708 2229 pro
1736 2162 1815 2217 eis
1839 2142 2031 2216 centu:

463 2245 610 2315 plum
687 2247 987 2315 accipiatis,
1040 2256 1094 2302 et
1148 2247 1312 2302 vitam
1361 2260 1619 2305 teternam
1685 2252 2023 2320 possideatis.

459 2334 655 2400 Amen,
682 2334 793 2389 liat.

893 2423 1221 2477 EPISTOLA
1253 2424 1488 2479 XXXVII
1518 2427 1603 2479 ¹⁶⁸.

1021 2528 1087 2565 ΔΙ)
1111 2529 1461 2568 FRODELINAM.

462 2600 759 2657 Paciscitur
798 2609 1031 2655 mutuam
1046 2617 1159 2653 cum
1180 2619 1238 2655 ea
1271 2605 1571 2657 meritorum
1596 2606 2026 2659 communionem.

532 2689 770 2744 Domina:
794 2690 1025 2753 eximie,
1056 2699 1108 2744 et
1138 2690 1268 2745 meti
1296 2706 1328 2745 ο
1361 2693 1665 2748 sanctitatis
1691 2710 1811 2747 cum
1845 2700 2028 2751 tinnire

462 2776 792 2853 reverendae,
832 2792 953 2831 cum
1000 2779 1313 2831 reverentia
1366 2781 1609 2845 amandae
1678 2781 2024 2843 Fnonauaaz,

458 2865 631 2923 frater
678 2869 957 2923 Αιιεειιιυς
1012 2868 1314 2933 Beccensis,
1353 2870 1458 2925 vita
1519 2884 1789 2940 peccator,
1839 2873 2025 2927 habitu

2125 1790 2306 1844 debito
2362 1806 2493 1845 mete
2542 1789 2913 1859 professionis,
2975 1789 3207 1859 aliquam
3261 1790 3690 1844 exhortationem

2128 1879 2371 1934 scribere
2419 1891 2613 1933 vestrae
2656 1879 2949 1943 sanctitati,
3001 1880 3102 1933 nisi
3159 1880 3396 1949 epistolae
3449 1881 3695 1934 timerem

2121 1968 2506 2039 prolixitatem.
2530 1969 2683 2035 Quod
2706 1970 2942 2023 debitum
2979 1968 3141 2024 donet
3196 1970 3333 2024 Deus
3371 1979 3427 2023 ut
3450 1970 3694 2040 aliquan-

2126 2061 2215 2126 do,
2238 2059 2321 2114 vel
2343 2060 2717 2129 colloquendo,
2741 2059 2821 2113 vel
2847 2059 3130 2114 scribendo
3160 2060 3482 2128 pet-solvam.
3509 2062 3696 2123 Omni,-
3720 2126 3725 2133 .

2125 2158 2317 2217 potens
2346 2150 2603 2203 Dominus
2633 2148 2712 2203 sic
2741 2164 2836 2202 vos
2862 2149 2913 2201 in
2943 2148 3223 2217 temporali
3262 2149 3370 2201 vita
3405 2148 3474 2202 ab
3521 2151 3697 2203 omni-

2126 2239 2227 2292 bus
2258 2238 2411 2291 malis
2436 2238 2725 2300 custodiat,
2748 2245 2806 2289 ut
2835 2252 2928 2291 vos
2955 2246 3076 2305 post
3106 2237 3243 2291 hanc
3275 2238 3435 2290 vitam
3461 2237 3514 2291 in
3538 2248 3696 2292 teter

2127 2325 2214 2379 nis
2250 2327 2404 2380 bonis
2451 2326 2766 2387 constituat,
2813 2326 3029 2397 domina
3087 2325 3333 2379 multum.
3367 2325 3417 2378 in
3479 2325 3699 2380 Christo

2128 2416 2357 2469 amanda
2388 2424 2442 2469 et
2486 2413 2807 2469 veneranda.
2840 2414 2954 2483 Ipse
2983 2413 3063 2468 sic
3111 2415 3339 2468 invicem
3371 2429 3457 2467 me
3508 2413 3699 2478 vestri;

2064 2554 2080 2565 ,
2126 2514 2183 2558 et
2223 2518 2319 2557 vos
2368 2502 2474 2557 mei
2512 2516 2778 2557 memores
2834 2502 2887 2556 in
2943 2517 3040 2556 suo
3085 2516 3271 2557 amore
3326 2500 3510 2567 faciat,
3543 2510 3601 2554 ut
3646 2512 3702 2556 et

2128 2593 2203 2647 illi
2245 2593 2473 2662 placeat,
2514 2602 2569 2647 et
2638 2591 2792 2646 nobis
2857 2591 2925 2645 ad
2981 2590 3144 2644 vitam
3198 2590 3370 2661 prosit
3420 2600 3696 2646 aeternam.

2126 2684 2322 2739 Amen.

2443 2774 2607 2844 326
2636 2772 2960 2829 EPISTOLA
2991 2772 3254 2829 xxxvnt
3285 2774 3383 2827 που,

2699 2901 2765 2939 AD
2793 2898 3154 2939 OUILLELIUI.

458 2957 778 3023 monachus,
800 2971 986 3011 servus
1018 2972 1294 3012 servorum
1322 2967 1375 3012 et
1408 2959 1718 3013 auc'llarum
1750 2960 1871 3027 Dei;
1905 2961 2027 3037 vim
2068 3041 2091 3043 μ
2130 2975 2204 3030 De
2241 2975 2425 3029 litteris
2456 2973 2718 3031 Cuillelmi
2770 2974 2868 3028 sibi
2908 2974 3103 3027 additis
3148 2972 3360 3043 gdudet,
3409 2988 3627 3039 eumque
3658 2988 3705 3026 ta

459 3046 739 3117 praesentis
767 3057 1175 3115 perseveranter
1223 3058 1553 3103 crescentem
1585 3052 1948 3117 sanctitatem,
1973 3060 2027 3107 et
2053 3041 2099 3102 C

462 3136 588 3190 vitae
614 3136 807 3192 futurae.
833 3145 1093 3192 aeternam
1123 3135 1458 3192 felicitatem:
1667 3193 1678 3200 _

534 3222 825 3293 Postquam
841 3227 1061 3280 odorem
1085 3234 1276 3280 vestra!
1316 3228 1467 3280 bona:
1496 3230 1670 3292 famae,
1708 3243 1827 3298 qua:
1873 3228 2030 3299 longe

462 3312 678 3383 lateque
723 3314 962 3369 suaviter
1014 3314 1260 3369 redolcns
1325 3318 1405 3369 cir
1440 3316 1693 3382 umvclat,
1755 3319 2026 3387 persensi;

458 3419 672 3474 semper
690 3405 986 3459 desideravi
1010 3405 1075 3459 ad
1096 3414 1326 3459 vestram
1342 3407 1585 3460 notitiam
1604 3408 1777 3477 aliqua
1795 3424 2030 3465 commo-

460 3493 528 3547 da
557 3495 838 3549 occasione
886 3496 1184 3564 pervenire,
1247 3504 1306 3549 ut
1361 3510 1455 3565 per
1506 3498 1750 3551 notitiam
1791 3514 2031 3553 mererer

460 3582 798 3655 aliquatenus
810 3585 876 3638 ad
899 3584 1190 3639 amicitiam
1205 3584 1530 3655 pertingere,
1547 3586 1705 3654 utqui
1732 3587 1885 3641 bouis
1900 3587 2033 3642 meis

462 3674 671 3729 meritis
690 3690 788 3729 me
825 3674 981 3729 video
1009 3674 1161 3728 valde
1190 3675 1444 3743 indigere,
1488 3676 1680 3730 vestris
1707 3691 1791 3730 me
1818 3691 2028 3745 possem

462 3762 851 3833 aliquantulum
879 3778 975 3831 per
996 3761 1275 3815 charitatis
1310 3765 1739 3818 communionem
1770 3765 2020 3820 miscere.

462 3850 569 3906 Sed
596 3852 796 3921 gratias
816 3866 916 3920 ago
941 3850 1050 3904 Deo
1072 3851 1217 3918 quia,
1270 3851 1397 3907 dum
1427 3851 1564 3907 hanc
1589 3852 1915 3909 voluntatem
1941 3870 2036 3926 ge-

462 3954 661 4002 rerem,
690 3947 746 3993 et
768 3932 1056 3993 voluntatis
1079 3938 1325 3993 ellectum
1378 3938 1444 3970 ³⁸⁸
1475 3941 1699 4009 cupidus
1745 3952 2028 4011 exspecta-

464 4045 599 4095 rem,
637 4031 941 4084 intimatum
964 4040 1047 4085 est
1071 4032 1197 4085 mihi
1229 4047 1324 4100 per
1358 4046 1698 4087 communem
1732 4035 1782 4087 in
1812 4034 2030 4090 Christo

463 4122 685 4176 fratrem
715 4131 769 4176 et
796 4122 1026 4175 amicum
1051 4130 1291 4193 nostrum
1341 4124 1595 4177 domnmn
1632 4124 1904 4193 Hugonem
1966 4127 2031 4158 ⁸⁸⁸

464 4210 725 4264 inclusum
759 4200 1173 4275 Cadomcnseni,
1221 4212 1345 4281 quia
1382 4214 1642 4267 sanctitas
1692 4224 1868 4268 vestra
1924 4233 2028 4271 non

463 4301 705 4355 dissimili
730 4302 922 4356 all‘ectu
953 4303 1179 4358 similem
1204 4304 1266 4357 de
1286 4320 1344 4358 se
1362 4306 1499 4374 apud
1523 4322 1607 4359 me
1630 4306 2031 4374 praestolaretur

460 4402 731 4446 eventum.
772 4392 1107 4463 Quapropter
1126 4396 1379 4464 quoniam
1414 4384 1686 4465 comperio
1731 4407 1785 4451 et
1814 4391 2028 4468 com’pc-

461 4483 611 4536 riens
636 4484 839 4553 gaudeo
866 4484 1138 4540 Christum
1166 4487 1428 4540 desideria
1482 4500 1679 4553 vestra,
1726 4504 1843 4555 qum
1872 4488 2030 4542 novit

462 4584 532 4628 ex
557 4584 652 4624 sua
680 4571 832 4625 nasci
854 4572 1174 4637 dilectione,
1236 4575 1389 4630 nobis
1442 4577 1809 4642 ignorantibus
1864 4592 2028 4631 exau-

464 4657 651 4724 diisse,
677 4668 838 4728 atque
868 4676 964 4715 uos
984 4662 1143 4715 etiam
1192 4664 1495 4717 nescientes
1546 4663 1761 4732 paribus
1794 4666 1932 4717 votis
1959 4664 2033 4718 si-

464 4745 686 4814 milique
712 4747 999 4802 dilectione
1021 4749 1293 4818 junxisse;
1322 4750 1432 4819 jam
1473 4766 1577 4804 non
1610 4752 1805 4807 timens
1849 4760 2027 4805 notam

463 4840 913 4909 praesumptionis,
945 4842 1096 4895 mitto
1133 4842 1283 4893 vobis
1323 4842 1529 4895 litteras
1553 4855 1699 4896 meas
1734 4857 1829 4911 per
1858 4842 2028 4897 conli-

463 4927 698 4983 dentiam
752 4939 947 4983 mutua:
1014 4931 1335 4985 dilectionis.
1396 4932 1461 4986 Et
1510 4932 1749 5001 quidem,
1814 4934 2024 4987 domina

462 5016 802 5085 charissima,
827 5028 881 5073 et
908 5019 1027 5073 ideo
1057 5020 1268 5072 do::;iua
1306 5028 1358 5073 et
1388 5021 1726 5086 charissima,
1750 5023 1871 5090 quia
1903 5023 2026 5077 vite

2582 3043 2761 3099 ueculi
2792 3044 3016 3097 vanitate
3041 3045 3243 3097 avertit.

2201 3132 2409 3186 Domno
2434 3132 2752 3194 reverendo,
2778 3129 2972 3184 allectu
2999 3137 3112 3185 toto
3140 3129 3410 3199 diligendo
3430 3138 3484 3183 ct
3507 3129 3729 3182 dilecto

2130 3220 2670 3285 Genuum-frater
2696 3221 2980 3275 Auseuus
3008 3234 3138 3273 suns
3163 3218 3250 3283 "°,
3286 3233 3385 3287 pro
3418 3232 3603 3271 amore
3627 3215 3704 3269 le—

2132 3309 2349 3364 licitatis
2380 3304 2836 3379 perseverantiam
2860 3305 2912 3360 in
2946 3306 3248 3374 proﬁcienti
3274 3305 3584 3368 sanctitate,
3609 3318 3704 3373 pro

2131 3397 2352 3467 praemio
2379 3395 2688 3450 sanctitatis
2712 3394 3068 3469 aeternitatem
3100 3394 3155 3448 in
3209 3393 3495 3450 stillicienti
3531 3392 3703 3448 felict-

2133 3498 2263 3541 tate.

2202 3576 2420 3630 Litterae
2446 3574 2619 3629 dulcis
2645 3573 2775 3629 mihi
2815 3582 3007 3630 vestrae
3046 3574 3390 3643 dignationis,
3429 3589 3563 3645 quas
3587 3554 3703 3630 sus-

2133 3669 2271 3739 cepi.
2298 3683 2393 3723 cor
2434 3683 2611 3723 meum
2640 3668 2821 3724 dilecti
2846 3669 3007 3723 vestri
3059 3669 3293 3723 nominis
3344 3669 3499 3723 titulo
3538 3669 3707 3723 hutili-

2132 3772 2414 3826 caverunt;
2442 3762 2689 3815 sublimis
2708 3760 3027 3819 humilitatis
3046 3760 3209 3816 odore
3235 3752 3560 3824 refecerunt,
3585 3777 3707 3832 pro-

2134 3847 2310 3904 fundae
2334 3849 2613 3903 cliarilatis
2640 3862 2831 3917 sapore
2858 3848 3211 3913 satiaverunt,
3242 3850 3341 3919 pia:
3363 3851 3705 3919 conquestio-

2133 3941 2218 3994 nis
2266 3938 2457 3995 all‘ectu
2508 3950 2964 4007 compuuxcrunt.
3016 3939 3255 4006 Quarum
3300 3940 3541 4009 petitioni
3578 3955 3699 3994 cum

2134 4045 2405 4100 nunquam
2429 4026 2590 4083 velim
2616 4028 2865 4093 deiicere,
2909 4032 3093 4099 utique
3144 4027 3315 4084 lateor
3367 4029 3705 4098 responsioni

2133 4136 2219 4175 me
2242 4135 2578 4189 nequaquam
2636 4135 2791 4189 posse
2831 4118 3096 4175 sullicere.
3128 4120 3262 4174 Cum
3312 4120 3455 4175 enim
3506 4122 3557 4175 in
3589 4128 3703 4175 toto

2136 4224 2220 4264 me
2253 4220 2308 4264 et
2333 4210 2385 4262 in
2412 4209 2661 4262 omnibus
2686 4223 2804 4277 qua:
2857 4211 2910 4263 in
2966 4225 3074 4263 me-
3102 4218 3247 4274 sunt,
3292 4211 3543 4264 conscius
3591 4211 3706 4280 ipse

2136 4301 2265 4355 mihi
2293 4300 2393 4355 sim
2418 4298 2549 4353 nihil
2570 4313 2690 4354 esse
2712 4300 2930 4368 dignum
2958 4307 3104 4353 tanta
3129 4299 3511 4367 postulatione,
3534 4309 3587 4354 et
3612 4315 3704 4353 ve-

2130 4400 2239 4447 stra
2271 4389 2557 4455 beneficia,
2584 4398 2659 4455 et,
2685 4389 2825 4459 quod
2852 4390 3008 4443 valde
3039 4390 3211 4459 majus
3234 4399 3289 4443 et
3314 4390 3441 4443 mihi
3478 4390 3697 4443 charius

2131 4488 2233 4540 est,
2266 4488 2441 4532 vestra
2472 4493 2600 4549 erga
2631 4493 2717 4532 me
2737 4476 2949 4531 dilectio
2981 4476 3099 4546 plus
3142 4486 3452 4532 mereantur
3502 4476 3567 4529 de
3618 4491 3705 4529 me

2131 4585 2291 4641 quam
2320 4569 2606 4639 meipsum,
2629 4579 2775 4622 certe
2798 4567 2940 4620 nulla
2969 4567 3163 4622 sullicit
3189 4565 3400 4621 all'ectui
3434 4581 3552 4618 meo
3588 4579 3707 4619 ver-

2132 4660 2324 4718 borum
2356 4659 2593 4722 devotio,
2622 4675 2728 4728 qua
2760 4659 2934 4723 vobis,
2982 4659 3107 4728 quia
3152 4658 3267 4728 plus
3305 4672 3408 4711 non
3466 4671 3705 4723 possunt.

2132 4748 2354 4805 offeram
2378 4750 2774 4818 memetipsum.
2807 4748 3086 4815 Quatenus
3112 4758 3285 4801 vestra
3313 4747 3573 4803 sanctitas
3605 4762 3707 4801 nec

2130 4841 2309 4910 jugem
2342 4840 2653 4894 memoriam
2684 4840 2788 4904 sui,
2814 4842 2865 4893 in
2893 4854 2978 4892 me
3008 4839 3215 4891 velutin
3233 4853 3329 4892 suo
3360 4839 3568 4892 dubitet
3597 4856 3702 4893 non

2135 4945 2291 5007 esse;
2320 4938 2376 4983 et
2404 4929 2450 4983 si
2480 4929 2608 4999 quid
2635 4928 2888 4983 divinitus
2915 4929 2985 4981 sit
3012 4927 3063 4981 in
3104 4940 3208 4991 me,
3245 4936 3393 4983 certa
3444 4928 3514 4981 sit
3561 4929 3711 4983 velut

2135 5021 2276 5089 quod
2308 5020 2387 5075 sui
2416 5028 2519 5084 est,
2548 5034 2703 5073 suum
2732 5032 2869 5072 esse.
2898 5016 3161 5083 Quoniam
3187 5016 3351 5084 igitur
3393 5031 3495 5069 non
3531 5017 3704 5071 solum

1753 5176 1838 5230 VA
1850 5176 1984 5230 lile
2025 5174 2427 5230 LECTIONES.

538 5327 606 5358 ¹⁶¹⁵
634 5314 784 5380 (Συηι
806 5330 985 5382 iisdem
1016 5348 1134 5384 mss.
1169 5333 1357 5385 collata
1404 5345 1448 5385 et
1479 5336 1594 5386 cod.
1621 5334 1817 5388 Lovau.
1890 5335 1957 5364 ³⁸⁸
1985 5333 2285 5387 Voluntatis
2344 5330 2589 5383 allectum
2641 5345 2764 5381 mss.
2816 5327 3104 5382 voluntatis
3136 5325 3381 5379 effectum
3430 5325 3545 5377 cod.
3578 5321 3699 5377 Lov.

468 5392 534 5473 ¹ξ⁶
563 5394 842 5473 Dominum
900 5398 1632 5473 Ilugouem‘mss.“Domuum
1686 5403 1991 5473 IIugonem_
2030 5402 2097 5473 f“
2176 5400 2230 5453 In
2292 5400 2515 5473 eattdem
2575 5398 2896 5473 charitatem
2957 5414 3095 5473 mss;
3141 5394 3432 5473 secundum
3481 5392 3710 5447 eandem

462 5461 783 5518 charitalem
820 5483 916 5520 ms.

1014 5485 1101 5539 ou.
1127 5470 1191 5539 "f7
1245 5471 1479 5539 lndigeat
1519 5462 1922 5527 admonitione:
1962 5471 2211 5525 deberem
2248 5485 2372 5539 nisa.
2399 5470 2567 5520 omitt.
2599 5466 2961 5522 admonitione
3036 5466 3097 5497 "’
3137 5462 3267 5517 Cum
3306 5479 3409 5517 ιϐηο
3460 5477 3524 5516 εστ
3567 5476 3707 5531 PW'

466 5529 592 5603 fatis
618 5548 741 5587 mss.
778 5536 967 5591 collata
1047 5538 1110 5569 ⁸⁷⁸
1144 5537 1329 5593 Frater
1359 5529 1484 5595 suus
1527 5543 1808 5596 Anselmus
1846 5557 1967 5598 mss.
2018 5540 2185 5595 frater
2216 5536 2497 5593 Ausclmus
2526 5552 2652 5592 suus
