4214 6194
624 350 781 433 ιιιιν

1108 350 1165 404 S.
1206 348 1503 405 ANSELMI
1530 348 1881 406 CANTUAI'L
1922 346 2244 421 ARClllEP.
2282 346 2435 404 OPP.
2473 346 2653 405 PARS
2688 347 2779 404 lll.
2808 379 2880 391 —
2916 348 3295 421 EPISTOLIE.

3735 355 3865 413 HI?

623 468 911 538 arationis,
940 467 1032 522 sed
1053 475 1107 521 et
1130 464 1443 521 monitionis
1472 468 1535 521 et
1570 458 1894 521 omnimodze
1948 465 2202 520 sollicilu~
2235 472 2279 527 Α
2310 465 2451 520 aliud
2502 475 2689 533 restat,
2738 467 2857 523 nis.
2883 476 2966 532 ut,
3009 468 3152 538 quod
3180 469 3431 525 omnibus
3467 476 3551 521 est
3591 469 3863 527 honestum

624 534 768 614 diuis
788 556 1085 612 debitorem
1113 570 1201 610 me
1226 555 1340 611 scio
1369 556 1512 617 illius
1539 556 1719 621 saluti,
1751 555 1905 624 cujus
1936 556 2199 623 meipsum

624 663 743 702 esse
774 644 1062 715 profiteor;
1121 655 1294 715 rogat,
1334 654 1515 700 monet
1545 646 1769 700 dilectus
1818 645 1986 699 fidelis
2028 652 2206 698 vester

624 750 692 788 ue
718 741 929 788 arescat
969 749 1066 802 per
1103 748 1343 788 amorem
1376 734 1558 789 szeculi
1594 747 1778 786 semen
1808 732 1961 785 bonae
2012 732 2203 785 volun-

625 824 773 888 tatis,
825 824 966 891 quod
996 824 1047 875 iu
1072 823 1225 877 vobis
1251 837 1344 891 per
1369 822 1607 875 divinant
1685 828 1992 889 respectum
2041 820 2206 888 capit

621 913 957 980 germinare;
991 930 1056 967 ne
1083 924 1363 968 teneantur
1385 912 1589 981 laqueis
1618 911 1796 967 saeculi
1826 913 1989 981 pedes
2016 914 2204 977 vestri,

620 1004 711 1071 qui
732 1001 848 1069 jam
871 1020 982 1058 non
1001 1003 1171 1059 solum
1193 1017 1288 1071 per
1309 1015 1471 1070 opera
1499 997 2017 1067 misericordim,sed
2041 1011 2095 1057 et
2111 1018 2206 1071 per

622 1096 870 1152 celsioris
922 1097 1152 1150 tramitis
1196 1095 1545 1150 intentionem
1582 1094 1632 1149 in
1667 1095 1751 1149 via
1792 1104 1993 1150 acterna
2022 1110 2205 1165 cmpe-

622 1197 750 1241 runt
780 1188 1073 1241 ambulare.
1112 1185 1223 1240 Sed
1245 1186 1474 1257 sollicite
1512 1188 1804 1241 avertendo
1844 1188 2023 1242 oculos
2052 1201 2204 1241 meu-

624 1278 696 1333 tis
719 1290 932 1342 vestra‘,
964 1295 1026 1332 ne
1054 1272 1267 1333 videant
1298 1280 1575 1333 vanitatem
1630 1279 1797 1349 (Psal.
1852 1294 2041 1345 cxmt,
2078 1278 2203 1347 57);

623 1384 837 1438 semper
864 1385 956 1423 eos
985 1384 1081 1436 per
1105 1369 1499 1424 itzdeflcientem
1529 1370 1883 1424 intentionem
1914 1385 2206 1427 conversos

622 1458 867 1513 habeatis
887 1460 953 1513 ad
984 1458 1288 1513 veritatem.

1028 1566 1035 1571 '
1116 1548 1443 1603 EPISTULA
1472 1548 1711 1602 XXXIX.

1193 1655 1263 1693 AD
1293 1655 1624 1695 IAURITIUM.

932 1733 1004 1786 Se
1029 1732 1288 1799 accepisse
1325 1747 1545 1785 ntunera
1575 1732 1902 1784 transmissa.

2304 557 2513 623 amicis,
2544 559 2854 615 concedatis
2897 560 3145 645 libenéer.
3178 561 3418 617 Salutate
3462 561 3651 615 ducem
3687 570 3741 615 et
3782 578 3863 618 ve.

2305 648 2597 702 aembilem
2642 648 2859 702 Patrem
2903 660 2959 704 et
2997 652 3273 706 dominum
3322 662 3570 706 nostrum
3618 651 3865 707 domuum

2302 737 2550 793 abbatem
2588 739 2674 801 ⁸⁷⁸.
2718 748 2773 795 et
2816 755 3006 796 omnes
3048 742 3274 796 dilectos
3308 742 3557 797 dominos
3592 732 3870 798 et‘fratres

2304 841 2539 897 nostros,
2581 834 2674 902 qui
2704 832 2982 889 vobiscum
3022 843 3167 890 sunt.
3204 832 3325 889 Pax
3363 835 3482 902 Dei,
3512 853 3629 906 quae
3658 853 3866 906 exsupe-

2305 934 2385 977 rat
2413 940 2615 977 omnem
2646 941 2876 988 sensum,
2921 927 3183 980 custodiat
3224 926 3387 981 corda
3411 938 3577 981 vestra
3603 938 3650 981 et
3684 928 3872 982 intelli-

2303 1013 2503 1083 gentiae
2525 1025 2719 1085 vestrae
2748 1013 3002 1087 (Philipp.
3035 1034 3110 1082 Iv,
3134 1018 3214 1088 7).

2588 1102 2589 1105 “
2774 1105 3119 1163 'EPISTOLA
3156 1107 3270 1162 XLI
3312 1108 3405 1162 ⁸⁷⁷.

2848 1236 2915 1275 an
2953 1235 3327 1291 usususus.

2306 1329 2594 1401 Lanfranci
2642 1335 2948 1387 modestiam
2992 1335 3057 1388 de
3094 1350 3365 1388 munerum
3402 1312 3651 1388 tenuitate
3687 1337 3875 1404 pra'di-

2377 1414 2495 1466 cat;
2533 1414 2581 1456 et
2625 1404 2689 1457 de
2725 1404 3099 1458 monachorum
3144 1404 3457 1458 abstinentia
3497 1419 3648 1458 suam
3676 1415 3876 1459 senten-

2379 1474 2505 1525 tiam
2526 1474 2746 1541 profert.

2382 1562 2609 1616 Domino
2637 1576 2754 1635 suo
2810 1571 2865 1617 et
2913 1552 3059 1617 Palri
3102 1562 3511 1632 archiepiscopo
3556 1563 3876 1627 reverentia,

2309 1652 2454 1705 cultu
2481 1651 2567 1713 η’,
2598 1660 2654 1706 et
2700 1651 2900 1706 amoris
2938 1650 3130 1707 abiectu
3179 1651 3496 1720 dignissimo
3533 1651 3881 1715 ιλιιηιτιιωιω,

2310 1756 2440 1795 suus
2484 1738 2817 1807 subiectione
2865 1748 2921 1793 et
2950 1754 3134 1795 amore
3178 1753 3367 1795 servus
3409 1748 3466 1795 et
3513 1739 3655 1795 filius
3712 1740 3881 1795 frater

694 1822 807 1878 Suo
837 1824 1186 1878 dilectissimo
1215 1824 1389 1878 amico
1418 1832 1474 1878 et
1505 1822 1689 1889 fratri;
1738 1825 2066 1893 etquoniam
2106 1826 2209 1879 hoc
2243 1809 2285 1863 Β
2309 1831 2611 1897 Ausstuus,
2641 1832 2783 1899 quod
2813 1845 2969 1891 suus.

623 1916 818 1969 clarius
843 1914 1077 1978 auditur,
1096 1914 1422 1969 citarissimo
1449 1913 1559 1969 filio
1581 1913 1879 1979 Msuntrto,
1907 1916 2075 1970 frater
2098 1916 2209 1969 AN-

623 2021 849 2071 seuws,
880 2006 1128 2065 salutem.
2206 1990 2217 1997 ’

694 2093 996 2152 Pretiosum
1044 2112 1239 2151 munus
1270 2098 1519 2165 pretiosae
1544 2098 1674 2150 mihi
1705 2107 1808 2151 tua:
1825 2090 2130 2153 dilectionis
2145 2114 2207 2154 ea

623 2185 910 2249 charitate,
940 2200 1046 2254 qua
1070 2186 1291 2239 missum
1324 2195 1423 2247 est,
1451 2186 1693 2253 suscepi;
1720 2194 1774 2240 et
1798 2185 1850 2238 in
1876 2201 2000 2241 eum
2028 2201 2207 2254 usum,

623 2281 693 2334 ob
716 2280 1031 2349 ampliorem
1063 2280 1142 2333 tui
1176 2278 1519 2341 memoriam,
1549 2294 1708 2348 quem
1756 2278 1996 2347 postulas
2044 2294 2209 2347 penes

627 2382 715 2421 me
738 2382 1047 2423 mansurum
1078 2370 1371 2424 constitui:
1415 2385 1521 2422 non
1582 2378 1812 2433 tantum,
1859 2379 1916 2423 ut
1952 2372 2207 2439 recipiam

624 2448 793 2523 aliud,
823 2459 963 2513 sicut
984 2460 1276 2528 promittis,
1327 2468 1586 2526 quantum
1613 2460 1739 2527 quia
1767 2460 1845 2514 sic
1869 2461 1961 2514 tibi
1994 2461 2209 2529 placere

623 2556 681 2603 et
702 2564 803 2619 ego
822 2551 956 2615 scio,
980 2527 1036 2604 et
1067 2561 1120 2604 tu
1152 2550 1429 2621 signiﬁcas
1461 2552 1563 2605 tuis
1592 2551 1771 2605 (lictis.
1802 2550 1909 2605 Pro
1948 2527 2055 2620 quo
2080 2527 2209 2623 2ιαῖ-

627 2638 732 2693 tias
759 2639 855 2694 tibi
882 2641 1171 2697 scribendo
1196 2640 1475 2704 referrem,
1512 2641 1610 2693 nisi
1658 2650 1710 2693 tu
1739 2640 1906 2699 scires
1931 2642 2059 2710 quia
2091 2642 2214 2710 plus

627 2729 831 2805 aliquid
861 2741 1083 2799 paratus
1117 2732 1189 2785 fui
1235 2731 1329 2784 tibi
1370 2745 1583 2800 semper
1631 2730 1889 2791 tribuere.
1922 2741 2210 2800 antequam

627 2829 773 2874 esset
806 2823 947 2891 quod
974 2837 1186 2890 possem
1222 2822 1539 2875 retribuere.
1574 2820 1801 2890 Semper
1829 2823 1971 2876 enim
2020 2822 2096 2876 fui
2158 2832 2214 2877 et

627 2925 749 2966 sum
779 2914 1178 2982 ntemetipspm,
1208 2921 1261 2967 et
1281 2913 1423 2983 quod
1446 2925 1688 2982 possum,
1718 2913 1811 2967 tibi
1836 2923 1889 2969 et
1916 2930 2015 2982 pro
2043 2924 2093 2969 te
2114 2929 2211 2984 pa-

628 3012 783 3057 ratus
817 3004 1147 3073 impendere.
1174 3003 1413 3058 Festinat
1443 3003 1605 3069 lator,
1626 3017 1812 3069 cogor,
1843 3020 1963 3073 qua:
2008 3020 2213 3059 conan—

630 3101 720 3146 tur
743 3108 1048 3163 erumpere,
1082 3096 1247 3151 animi
1276 3098 1439 3150 verba
1487 3097 1782 3164 reprimere
1813 3113 1825 3144 :
1884 3096 1986 3150 hoc
2033 3105 2210 3151 tamen

627 3182 928 3251 subinfero,
961 3186 1102 3253 quod
1134 3186 1228 3239 tibi
1261 3185 1355 3251 fui,
1386 3187 1486 3240 hoc
1516 3186 1771 3255 persiste.
1801 3186 1951 3241 Vale.

1129 3275 1464 3331 EPtS’l‘OLA
1509 3276 1601 3345 xi.
1643 3278 1736 3330 ιτι.

1215 3380 1281 3417 ΑΒ
1319 3378 1629 3419 ηειαοτυη.

853 3454 1195 3510 Commendat
1225 3454 1271 3506 ei
1300 3444 1506 3521 Rogerii
1535 3454 1737 3507 abbatis
1764 3454 2015 3521 fratrem.

598 3538 616 3561 '
707 3547 916 3601 Domno
975 3554 1029 3600 ct
1082 3544 1229 3597 Patri
1302 3546 1598 3607 revereudo
1665 3546 1842 3601 amico
1904 3546 2219 3602 dulcissimo

636 3638 893 3692 Nemora
922 3636 1089 3689 frater
1110 3636 1411 3695 Ausecuus.
1444 3635 1569 3688 vitae
1598 3638 1882 3705 praesentis
1907 3639 2217 3691 diuturnam

635 3730 1081 3799 prosperitatem,
1111 3734 1166 3780 et
1208 3722 1405 3778 futurm
1434 3733 1691 3779 mternam
1725 3726 2056 3779 felicitatem.

708 3824 947 3875 Domuus
993 3817 1156 3872 abbas
1203 3817 1465 3883 ltogerius
1512 3815 1577 3847 ⁸⁷⁸
1627 3826 1807 3871 certus
1850 3818 1915 3871 de
1965 3817 2116 3871 vobis
2166 3825 2220 3870 et

636 3914 706 3970 de
748 3928 851 3974 me,
880 3912 1005 3981 quia
1037 3910 1117 3963 sic
1146 3924 1244 3963 nos
1275 3909 1324 3962 in
1354 3923 1450 3963 cor
1478 3923 1645 3962 unum
1690 3917 1745 3961 et
1788 3908 2027 3961 animam
2056 3922 2217 3961 unam

638 4006 777 4075 ignis
821 4003 1103 4058 charitatis
1153 4000 1445 4067 conflavit,
1498 4008 1556 4054 ut
1606 4001 1937 4070 quod'alter
1986 4002 2218 4055 alterum

608 4090 779 4152 'scire
806 4096 1039 4150 noluerit
1063 4094 1151 4159 ‘7‘,
1182 4093 1285 4147 hoc
1316 4093 1429 4161 ipse
1461 4092 1605 4147 nolle
1641 4106 1749 4146 non
1780 4092 1971 4159 possit,
2003 4093 2155 4160 petiit
2187 4108 2218 4146 a

638 4200 727 4238 tne
764 4195 1032 4254 quatenus
1088 4180 1205 4249 ejus
1253 4180 1422 4234 frater
1472 4178 1787 4244 Gunfridus,
1845 4180 1937 4249 qui
1996 4180 2218 4234 Cadomi

638 4287 898 4340 moratur,
931 4284 1124 4329 vestrm
1150 4272 1424 4329 sanctitati
1471 4272 1945 4327 commendaretur
1972 4289 2068 4342 per
2115 4290 2218 4327 me.

639 4366 755 4421 Non
788 4376 846 4419 ut
871 4367 1182 4436 aliquando,
1206 4376 1297 4420 aut
1320 4366 1437 4435 ejus
1467 4363 1740 4431 iniustitia:
1766 4365 1818 4417 iu
1850 4365 2027 4434 aliqua
2056 4380 2219 4419 causa

586 4460 589 4465 λ
641 4474 671 4509 ιι
713 4458 865 4511 vobis
910 4458 1155 4512 faveatur
1205 4456 1293 4519 ³⁷⁸,
1332 4465 1424 4526 aut
1475 4454 1678 4524 aliquid
1722 4454 1789 4506 de
1833 4454 1947 4519 ejus
1976 4455 2217 4518 servitio,
2257 4453 2297 4525 ι)

641 4550 782 4619 quod
806 4551 1004 4603 domno
1036 4546 1213 4600 abbati
1241 4556 1295 4599 et
1327 4544 1657 4598 mooasterio
1691 4553 1872 4596 vestro
1908 4544 2089 4600 debet.
2124 4559 2220 4611 per

642 4656 737 4695 vos
768 4640 1075 4693 relaxetur:
1122 4640 1215 4690 sed
1268 4647 1324 4689 ιιι
1369 4636 1709 4699 charitatem,
1760 4650 1918 4701 quam
1954 4650 2046 4687 vos
2075 4634 2220 4686 (nnui

644 4729 894 4800 proximo
924 4727 1075 4781 scitis
1105 4727 1322 4787 debere,
1364 4722 1687 4776 familiarius
1728 4722 1823 4786 illi,
1856 4738 1976 4775 cum
2009 4723 2058 4774 id
2088 4722 2223 4774 ratio

643 4821 914 4877 videbitur
948 4820 1183 4887 exigere,
1234 4824 1455 4885 propter
1485 4829 1723 4869 amorem
1769 4822 2003 4868 vestrum
2033 4814 2222 4880 digne-

646 4913 777 4967 mini
821 4912 1100 4965 exhibere.
1140 4910 1195 4962 Si
1245 4908 1409 4977 igitur
1452 4906 1660 4976 iudicat
1708 4904 2001 4977 prudentia
2040 4913 2223 4957 vestra

645 5004 769 5072 quia
817 5001 959 5069 quod
988 5007 1171 5053 tantus
1200 4973 1407 5051 aulicus
1440 4973 1526 5051 tne
1556 4973 1793 5064 postulat
1819 5008 1924 5045 non
1972 4973 2225 5045 iitdecen-

647 5106 751 5159 ter,
804 5093 1106 5146 nullatenus
1154 5104 1370 5159 possunt
1409 5102 1605 5156 negare
1654 5086 1721 5117 ³⁷⁵
1755 5085 2047 5139 decenter:
2093 5082 2228 5135 nihil

2384 1922 2539 1978 Sicut
2559 1934 2782 1991 paterna
2808 1930 2983 1976 vestra
3007 1920 3221 1977 dilectio
3246 1919 3419 1976 nescit
3445 1934 3550 1973 non
3576 1933 3695 1973 esse
3724 1917 3878 1981 mihi,

2321 2025 2518 2085 etcum
2550 2030 2658 2069 non
2689 2013 2939 2083 largitur,
2966 1996 3254 2075 munifica;
3300 2019 3356 2064 et
3388 2024 3509 2064 cum
3549 2022 3743 2063 secura
3776 2015 3883 2069 est,

2313 2106 2578 2170 sollicita;
2612 2104 2683 2157 ita
2715 2104 2926 2166 scitote,
2958 2103 3067 2155 imo
3093 2101 3244 2155 scitis
3280 2099 3591 2153 fidelitatem
3620 2105 3879 2161 nostram,

2312 2208 2516 2252 etcum
2563 2202 2722 2258 tacet,
2764 2205 3033 2260 nunquam
3065 2204 3183 2245 esse
3226 2189 3509 2257 ingratam.
3552 2186 3685 2241 Cum
3738 2183 3880 2240 enim

2317 2288 2452 2342 mihi
2498 2287 2565 2317 ω
2589 2300 2694 2338 non
2728 2284 2943 2337 mittitis
2962 2298 3029 2335 ex
3066 2276 3163 2335 usu
3205 2281 3403 2334 dilecto
3437 2277 3678 2333 dilectori
3706 2287 3883 2331 vestro

2315 2378 2549 2445 pretiosa
2598 2389 2843 2437 munera,
2872 2372 3066 2427 blande
3102 2369 3481 2426 satisfaciendo
3508 2369 3886 2437 pretiosiorem

2316 2466 2587 2519 mandatis
2614 2462 3047 2522 excusationem;
3083 2468 3139 2513 et
3162 2473 3283 2511 eum
3310 2458 3446 2512 certi
3482 2456 3603 2511 sitis
3633 2471 3721 2510 me
3751 2453 3886 2509 nihil

2316 2564 2501 2609 contra
2550 2552 2908 2607 Christianam
2957 2549 3116 2603 fidem
3164 2548 3381 2613 sentire,
3413 2546 3658 2615 satagitis
3689 2545 3758 2576 ‘”
3802 2555 3883 2599 ta-

2317 2662 2460 2709 men,
2493 2662 2559 2699 ne
2586 2660 2746 2713 quam
2777 2643 2845 2697 de
2890 2656 2978 2696 me
3016 2640 3299 2710 pravitatis
3344 2637 3428 2692 vel
3464 2637 3656 2692 falsam
3689 2636 3886 2706 aliquis

2318 2738 2490 2807 possit
2528 2736 2727 2791 habere
2772 2732 3104 2801 opinionem.
3153 2728 3358 2799 Quippe
3404 2727 3553 2793 talis,
3585 2727 3765 2798 qualis
3798 2727 3886 2781 illa

2320 2823 2441 2886 fuit,
2472 2837 2632 2892 quam
2656 2820 2784 2875 mihi
2814 2819 3045 2882 fecistis,
3071 2832 3351 2871 munerum
3377 2816 3674 2877 exottsatio,
3706 2830 3831 2869 cum
3854 2831 3884 2867 ιι

2324 2890 2725 2968 t'anto'tautillo
2766 2912 2846 2974 fit,
2885 2926 3081 2964 munus
3118 2918 3203 2962 est
3242 2906 3411 2985 multo
3454 2906 3741 2975 pretiosius
3770 2890 3920 2975 pur?

2320 3019 2454 3074 pura
2480 3013 2535 3057 et
2558 3016 2709 3056 auro.
2744 2999 2912 3066 Quod
2933 3000 3120 3066 utique
3147 3010 3343 3058 munus
3369 3010 3472 3048 non
3517 2994 3742 3049 misistis
3770 2994 3893 3048 ideo

2321 3094 2463 3162 quod
2508 3108 2577 3146 eo
2616 3106 2704 3146 me
2745 3090 2986 3159 indigere
3028 3086 3319 3156 putaretis,
3369 3098 3491 3139 cum
3544 3098 3891 3153 nequaquam

2319 3187 2580 3255 ignoretis
2604 3183 2731 3236 illud
2775 3181 2906 3236 mihi
2936 3180 2989 3234 in
3020 3178 3199 3232 cordis
3232 3190 3357 3231 arca
3389 3189 3603 3243 semper
3642 3174 3892 3229 recondi-

2321 3286 2465 3341 ttnn;
2498 3274 2592 3329 sed
2640 3273 2765 3342 quia
2812 3270 3114 3340 benignitas
3146 3275 3321 3321 vestra
3366 3266 3611 3319 nuntium
3656 3279 3687 3318 a
3734 3279 3795 3320 se
3823 3264 3889 3317 ad

2320 3381 2407 3420 me
2453 3378 2679 3417 vacuum
2714 3361 2948 3414 transire
2981 3358 3091 3427 pati
3124 3372 3229 3412 non
3276 3355 3471 3425 potuit.
3519 3353 3701 3425 Neque
3748 3355 3891 3410 enim

2320 3474 2441 3512 cum
2471 3465 2647 3510 vestra
2679 3452 2912 3521 suscipio
2950 3452 3113 3512 dona,
3155 3463 3303 3521 Opus.
3328 3448 3500 3501 habeo
3525 3460 3711 3500 eorum
3741 3460 3893 3498 com-

2320 3548 2685 3611 mendatione,
2730 3559 2849 3612 quae
2890 3542 3196 3596 nullatenus
3240 3538 3429 3593 dubito
3453 3552 3579 3591 vera
3622 3536 3728 3589 mei
3764 3534 3893 3589 dile-

2278 3650 2281 3651 ⁷
2320 3640 2503 3695 ctione
2542 3638 2699 3691 fieri:
2734 3638 2908 3702 neque
2948 3647 3069 3689 cum
3108 3646 3212 3685 non
3258 3629 3502 3689 afﬂuunt,
3535 3626 3751 3696 indigeo
3793 3639 3891 3679 ex-

2321 3729 2631 3790 cusatione;
2663 3724 2788 3793 quia
2841 3732 3022 3776 certus
3065 3737 3182 3775 sum
3227 3736 3287 3773 ea
3325 3732 3539 3773 cessare
3591 3716 3774 3785 aliqua
3825 3714 3894 3745 ’“

2316 3818 2461 3887 justa
2495 3816 2727 3879 ratione,
2749 3826 2909 3883 quam
2942 3811 2987 3864 si
3017 3812 3293 3865 vobiscum
3321 3808 3695 3877 intelligerent,
3727 3805 3896 3874 elige.

2298 3924 2435 3963 'retn
2483 3907 2780 3960 vobiscum.
2829 3904 2979 3969 Quod
3026 3911 3202 3955 autem
3256 3898 3580 3968 praecipitis,
3631 3908 3705 3961 ut,
3743 3895 3896 3949 circa

2322 3995 2581 4065 quasdam
2614 4009 2718 4047 non
2772 4008 2940 4055 meas,
2985 4006 3085 4044 nee
3126 3989 3350 4055 alicujus
3396 3984 3686 4041 Christiani
3718 3994 3929 4038 αδεσπ-ρ

2325 4086 2518 4150 tiones,
2566 4082 2883 4152 simpliciter
2910 4095 3071 4148 quam
3102 4093 3186 4152 tne
3213 4078 3363 4130 scitis
3409 4085 3613 4138 tenere,
3642 4072 3896 4127 veritatis

2323 4173 2644 4229 sententiam
2673 4150 2981 4241 proferam,
3014 4150 3327 4237 ‘gra‘issime
3373 4163 3600 4232 accipio,
3628 4171 3681 4215 et
3720 4162 3899 4215 liben-

2325 4264 2531 4319 tissime
2580 4262 2790 4316 obedio.
2850 4259 3015 4313 Didici
3066 4258 3119 4310 in
3172 4255 3355 4309 schola
3401 4254 3705 4308 Christiana
3752 4250 3899 4322 quod

2326 4339 2501 4417 teneo,
2546 4351 2776 4407 tenendo
2815 4364 3021 4413 assero,
3052 4348 3340 4400 asserendo
3386 4343 3546 4415 327
3578 4357 3736 4407 amo;
3767 4342 3897 4409 quia

2324 4446 2368 4499 si
2400 4447 2519 4513 quis
2544 4458 2729 4498 eorum
2770 4442 2858 4510 qui
2891 4440 3088 4493 habent
3120 4433 3479 4503 substantiam
3494 4432 3710 4513 imundi,
3740 4430 3899 4484 dede-

2326 4537 2400 4589 rit
2424 4512 2683 4603 indigenti
2730 4531 2810 4583 vel
2838 4530 3057 4584 calicem
3090 4542 3241 4595 aqum
3286 4512 3513 4594 frigidm,
3549 4530 3770 4591 propter
3807 4535 3901 4573 ve-

2329 4641 2445 4677 rum
2470 4612 2710 4677 amorem
2743 4620 2834 4674 Dei
2864 4627 2921 4673 et
2948 4616 3199 4687 proximi,
3228 4612 3621 4682 elecmosynam
3663 4608 3814 4669 facit,
3845 4613 3899 4659 et

2327 4728 2431 4766 non
2467 4714 2653 4781 perdet
2698 4709 3000 4763 mercedem
3044 4721 3195 4759 suatn
3228 4702 3277 4773 (1
3326 4701 3487 4754 Joan.
3539 4714 3621 4761 Ill,
3659 4696 3772 4765 Π).
3824 4695 3902 4745 De

2328 4802 2716 4855 monachorum
2784 4812 2912 4850 vero
2969 4792 3289 4849 abstinentia
3345 4790 3445 4843 hoc
3498 4786 3709 4848 sentio;
3771 4784 3900 4852 quia

2330 4900 2533 4961 quanto
2570 4885 3003 4958 majore’antore
3050 4884 3141 4936 Dei
3190 4889 3281 4933 aut
3330 4878 3556 4949 proximi
3600 4874 3902 4929 monachus

2332 4988 2399 5038 ab
2428 4982 2688 5052 appositis
2730 4980 2832 5034 sibi
2860 4976 3128 5030 alimentis
3170 4970 3506 5031 abstinuerit,
3542 4977 3687 5020 tanto
3728 4963 3902 5031 majo-

2323 5064 2447 5133 rem
2486 5088 2541 5132 et
2581 5077 2710 5145 facit
2757 5074 3176 5140 eicemosynam,
3209 5075 3263 5120 et
3306 5064 3536 5133 acquirit
3571 5059 3898 5115 mercedem.

1962 5234 2193 5289 VARle
2238 5228 2633 5286 LECTIONES.

740 5385 799 5411 ¹⁷¹
835 5381 964 5432 Cum
1019 5378 1195 5430 eodem
1246 5394 1341 5427 ms.
1389 5374 1579 5427 collata

656 5455 965 5506 Fate-antur
1020 5465 1119 5499 ius.
1172 5449 1414 5497 laventur

661 5521 943 5575 hominum
980 5529 1222 5570 llthll‘lllll
1255 5516 1516 5566 Domuum
1547 5514 1807 5565 Abbatcm

658 5604 702 5646 et
736 5589 848 5643 Col.
892 5589 1023 5642 1575
1096 5588 1164 5616 ’7⁸
1229 5584 1573 5638 llt'vet't‘ttlia.
1601 5581 1768 5642 t'ttlltt,
1796 5597 1915 5630 mss.
1958 5579 2272 5631 l’CVt'l't'llllll!
2308 5575 2450 5646 vultu

1436 5652 1498 5677 "‘
1538 5651 1605 5701 l'I't
1640 5651 1811 5716 aliqua
1841 5666 1962 5699 mss.
1997 5664 2056 5696 ra
2090 5660 2302 5696 russarc
2330 5644 2501 5711 aliqua

661 5660 920 5728 δίιιιιᾳίιίέι
950 5676 1040 5709 ms.
1086 5659 1128 5708 Ι.
1158 5654 1355 5720 satagit

1662 5374 1725 5402 ¹⁷²
1783 5374 2041 5439 llogerius
2092 5387 2188 5421 ms.
2250 5368 2491 5439 Roget-us

1494 5444 1559 5473 ¹⁷³
1603 5443 1826 5494 l’usstttn
1863 5438 2059 5508 negare
2109 5455 2207 5489 ms.
2241 5438 2439 5504 possint
2474 5447 2667 5503 negare
2750 5438 3143 5508 ²ῖ“.υυιιιιιιιιιιι
3200 5438 3438 5508 ttosuntn
3490 5438 3785 5508 ﬂllgzzlfllll.

1886 5478 2102 5561 “ﬁlium
2133 5478 2333 5558 duobus
2360 5521 2478 5554 mss.
2507 5478 2679 5553 itfms.
2707 5498 2951 5565 pra'tlit'lu
2975 5495 3103 5565 Cod.
3134 5490 3323 5542 collata
3350 5499 3394 5539 et
3426 5500 3541 5564 cum
3565 5482 3707 5565 Ειίἰξἒ

2592 5363 2658 5393 ¹⁷³
2700 5359 2849 5413 Scire
2915 5355 3144 5409 noluerit
3187 5369 3283 5403 ms.
3332 5350 3471 5404 scire
3518 5345 3726 5399 noverit
3836 5342 3903 5373 ‘7‘

2750 5429 2815 5459 ⁸⁷⁸
2863 5428 3143 5480 Dominum
3200 5429 3438 5473 nostrum
3490 5416 3901 5480 Alibatettt__uts.

2528 5545 2958 5623 $413.3};
2986 5545 3103 5617 ιιιίδί
3132 5577 3253 5612 mss.
3296 5573 3415 5611 cum
3445 5554 3586 5609 enim
3621 5548 3759 5605 mihi
3832 5545 3907 5581 ⁸⁸⁸
