4214 6264
501 352 639 411 IIIS

972 455 1303 514 EPISTOLA
1339 450 1476 510 XLII
1502 453 1589 505 ‘3'.

1116 565 1182 601 Αι)
1220 560 1510 601 HENRICUII.

501 642 649 697 Dolet
672 640 810 713 quod
834 642 919 695 vix
940 639 1394 759 scribeudi’rigqne
1418 636 1619 706 legendi
1638 644 1685 690 et
1708 634 1895 689 orans’i
1910 634 2071 687 etiam

1201 725 1253 759 ta
1290 717 1397 759 eat.

1201 717 1397 760 taceat.

571 800 799 861 Damno,
840 798 1044 858 amico,
1080 794 1233 848 fratri
1260 794 1581 849 cbarissimo
1606 794 1868 857 liexmco,
1906 791 2075 845 frater

498 889 783 941 Ansautus
803 926 818 950 ,
859 887 981 937 vitae
1012 884 1293 953 przesentis
1318 892 1635 955 prosperam
1663 882 2071 937 diuturnitatem

496 986 554 1033 et
581 978 780 1032 futura:
810 975 1019 1029 felicem
1058 975 1126 1007 ’⁸³
1146 976 1529 1029 :eternitatem.
1934 1034 1937 1035 ν

566 1062 889 1136 Quanquam
936 1082 1064 1120 vera
1117 1065 1335 1121 dilectio
1377 1065 1543 1120 semel
1587 1079 1815 1127 accensa
1862 1077 2073 1131 semper

495 1158 716 1229 ﬁagrct,
755 1158 874 1212 sine
908 1156 1277 1217 ventilatienis
1311 1156 1602 1220 instantia;
1633 1170 1739 1209 non
1770 1164 1949 1208 tamen
1982 1168 2071 1222 pa-

496 1265 617 1303 rum
639 1247 995 1317 iucunditatis
1029 1247 1097 1301 ab
1137 1246 1327 1302 amicis
1357 1262 1423 1302 ex
1451 1262 1516 1301 ea
1547 1244 1862 1315 percipitur,
1900 1244 2016 1298 sive
2042 1261 2069 1295 a

494 1338 852 1407 przesentibus
892 1351 960 1391 ex
997 1343 1196 1390 mutate
1235 1335 1668 1391 conversationis
1709 1334 1824 1389 sive
1862 1334 1930 1388 ab
1972 1333 2070 1387 ab-

421 1421 424 1424 ’
494 1428 741 1482 sentibus
765 1440 833 1480 ex
857 1425 1086 1494 alicujus
1108 1424 1544 1480 commonitionis
1575 1423 1899 1495 frequentia.
1928 1421 2072 1489 Quo-

495 1508 641 1571 niam
696 1515 880 1585 igitur,
935 1530 1167 1584 superna
1208 1515 1289 1569 sic
1335 1515 1655 1584 disponente
1690 1498 2069 1582 providentia,

496 1605 698 1659 mutuis
723 1603 1029 1674 aspectibus
1054 1604 1283 1657 invicem
1316 1618 1419 1656 non
1447 1617 1729 1671 possumus
1749 1600 2067 1669 jucundari;

492 1694 579 1749 vel
602 1694 824 1748 alternis
850 1694 1028 1747 missis
1054 1692 1497 1753 salutationibus,
1527 1700 1581 1745 et
1607 1693 1649 1746 si
1676 1707 1781 1747 non
1806 1700 2069 1759 quantum

1716 342 1844 398 LIB.
1874 340 1917 406 I,
1954 341 2168 396 EPIS’I‘.
2199 336 2377 392 XLIII.

2076 437 2145 491 Α
2177 427 2412 481 muniter
2439 426 2710 486 desidero;
2759 425 2960 479 idcirco
2998 438 3090 477 vos
3122 423 3280 478 simul
3322 424 3480 478 unius
3511 424 3751 493 epistola:

3608 335 3759 390 MN

2176 516 2498 570 allocutione
2522 515 2808 583 conjungi).
2854 512 2911 566 Si
2950 512 3086 567 bene
3124 514 3371 587 meminit
3397 512 3612 568 dilectio
3655 528 3752 569 ve~

2174 620 2315 675 stra,
2358 608 2548 679 quales
2574 599 2929 677 vos-semper
2970 618 3148 676 Optem
3192 608 3373 663 videre
3417 617 3711 679 przesenles
3728 645 3759 675 ,ν

2179 700 2507 758 suilicienter
2548 700 2699 754 novit
2730 699 2917 769 quales
2946 713 3039 751 vos
3076 698 3290 751 assidue
3316 699 3613 754 desiderem
3653 713 3750 752 au-

2174 792 2286 846 dire
2314 791 2583 845 absentes.
2611 789 2895 856 Quoniam.
2921 803 3181 857 namque,
3224 797 3284 841 ut
3308 797 3483 842 vestra
3514 791 3640 844 mihi
3670 799 3751 844 te-

2172 882 2273 941 stis
2305 888 2389 934 est
2424 880 2787 942 conscientia,
2824 879 3076 933 omnibus
3103 878 3256 932 vobis
3292 878 3473 933 fratris
3508 880 3746 936 dilectio-

2173 987 2326 1037 ucm,
2367 980 2421 1025 et
2452 971 2667 1038 insuper
2696 970 2784 1023 uni
2834 959 3068 1023 vestrum
3110 968 3279 1037 patris
3304 968 3633 1040 diligentiam
3676 987 3742 1028 ex

2171 1061 2333 1115 corde
2380 1075 2485 1114 non
2530 1058 2709 1112 dicam
2754 1057 3026 1127 impendi,
3075 1056 3167 1112 sed
3214 1057 3356 1111 volui
3402 1057 3745 1127 impendere;

2173 1149 2379 1203 nullum
2425 1148 2794 1218 interjacentis
2842 1154 2999 1200 terra:
3043 1147 3316 1217 marisque
3345 1149 3576 1216 spatium
3615 1145 3749 1201 adeo

2171 1251 2315 1295 ctum
2339 1240 2497 1294 vestri
2523 1254 2553 1292 a
2582 1254 2668 1293 me
2695 1238 2859 1291 valuit
2884 1238 3222 1306 abrumpere.
3246 1238 3398 1294 Licet
3417 1239 3579 1308 igitur
3596 1254 3751 1294 reve-

2094 1333 2099 1337 ’
2134 1365 2139 1369 -
2172 1332 2321 1385 reudi
2346 1329 2546 1383 domini
2568 1339 2617 1383 et
2637 1329 2807 1398 patris
2829 1329 2895 1359 ³⁸⁵
2914 1329 3081 1383 nostri
3104 1330 3491 1400 archiepisc0pi
3510 1344 3751 1400 pnesetts

2172 1422 2321 1474 vobis
2376 1420 2656 1475 consilium
2698 1429 2753 1473 ct
2805 1419 3127 1485 aJmonitio,
3173 1420 3613 1491 singulorumque
3658 1434 3753 1475 ve-

2169 1521 2339 1566 strum
2366 1511 2639 1576 continua,
2664 1511 2792 1579 quid
2826 1526 2955 1565 suus
2980 1510 3195 1564 habitus
3232 1512 3562 1579 proﬁteatur,
3590 1510 3762 1587 medi-

2172 1603 2328 1665 tatio,
2368 1610 2565 1656 mutua:
2589 1616 2802 1671 quoque
2830 1602 2881 1656 in
2920 1590 3117 1655 saneto
3139 1601 3351 1656 fervore
3378 1602 3757 1657 collocationis

2171 1697 2425 1767 frequens
2471 1695 2719 1749 accensio
2762 1693 3059 1759 suﬁlciant,
3109 1695 3305 1763 quibus
3348 1704 3527 1748 vestra
3568 1694 3745 1749 studia

494 1782 768 1848 volumus,
818 1783 1006 1837 saltem
1051 1793 1314 1852 quantum
1360 1797 1677 1851 possumus,
1725 1782 1795 1836 ab
1839 1782 2068 1836 invicem
2103 1781 2145 1839 Β
2173 1788 2309 1842 bene
2337 1787 2546 1855 incepta
2577 1784 2819 1854 quotidie
2852 1783 2919 1837 ad
2965 1782 3185 1838 meliora
3219 1782 3546 1851 proﬁciunt:
3584 1784 3726 1853 exigi

493 1875 751 1930 debemus
797 1874 1083 1929 laetiﬁcari.
1135 1874 1477 1942 Quapropter
1522 1873 1566 1925 si
1608 1874 1735 1926 mihi
1779 1881 1887 1925 tam
1927 1886 2068 1941 saepe

494 1962 713 2030 liceret,
742 1979 905 2033 quam
935 1979 1077 2031 saepe
1102 1962 1291 2017 vellem
1312 2003 1327 2028 ,
1374 1963 1557 2033 utique
1587 1962 1884 2032 szepissime
1909 1965 2068 2017 sche-

493 2052 675 2107 dulant
709 2063 763 2106 et
786 2063 1028 2106 nostram
1060 2052 1211 2107 vobis
1240 2050 1526 2121 dirigerem
1547 2091 1563 2117 ,
1596 2061 1650 2104 et
1675 2052 1804 2106 mibi
1831 2064 2067 2106 vestrum

490 2145 789 2216 exigerem.
822 2142 951 2201 Mihi
983 2144 1211 2214 quippe,
1243 2145 1377 2198 meis
1405 2145 1459 2198 id
1483 2143 1722 2213 peccatis
1754 2143 2069 2212 agentibus,
2125 2164 2130 2167 ·

492 2236 574 2290 sic
604 2250 707 2288 non
736 2236 908 2290 solum
936 2235 1201 2298 dictandi,
1243 2236 1337 2288 sed
1364 2244 1418 2288 ct
1445 2233 1651 2305 legendi
1691 2242 1748 2288 et
1774 2234 2067 2288 meditandi

492 2325 609 2382 sive
628 2326 817 2379 orandi
848 2323 1301 2392 opportunitatem
1338 2322 1492 2377 video
1529 2331 1821 2384 remotam,
1861 2330 1918 2374 ut
1944 2336 2064 2385 cre—

491 2419 618 2473 dam
646 2435 676 2472 a
705 2433 789 2470 me
827 2417 919 2471 Dei
953 2415 1377 2470 misericordiam
1407 2424 1665 2469 amotam.
1712 2412 1896 2479 Unde,
1947 2413 2071 2467 licet

494 2526 601 2565 non
624 2517 887 2582 quantum
913 2509 977 2561 ad
1000 2508 1243 2561 eamdem
1264 2506 1618 2560 revocandam
1644 2503 2069 2559 misericordiam

493 2598 731 2653 divinam
777 2598 1046 2661 sulliciat,
1104 2595 1561 2651 incensolabiliter
1612 2604 1789 2648 tamen
1817 2590 1843 2658 ,'
1886 2594 2070 2658 doleo;

494 2690 619 2758 quia
650 2703 768 2742 cum
800 2695 1002 2741 tantum
1031 2686 1100 2740 sit
1126 2686 1323 2739 misere
1350 2682 1480 2737 mihi
1507 2685 1699 2752 quietis
1724 2678 2075 2752 impedimen-

500 2786 645 2843 tum,
685 2778 889 2831 nullum
946 2792 1030 2829 me
1071 2776 1386 2830 consolatur
1439 2776 1829 2843 inquietudinis
1869 2772 2072 2828 emolu-

498 2878 758 2923 mentum.
792 2867 905 2934 Qua
945 2869 997 2920 in
1030 2882 1087 2921 re
1114 2882 1237 2921 cum
1268 2881 1373 2919 non
1396 2864 1541 2933 juste
1573 2866 1701 2920 mihi
1728 2866 1914 2920 videar
1937 2865 2072 2920 viles

496 2967 552 3014 et
579 2958 820 3020 steriles,
864 2972 999 3027 quas
1028 2966 1205 3011 tamen
1237 2954 1506 3026 negligere
1546 2971 1649 3010 non
1681 2956 1939 3019 audeam,
1979 2970 2073 3008 oc-

494 3051 808 3119 cupationes
839 3063 1123 3111 accusare;
1176 3061 1511 3116 nequaquam
1563 3056 1739 3101 tamen
1780 3062 1889 3101 rem
1932 3047 2070 3100 inte-

2168 1886 2345 1932 tamen
2376 1874 2689 1928 indeliciens
2730 1873 2948 1927 dilectio
2990 1882 3049 1928 ut
3076 1873 3482 1927 exhortationes
3521 1884 3721 1927 nostra:

2167 1967 2567 2037 qualescunque
2621 1964 2761 2028 sint,
2811 1964 2962 2018 vobis
3010 1964 3287 2039 quamvis
3328 1949 3645 2018 absentibus
3692 1979 3724 2017 e

2170 2070 2276 2111 non
2309 2052 2672 2125 indigentibus
2707 2070 2811 2108 non
2843 2054 3117 2108 deﬁciant.

2241 2148 2432 2203 Moneo
2457 2148 2641 2216 itaque
2656 2156 2709 2201 et
2735 2161 2945 2215 precor,
2968 2145 3294 2207 charissimi,
3323 2154 3589 2213 quatenus
3611 2144 3744 2199 nihil

2169 2240 2273 2303 sit,
2306 2239 2446 2307 quod
2478 2248 2711 2293 mentem
2742 2245 2978 2292 vestram
3024 2252 3054 2290 a
3084 2237 3164 2291 sui
3203 2246 3418 2290 revocet
3467 2235 3744 2302 custodia;

2172 2330 2400 2386 sollicito
2428 2330 2683 2385 discutiat
2714 2329 2849 2398 quid
2868 2327 3111 2396 quotidie
3135 2326 3753 2397 acquiratproﬁciendo,

2172 2437 2239 2474 ne
2268 2420 2425 2489 quid,
2461 2418 2602 2489 quod
2648 2418 2816 2474 absit!
2850 2417 3040 2486 perdat
3066 2416 3380 2471 tleﬁciendo.
3417 2417 3571 2471 Sicut
3596 2416 3744 2472 enim
3814 2472 3823 2485 ,

2173 2509 2227 2562 in
2258 2509 2547 2562 virtutibus
2573 2507 2844 2561 diﬁlcilius
2868 2514 2955 2561 est
3002 2505 3201 2575 aliquid
3240 2522 3345 2559 non
3386 2506 3630 2561 habitum
3659 2522 3754 2563 co-

2172 2599 2351 2654 nando
2378 2599 2626 2668 assequi,
2654 2614 2812 2667 quam
2847 2597 3047 2651 desidia
3074 2612 3293 2662 carere;
3329 2598 3399 2652 ita
3428 2599 3647 2666 gravius
3670 2609 3754 2654 est

2175 2699 2493 2759 recuperare
2528 2689 2669 2759 quod
2710 2703 2807 2757 per
2836 2686 3217 2756 negligentiam
3257 2688 3546 2749 amittitur,
3589 2702 3755 2758 quam

2174 2780 2397 2851 adipisci
2436 2780 2577 2850 quol
2627 2780 2862 2833 nondum
2917 2779 3037 2853 quis
3089 2779 3342 2833 habuisse
3391 2780 3761 2849 cognoscitur.

2175 2869 2403 2939 Semper
2451 2869 2642 2939 igitur,
2694 2868 3068 2931 dilectissimi,
3125 2870 3399 2937 praeterita
3456 2870 3609 2939 quasi
3661 2885 3762 2939 pro

2174 2961 2345 3015 nihilo
2374 2960 2464 3029 psic
2506 2960 2801 3029 deputetis,
2835 2969 2986 3035 utet
3013 2959 3134 3023 illa,
3166 2961 3231 3014 ad
3261 2975 3382 3029 qua:
3421 2960 3758 3030 profecistis,

2177 3062 2363 3106 tenere
2405 3067 2509 3105 non
2548 3051 2908 3105 contetnnatis
2936 3050 3037 3115 ¹⁸⁶;
3086 3059 3139 3103 et
3173 3050 3260 3104 his
3303 3050 3504 3119 aliquid
3558 3050 3759 3107 addere

494 3140 611 3196 rius
657 3139 986 3201 discutiens,
1039 3153 1209 3191 meam
1256 3136 1409 3191 valeo
1461 3137 1726 3205 ignaviam
1781 3151 2063 3189 excusare.
2098 3123 2143 3182 ο
2175 3142 2301 3195 licet
2328 3157 2425 3210 per
2455 3141 2820 3194 inlirmitatem
2869 3141 3180 3209 nequeatis,
3220 3149 3400 3195 tamen
3430 3156 3524 3211 per
3554 3140 3759 3211 impor-

495 3233 643 3285 Adeo
673 3245 902 3299 namque
925 3224 1045 3283 vilis
1076 3244 1227 3283 mens
1254 3243 1371 3282 mea
1401 3228 1553 3296 quasi
1584 3227 1814 3295 quadam
1839 3226 2063 3279 naturali

494 3332 738 3377 arctatur
767 3323 1009 3389 angustia
1029 3362 1043 3382 ,
1074 3321 1334 3388 boumque
1391 3318 1685 3373 voluntatis
1720 3317 1932 3387 languet
1971 3318 2069 3370 im-

494 3413 818 3476 becillitate,
840 3420 909 3486 _ut
930 3411 1018 3463 uni
1050 3408 1345 3478 (piandibet
1372 3422 1553 3477 parvae
1579 3422 1721 3460 curae
1742 3405 1953 3459 caeteris
1978 3422 2072 3459 ex-

496 3503 664 3561 clusis
696 3512 809 3556 tota
848 3517 954 3555 non
986 3499 1247 3564 sullieiat,
1288 3507 1344 3553 et
1375 3495 1657 3565 cujuslibet
1681 3498 1863 3551 oneris
1902 3503 2071 3549 tenta-

496 3592 764 3662 tlonisque
802 3590 1103 3660 gravedine
1146 3589 1285 3639 vieta
1321 3585 1669 3638 succumbat.
1708 3587 2066 3651 Quapropter,

495 3684 569 3739 mi
600 3681 918 3737 charissime
950 3680 1115 3731 frater
1149 3688 1203 3730 et
1226 3676 1472 3737 domine,
1514 3674 1767 3742 quoniam
1794 3688 1862 3725 ex
1892 3672 2072 3725 chari-

498 3781 610 3825 tate
635 3780 690 3825 et
720 3784 836 3823 mea
870 3767 1093 3827 merita,
1132 3765 1178 3818 si
1208 3779 1313 3833 qua
1341 3772 1522 3817 essent
1541 3802 1554 3822 .
1600 3771 1775 3815 vestra
1804 3775 1924 3816 esse
1962 3759 2072 3814 vel-

498 3863 632 3925 lem;
660 3869 712 3915 et
735 3873 855 3927 quas
891 3866 1066 3909 vestra
1092 3863 1249 3921 sunt,
1288 3868 1405 3906 mea
1434 3867 1553 3905 esse
1584 3851 1794 3904 conﬁdo
1822 3865 1836 3903 :
1863 3852 1928 3905 de
1954 3864 2086 3904 mea-

499 3951 788 4020 desperans
820 3944 1032 4014 ignavia
1077 3953 1308 3996 vestram
1343 3956 1534 4011 precor
1566 3950 1622 3993 et
1648 3940 1905 3993 exhortor
1935 3948 2073 3993 stre-

500 4044 760 4097 nuitatem
792 4049 849 4091 ut
893 4037 983 4105 qui
1035 4050 1121 4088 me
1155 4050 1219 4088 ex
1273 4047 1392 4086 meo
1423 4032 1599 4085 minus
1644 4030 1942 4100 proﬁcienti
1978 4030 2070 4084 de-

499 4128 641 4183 iectu
691 4126 866 4179 sentio
908 4123 1218 4192 reprobari,
1261 4137 1357 4189 per
1400 4130 1635 4174 vestrum
1677 4118 2070 4171 iudeﬁcientem

500 4216 795 4290 profectum
830 4228 1041 4269 merear
1080 4212 1340 4278 revocari.
1384 4210 1593 4271 Valeat,
1638 4216 1693 4261 et
1719 4207 1894 4260 valeat
1932 4221 2071 4260 nunc

502 4317 555 4361 et
584 4308 635 4361 in
664 4314 921 4359 aeternum
954 4302 1147 4356 dilecta
1172 4300 1301 4354 mihi
1330 4310 1507 4353 vestra
1536 4297 1865 4350 fraternitas.

957 4408 1286 4464 EPISTULA
1325 4406 1482 4462 XLIII
1523 4406 1611 4458 ωδ.

660 4522 727 4559 ΑΙ)
765 4518 1100 4567 ηεῐιιυικυκ,
1140 4516 1449 4555 ϐοΝῡυιιτυΜ
1486 4514 1555 4553 ΕΤ
1596 4514 1915 4553 κλιιιιιτιωι.

505 4596 786 4652 Becceuses
827 4594 1138 4654 monachos,
1190 4592 1241 4643 in
1270 4590 1638 4642 Cantuariensi
1685 4587 1918 4642 Ecclesia
1960 4599 2070 4641 tum

558 4667 812 4734 degentes,
845 4664 1153 4715 adhortatur
1186 4671 1236 4712 ut
1262 4660 1476 4713 meliora
1501 4675 1700 4727 semper
1723 4658 2023 4726 proﬁciant.

575 4755 830 4816 Domnis,
865 4762 918 4805 ct
938 4752 1233 4813 .l'ratrihus,
1264 4758 1317 4823 et
1349 4748 1539 4803 amicis
1568 4748 1903 4802 cltarissimis
1933 4748 2074 4801 lien-

506 4859 695 4907 LUINO,
725 4843 1040 4905 Goaouno,
1091 4840 1390 4904 Maunmo,
1435 4838 1602 4891 frater
1640 4838 1954 4901 Ausewus,
1990 4852 2074 4891 as-

508 4934 790 5001 cendendo
817 4934 882 4986 de
907 4931 1108 4985 virtute
1134 4931 1184 4983 in
1214 4932 1499 4995 virtutem,
1525 4929 1808 4998 pervenire
1844 4930 1909 4983 ad
1929 4928 2084 4985 Cbri-

522 5035 664 5083 stum
694 5038 957 5077 summam
989 5020 1083 5075 Dei
1107 5022 1379 5075 virtutem.

578 5114 837 5181 Quoniam
880 5123 934 5166 et
965 5127 1127 5165 unum
1163 5120 1277 5176 est,
1329 5111 1469 5179 quod
1504 5121 1598 5165 vos
1644 5111 1758 5180 pari
1801 5110 2076 5166 intenditis

509 5206 802 5277 proposito,
828 5220 926 5258 nec
958 5194 1331 5257 est’diversum
1360 5201 1500 5271 quod
1521 5216 1621 5272 ego
1641 5202 1707 5256 de
1740 5202 1891 5257 vobis
1917 5217 2069 5256 cont-

2096 4453 2147 4510 D

2172 3231 2457 3283 tunitatem
2486 3244 2699 3297 semper
2721 3228 3078 3282 contendatis.
3111 3226 3374 3293 Quoniam
3402 3230 3635 3298 namque
3662 3229 3751 3283 in-

2172 3332 2252 3374 ter
2281 3320 2479 3373 multos
2505 3328 2726 3372 vocatos
2750 3320 2907 3387 pauci
2936 3327 3061 3370 sunt
3088 3319 3238 3372 electi
3263 3318 3504 3388 (Matth,
3524 3335 3614 3383 xx,
3642 3318 3758 3390 16),

2170 3409 2302 3463 certi
2344 3422 2532 3461 sumus
2578 3422 2795 3469 omnes,
2848 3405 3091 3460 Veritate
3126 3407 3342 3461 dicente
3383 3407 3545 3461 ειευά
3588 3423 3750 3477 quam

2170 3500 2325 3568 pauci
2357 3499 2463 3553 sint
2483 3540 2499 3564 ,
2550 3498 2742 3555 incerti
2773 3512 2959 3551 sumus
2989 3498 3168 3551 cuncti
3189 3538 3204 3562 ,
3253 3496 3494 3552 Veritate
3523 3506 3757 3554 tacente.

2169 3589 2507 3657 Quapropter
2531 3588 2838 3656 quicunque
2875 3586 3112 3640 nondum
3160 3587 3295 3639 vivit
3340 3596 3400 3641 ut
3436 3587 3626 3656 pauci,
3664 3587 3761 3643 aut

2174 3677 2345 3730 vitam
2375 3691 2529 3729 suam
2564 3677 2833 3744 corrigat,
2882 3684 2975 3728 aut
3014 3675 3159 3730 inter
3191 3691 3395 3745 paucos
3424 3691 3482 3731 se
3512 3676 3755 3745 colligat;

2172 3775 2265 3819 aut
2294 3781 2415 3819 cum
2442 3766 2763 3819 certitudine
2792 3764 3225 3835 reprobationem
3264 3767 3482 3832 timeat;
3512 3768 3602 3837 qui
3629 3785 3758 3825 vero

2169 3856 2279 3925 jam
2305 3857 2405 3909 sibi
2435 3857 2647 3910 videtur
2669 3856 2734 3909 de
2761 3856 2975 3925 paucis,
3015 3872 3121 3921 non
3154 3859 3340 3931 statim
3369 3857 3435 3911 de
3461 3860 3757 3913 securitate

2172 3945 2451 3999 electionis
2489 3946 2742 3999 confidat.
2784 3946 2990 4015 Quippe
3019 3948 3272 4015 quoniam
3316 3963 3475 4002 nemo
3510 3959 3755 4004 nostrum

2120 4082 2132 4099 ι
2173 4036 2275 4089 scit
2305 4035 2357 4088 in
2388 4046 2647 4104 quautam
2679 4036 3004 4104 paucitatem
3042 4036 3353 4104 redigantur
3396 4038 3594 4092 electi:
3631 4038 3754 4101 nul-

2172 4123 2256 4177 lus
2281 4123 2467 4190 utique
2494 4123 2559 4154 ¹⁸⁷
2588 4124 2736 4177 novit
2779 4123 2822 4177 si
2865 4120 2979 4190 jam
3000 4122 3081 4186 sit
3111 4123 3253 4178 inter
3294 4140 3495 4191 paucos
3520 4127 3756 4191 electos,

2172 4211 2429 4280 licetjam
2458 4226 2750 4283 paucorum
2778 4210 2848 4265 sit
2877 4210 3074 4264 similis
3113 4212 3258 4275 inter
3288 4211 3355 4243 ³⁸⁸
3382 4212 3577 4268 multos
3599 4228 3758 4268 voca.

2175 4310 2277 4354 tos.
2327 4299 2512 4354 Nullus
2566 4300 2729 4368 igitur
2775 4308 2919 4354 retro
2970 4301 3309 4368 respiciendo
3350 4314 3541 4371 penset
3590 4321 3758 4374 quam

2176 4390 2373 4444 multos
2402 4391 2451 4443 in
2483 4392 2568 4443 via
2597 4392 2836 4445 cmlestis
2865 4391 3053 4460 patriae
3078 4394 3379 4459 praecedat;
3420 4395 3513 4447 sed
3540 4395 3761 4449 indecli.

2178 4482 2426 4536 nabiliter
2466 4483 2517 4535 in
2548 4483 2819 4537 anteriora
2858 4484 3101 4538 intentus
3148 4484 3385 4539 sollicite
3412 4486 3718 4539 consideret
3739 4527 3759 4550 ,7

2177 4578 2221 4626 si
2245 4573 2358 4642 jam
2390 4572 2597 4643 pariter
2629 4588 2749 4626 cum
2780 4573 2895 4638 bis,
2927 4574 2994 4628 de
3028 4590 3258 4643 quorum
3303 4576 3563 4630 electione
3599 4591 3763 4645 nemo

2178 4647 2416 4725 dubitat,
2453 4661 2685 4715 incedat.
2715 4661 2903 4715 Videte
2932 4663 3117 4733 igitur,
3147 4665 3451 4718 charissimi
3475 4705 3489 4729 ,
3531 4680 3596 4718 ne
3622 4681 3758 4734 qua-

2180 4740 2314 4807 libet
2339 4751 2625 4805 occasione
2654 4752 2815 4805 timor
2849 4754 2972 4818 Dei,
3014 4769 3172 4822 quem
3228 4756 3572 4823 concepistis,
3614 4766 3759 4824 trpe-

2180 4850 2325 4905 seat;
2355 4843 2447 4896 sed
2470 4858 2685 4911 semper
2706 4845 2858 4912 quasi
2890 4846 3220 4899 indelicienti
3252 4848 3431 4899 studio
3463 4847 3756 4902 vettlilntus

2189 4932 2240 4985 iu
2271 4932 2386 4986 dies
2414 4932 2706 4994 fervescat,
2740 4935 2911 4988 (Innec
2952 4935 3104 4989 vobis
3133 4936 3184 4988 in
3215 4936 3559 4990 securitatem
3594 4949 3759 4990 teter-

2185 5039 2308 5076 uam
2338 5031 2575 5077 mutatus
2599 5024 2858 5079 lucescat.
3298 5008 3301 5011 Α

2259 5112 2468 5179 Valete,
2498 5116 2656 5168 amici
2692 5118 2793 5169 mei
2827 5119 3220 5183 amantissimi;
3253 5129 3337 5184 et,
3381 5137 3511 5191 rogo
3550 5138 3644 5177 vos
3666 5139 3763 5192 per

2187 5205 2478 5260 fraternam
2510 5207 2832 5261 charitatem
2866 5225 3028 5278 quam
3055 5211 3181 5264 mihi
3208 5211 3446 5278 debetis,
3489 5224 3639 5267 orate
3676 5232 3762 5269 su-

1818 5371 2047 5460 mma;
2089 5408 2490 5463 LECTIONES.

587 5521 651 5549 "’
683 5521 809 5572 (Sum
837 5521 1016 5573 iisdem
1046 5538 1149 5573 mss
1182 5522 1370 5574 collata
1446 5522 1511 5553 ¹⁸³
1541 5522 1753 5575 Futurae
1810 5520 2098 5577 °leicitatis
2134 5542 2226 5575 ms.
2287 5527 2333 5577 I.
2384 5526 2575 5577 futura:
2628 5524 2853 5580 ﬁrliccnt
2935 5528 3000 5557 "”
3032 5528 3155 5581 Cum
3196 5529 3374 5581 iisdem
3406 5547 3527 5582 mss.
3567 5533 3756 5584 col/um

515 5586 580 5655 Ψ
632 5592 835 5643 Ιιοιιιὶιιί
870 5591 1043 5643 l’atris
1071 5607 1190 5644 mss.
1218 5591 1425 5645 Domini
1456 5604 1505 5645 et
1538 5591 1714 5644 l’atris
1788 5593 1854 5621 ““‘
1886 5594 2113 5646 'l'eatcre
2168 5611 2273 5647 non
2327 5595 2685 5648 contetnnatis
2741 5612 2869 5651 mss.
2905 5606 3085 5653 tenere
3120 5614 3223 5652 non
3256 5601 3614 5655 contetnnatis
3691 5602 3756 5632 νη

516 5654 698 5713 Nullus
729 5662 800 5711 ita
825 5678 910 5729 ine
959 5676 1081 5714 mss.
1154 5661 1332 5716 nullus
1361 5662 1543 5731 utique
1617 5663 1680 5691 ⁸⁸³
1709 5661 1790 5716 Sit
1818 5662 2007 5717 similis
2036 5665 2179 5717 inter
2205 5681 2299 5715 ms.
2337 5666 2382 5716 I.
2415 5664 2485 5716 sit
2512 5663 2667 5716 simul
2700 5664 2841 5722 inter
