4214 6192
560 274 561 277 γ
656 196 794 264 nis

1191 204 1249 261 S.
1292 206 1589 262 ANSEIJﬂ
1621 207 1969 262 CAN'l'liAR.
2006 206 2186 262 ARCll

2296 219 2321 264 ’.
2346 207 2495 265 οΡΡ.
2532 211 2709 265 PARS
2739 211 2825 265 Ill.
2866 240 2933 251 —-
2970 212 3347 268 EPISTOL£.

3733 212 3858 270 1116

650 310 749 369 lito
779 313 1087 382 instantius,
1111 332 1178 371 ne
1202 302 1322 388 ego,
1351 321 1439 388 qui
1472 334 1565 374 vos
1591 320 1773 374 hortor
1800 321 1865 371 ad
1888 318 2207 386 profectum,
2241 338 2283 393 Α
2311 329 2366 375 et
2391 322 2835 377 clementissimus
2878 324 3016 378 Deus
3045 324 3126 377 sic
3164 338 3258 377 vos
3297 324 3349 378 in
3394 325 3497 408 hoc
3540 323 3733 377 Steculo
3774 339 3863 394 per

651 402 925 469 perﬁciam
953 416 1111 469 quem
1147 402 1257 471 jam
1280 407 1406 460 olim
1437 423 1557 461 vere
1598 407 1789 477 incmpi
1809 446 1826 471 ,
1855 416 1906 459 et
1926 405 2038 475 jam
2070 423 2211 463 nunc

651 490 764 544 fere
788 488 945 554 eﬂlci,
979 494 1339 547 miserabilem
1366 495 1659 548 defectum.

1115 581 1443 636 EPISTOLA
1481 584 1637 637 XLIV
1669 586 1754 640 ³³⁸.

1214 688 1281 725 ΑΒ
1314 689 1650 730 ΗΕΒΝΟΒἹἪΜ.

642 755 922 813 Acerrimia
950 777 1242 830 oppressum
1271 763 1535 818 doloribus
1556 766 1626 818 ad
1653 765 1957 833 patientiam
1991 767 2202 819 excitat.

712 846 850 902 Olim
872 852 1017 915 socio
1036 861 1093 907 et
1119 852 1273 906 fratri
1290 868 1507 923 coaequa
1530 854 1895 908 familiaritate
1917 854 2203 924 diligendo,

640 950 784 992 nunc
828 939 1045 994 domino
1091 951 1145 996 et
1189 942 1346 997 Patri“
1378 960 1499 997 cum
1568 945 1853 999 dilectione
1912 946 2204 1001 reverenda

643 1025 1042 1087 Rovecistreusi
1096 1033 1161 1064 "°
1206 1034 1457 1103 episcopo
1504 1033 1613 1104 (I5)
1670 1035 1981 1099 llenaosro,
2034 1034 2202 1088 frater

636 1116 951 1184 ANSBLIUS,
986 1122 1035 1175 in
1063 1121 1165 1177 hac
1194 1123 1299 1178 vita
1338 1126 1599 1194 integram
1646 1124 2101 1190 incolumitatem,
2147 1125 2199 1178 in

636 1205 812 1262 futura
839 1211 1129 1279 perfectam
1155 1212 1485 1268 felicitatem.

706 1297 840 1353 Cum
872 1302 1032 1356 audio
1075 1303 1216 1372 quod
1258 1304 1628 1372 frequentibus
1669 1312 1725 1359 et
1752 1304 2003 1373 gravibus
2033 1304 2197 1360 mole-

632 1385 752 1441 stiis
795 1387 909 1444 fere
944 1406 1111 1459 usque
1148 1392 1215 1443 ad
1255 1403 1483 1447 mortem
1520 1408 1649 1446 caro
1686 1401 1862 1447 vestra
1908 1395 2183 1461 atteritur,

632 1476 919 1530 contristat
949 1494 1033 1533 me
1061 1480 1294 1535 humana
1320 1480 1574 1536 maestitia
1608 1498 1760 1537 meus
1787 1482 2008 1538 affectus
2033 1502 2047 1538 :
2076 1484 2192 1549 sed,

628 1562 794 1633 328
822 1580 942 1619 cum
976 1570 1257 1624 considero
1293 1570 1418 1640 quia
1451 1586 1546 1640 per
1584 1572 1699 1627 haec
1719 1572 1897 1627 anima
1921 1582 2097 1629 vestra
2125 1573 2191 1627 ad

2316 410 2494 465 omnia
2523 426 2632 466 suae
2667 411 2828 467 faciat
2864 414 3191 467 concordare
3228 411 3522 478 voluntati,
3567 420 3625 464 ut
3664 411 3774 480 ipse
3813 414 3862 465 in

2310 498 2489 553 futuro
2520 514 2615 569 per
2646 500 2823 555 omnia
2852 510 3041 557 vestrae
3072 503 3361 558 concordet
3383 500 3643 557 felicitati.
3667 502 3865 556 Dulcis-

2309 589 2443 644 sinic
2474 592 2542 642 mi
2578 590 2737 644 Pater
2764 600 2819 645 et
2846 591 3137 646 reverenda
3179 590 3425 656 domine,
3465 582 3657 660 precor
3688 600 3744 645 ut
3772 606 3834 660 pa

2308 688 2453 732 terna
2494 688 2667 734 vestra
2704 682 2957 735 sanctitas
2996 696 3100 736 non
3134 682 3480 735 obliviscatur
3513 677 3686 733 fidelis
3722 694 3840 735 serv

2305 768 2388 822 sui
2414 768 2503 832 ⁸⁸⁸,
2532 784 2759 838 corpore
2785 768 3021 823 absentis
3038 811 3053 835 ,
3081 764 3175 823 sed
3203 758 3383 823 mente
3404 766 3742 821 adhaerentis.
3768 768 3851 820 \'a~

2302 856 2448 911 leant
2476 872 2690 927 semper
2718 857 2770 911 in
2801 857 3023 911 Domino
3049 872 3247 927 corpus
3276 864 3330 911 et
3358 855 3539 929 anima
3566 862 3765 910 vestra.

2822 943 3154 999 EPISTOLA
3195 943 3351 998 XLV.

2608 1048 2675 1087 ΔΙ)
2703 1046 3021 1087 ιλιθειιτυιι
3050 1048 3118 1086 ΕΤ
3144 1046 3538 1087 τοιοεκλιυυι.

2494 1120 2575 1175 Ne
2600 1122 2880 1191 lethargico
2904 1120 3083 1174 mundi
3099 1109 3278 1173 somno
3305 1120 3675 1189 corripiantur.

2316 1248 2321 1251 -
2373 1209 2702 1265 Reverendis
2722 1210 2987 1275 dominis,
3018 1210 3380 1265 dilectissimis
3404 1207 3713 1273 avunculis,
3744 1208 3863 1264 dul-

2296 1300 2530 1354 cissimis
2570 1299 2925 1355 nutritorihus
2951 1299 3065 1354 suis
3090 1297 3384 1353 Lauaenro
3404 1308 3459 1353 et
3493 1299 3882 1363 Ὲοιειιιωο..

2295 1372 2466 1443 frater
2493 1388 2776 1444 Anseuus
2796 1427 2811 1453 ,
2842 1388 2980 1441 bona
3022 1387 3330 1456 temporalia
3367 1400 3465 1456 pro
3492 1387 3710 1462 azternis
3770 1387 3862 1443 do-

2294 1476 2501 1545 spicere
2521 1515 2537 1540 ,
2575 1472 2775 1531 aeterna
2798 1489 2897 1545 pro
2919 1473 3299 1547 temporalibus
3320 1474 3616 1543 percipere.

2364 1564 2617 1631 Quamvis
2645 1580 2740 1620 nos
2770 1564 3005 1620 locorum
3044 1576 3457 1634 temporumque
3500 1561 3673 1635 spatia
3705 1576 3864 1639 sepa-

628 1654 979 1709 acternitatem
1007 1658 1258 1722 nutritur,
1281 1658 1586 1713 consolatur
1614 1676 1699 1713 tne
1719 1660 1985 1728 spirituali
2016 1660 2196 1713 laetitia
2227 1659 2270 1717 Β
2299 1662 2439 1720 rent,
2466 1653 2688 1709 arbitrio
2710 1668 2945 1723 superno
2966 1653 3309 1722 disponente,
3336 1652 3476 1706 nulla
3502 1661 3679 1707 tamen
3699 1658 3871 1730 causa

628 1747 805 1796 vester
831 1745 1117 1811 profectus.
1145 1745 1335 1805 Notum
1364 1748 1559 1819 quippe
1575 1756 1656 1801 est
1682 1748 1952 1801 sanctitati
1979 1756 2190 1813 vestrae,

626 1831 748 1897 quia
772 1830 825 1884 in
856 1831 1197 1890 tribulatione
1224 1837 1433 1901 carnis,
1482 1848 1535 1891 et
1568 1851 1662 1906 per
1694 1837 1958 1892 ustionem
1993 1838 2193 1909 rubigo

625 1934 969 1994 peccatorum
1015 1930 1285 1995 exuritur,
1335 1939 1389 1984 et
1436 1946 1533 1999 per
1574 1932 1889 2000 patientiam
1920 1930 2050 1998 justi
2085 1932 2190 1984 vita

622 2016 899 2085 percitur
914 2019 999 2071 ¹²¹.
1022 2019 1291 2090 Scriptum
1315 2038 1544 2091 namque
1559 2030 1636 2075 est
1656 2022 1780 2089 quia
1800 2021 2042 2090 ﬂagellaf
2057 2020 2192 2073 Deus

622 2108 823 2160 omnem
860 2108 1027 2176 ﬁlium
1068 2126 1215 2179 quem
1253 2111 1429 2179 recipit
1455 2108 1665 2182 (Helm,
1698 2126 1794 2175 xu,
1822 2110 1897 2179 6).
1944 2111 2008 2164 Et
2034 2111 2187 2178 quia,

621 2196 890 2250 tribulatio
919 2199 1219 2264 patientiam
1243 2209 1507 2266 operatur,
1535 2200 1785 2267 patientia
1809 2199 2187 2268 probationem,

618 2285 852 2351 probatio
878 2302 1037 2354 apem,
1065 2288 1179 2355 apes
1211 2300 1383 2341 autent
1416 2306 1515 2343 non
1536 2291 1809 2359 confundit
1836 2288 2008 2359 (Rom.
2036 2304 2090 2353 v,
2111 2289 2184 2357 5).

625 2369 692 2423 Et
720 2372 845 2440 quia
883 2375 1133 2441 patientia
1181 2392 1308 2445 opus
1349 2376 1631 2445 perfectum
1666 2378 1815 2431 habet
1848 2376 1988 2447 (Jac.
2025 2392 2077 2443 ι,
2112 2376 2190 2445 4).

622 2460 774 2516 Unde
799 2464 983 2531 procul
1006 2464 1168 2517 dubio
1195 2468 1537 2535 cognoscitur
1561 2469 1681 2535 quia
1716 2478 1862 2520 tanto
1886 2466 2075 2521 affectu
2111 2476 2193 2519 est

616 2548 671 2602 in
713 2550 1055 2605 tribulatione
1101 2553 1473 2621 gaudendum,
1526 2563 1727 2624 quanto
1765 2565 1961 2609 conatu
1989 2564 2069 2608 est
2098 2569 2193 2623 per

615 2656 764 2709 spem
790 2680 805 2704 ,
856 2652 909 2695 et
935 2643 1115 2710 cperis
1144 2643 1527 2712 perfectionem
1556 2645 1607 2698 in
1651 2645 1881 2699 ﬁliorum
1913 2643 2192 2698 haeredita-

617 2738 723 2783 tem
752 2731 1047 2785 nitendum.
1075 2732 1208 2785 Cum
1242 2732 1386 2787 enim
1430 2748 1643 2802 semper
1686 2743 1899 2802 gratum
1940 2734 2013 2787 sit
2052 2734 2189 2796 Deo,

615 2820 661 2873 si
698 2835 972 2889 nunquam
1013 2820 1081 2874 ab
1120 2821 1237 2890 ejus
1269 2821 1608 2876 ordinatione
1644 2822 2022 2885 dissentimus;
2069 2830 2193 2876 tunc

530 2960 533 2963 Α
614 2910 798 2977 utique
834 2910 985 2963 valde
1017 2910 1087 2965 illi
1131 2912 1437 2981 placemus,
1473 2914 1517 2967 si
1547 2923 1603 2967 et
1650 2912 1702 2965 in
1734 2921 1914 2965 nostra
1949 2912 2192 2966 adversi'

2295 1754 2488 1799 vestra:
2526 1742 2827 1799 dilectionis
2869 1741 3118 1796 aﬂ‘ectum
3168 1742 3309 1795 valet
3347 1750 3442 1795 aut
3483 1740 3680 1796 valebit
3728 1741 3860 1797 mihi

2294 1835 2557 1900 minuere,
2587 1834 2763 1889 divina
2790 1833 2959 1903 gratia
2990 1840 3323 1901 protegente.
3366 1829 3430 1884 Et
3461 1831 3718 1899 quoniam
3743 1845 3862 1886 cer-

2294 1936 2405 1979 tum
2444 1935 2526 1981 est
2563 1924 2814 1979 cordibus
2837 1922 3032 1976 vestris
3058 1922 3287 1976 similem
3329 1919 3577 1975 allectum
3611 1935 3743 1990 erga
3772 1935 3858 1975 me

2291 2030 2398 2069 non
2423 2015 2754 2069 dissimiliter
2790 2013 3083 2076 inbterere,
3118 2011 3303 2080 utique
3331 2010 3549 2065 dubium
3579 2009 3710 2065 mihi
3753 2024 3859 2066 non

2290 2115 2375 2162 est
2403 2104 2552 2177 quod
2571 2106 2711 2160 sicut
2740 2119 2841 2175 ego
2867 2119 2963 2168 ea,
3002 2118 3121 2172 quae
3146 2104 3291 2156 circa
3328 2117 3424 2157 vos
3449 2111 3609 2166 sunt;
3660 2102 3735 2156 ita
3764 2115 3861 2157 vos

2293 2212 2378 2261 ea.
2408 2212 2526 2267 qua:
2554 2197 2697 2252 circa
2728 2210 2815 2249 me
2849 2204 3005 2265 sum,
3026 2203 3149 2248 nota
3178 2208 3393 2264 semper
3414 2191 3733 2248 desideretis
3761 2193 3861 2247 ha-

2292 2286 2444 2340 bere.
2486 2283 2592 2339 Sed
2641 2299 2706 2338 ea
2741 2299 2836 2354 per
2871 2282 3029 2351 hujus
3068 2282 3337 2337 schedula:
3382 2282 3606 2336 latorem
3651 2282 3863 2352 plenius

2291 2375 2537 2445 poteritis
2565 2374 2773 2427 discere
2800 2383 2853 2427 et
2876 2373 3152 2426 notiflcare
3169 2413 3184 2437 ,
3210 2387 3370 2441 quam
3394 2372 3632 2426 brevitas
3659 2373 3863 2439 episto-

2296 2464 2428 2519 laris
2457 2462 2685 2517 sulliciat
2719 2464 2989 2516 intimare.
3020 2461 3187 2527 Quale
3214 2470 3394 2517 autem
3422 2461 3746 2516 desiderium
3770 2476 3864 2515 cor

2295 2568 2475 2608 meum
2510 2561 2661 2623 gerat
2688 2541 2757 2605 dé
2774 2552 2947 2616 vobis,
2980 2551 3073 2605 ille
3101 2566 3132 2605 a
3158 2566 3284 2620 quo,
3315 2559 3369 2605 et
3390 2551 3456 2604 ad
3479 2564 3658 2621 quem,
3692 2559 3749 2606 et
3777 2553 3861 2607 cui

2292 2646 2389 2700 soli
2422 2653 2606 2699 notum
2634 2653 2715 2698 est
2749 2644 2885 2698 idem
2914 2643 3266 2715 desiderium,
3299 2642 3377 2697 sic
3401 2642 3611 2697 intimot
3639 2650 3696 2696 et
3723 2657 3854 2711 per-

2293 2738 2516 2791 suadeat
2536 2735 2707 2796 vobis,
2741 2735 3012 2804 quomodo
3044 2734 3158 2803 ipse
3187 2735 3287 2787 scit
3308 2733 3561 2801 expedire
3586 2734 3764 2789 vobis.
3796 2734 3864 2791 Ut

2295 2836 2471 2882 tamen
2511 2825 2712 2895 aliquid
2760 2825 2826 2878 de
2854 2825 3030 2879 cordis
3069 2823 3394 2877 abundantia
3438 2824 3679 2893 eloquar,
3725 2826 3860 2880 nihil

2298 2918 2467 2987 magis
2492 2915 2559 2969 de
2580 2915 2730 2969 vobis
2772 2915 2934 2968 timeo
2960 2927 3118 2982 quam
3154 2928 3221 2967 ne
3251 2913 3303 2967 in
3359 2927 3544 2968 amore
3583 2913 3767 2969 saeculi
3807 2924 3863 2968 et

615 3007 723 3053 tate
747 2997 866 3066 ejus
898 3001 1162 3055 voluntati
1209 3000 1452 3058 hilariter
1491 3003 1875 3075 consentiums.
1920 3002 1983 3056 Et
2012 3010 2181 3070 quan-
2212 2997 2252 3054 C
2286 3003 2529 3060 szeculari
2585 3003 2693 3057 vita
2744 3001 3134 3071 perseveretis,
3193 3000 3547 3077 dormientes
3579 3016 3754 3069 usque
3807 3002 3860 3056 in

614 3102 773 3156 quam
802 3090 874 3143 sit
911 3089 1281 3158 justissimus.
1328 3106 1664 3162 nequaquam
1704 3100 1933 3157 tamen,
1958 3106 2080 3146 cum
2113 3091 2183 3145 sit

613 3179 1179 3246 misericordissimus',
1223 3192 1379 3252 coget
1406 3198 1506 3237 nos
1530 3170 1751 3253 peCcata
1793 3181 1846 3235 in
1880 3182 2058 3234 tuturo
2084 3196 2183 3234 sre-

615 3270 738 3325 culo
769 3271 1004 3326 vindicta
1035 3274 1259 3340 repetita
1292 3272 1463 3340 luere,
1498 3289 1631 3342 quos
1660 3275 1748 3327 hic
1784 3274 1974 3327 viderit
1996 3272 2184 3327 ultioni

613 3372 735 3411 cum
760 3358 923 3412 animi
956 3359 1226 3414 hilaritate
1260 3376 1568 3416 occurrere.
1595 3363 1766 3417 Tanto
1804 3363 1984 3430 itaque
2008 3362 2188 3416 distri-

614 3456 761 3500 ctum
795 3447 1029 3517 judicem
1079 3460 1396 3517 exspectare
1435 3452 1728 3519 poterimus
1776 3451 2033 3505 leniorem
2074 3453 2175 3517 ¹⁹¹,

612 3547 815 3607 quanto
859 3554 999 3594 nunc
1036 3539 1183 3593 illum
1215 3542 1481 3610 patienter
1503 3542 1571 3574 η’
1610 3543 1993 3598 sustinebimus
2030 3559 2180 3598 sere.

614 3630 835 3684 riorem.
874 3630 969 3684 llis
996 3632 1157 3701 igitur
1176 3632 1231 3685 et
1252 3632 1373 3686 aliis
1398 3635 1699 3703 hujusmodi
1726 3635 2181 3699 meditationibus,

614 3718 687 3771 mi
718 3720 1003 3773 reverenda
1038 3721 1272 3786 domine,
1305 3722 1445 3775 sicut
1465 3723 1566 3775 scit
1589 3731 1807 3792 paterna
1839 3728 2015 3778 vestra
2060 3739 2187 3777 san-

613 3807 780 3861 ctitas
803 3824 868 3861 ex
891 3810 1069 3863 carnis
1097 3811 1329 3874 defectu,
1354 3813 1545 3866 anima:
1571 3813 2042 3867 considerandam
2062 3827 2186 3881 pro-

2288 3099 2481 3161 linem;
2528 3101 2582 3149 et
2611 3093 2741 3148 nihil
2767 3100 2859 3146 aut
2884 3101 3074 3161 parum
3102 3090 3230 3160 quid
3255 3090 3541 3145 inveniatis
3563 3104 3683 3144 cum
3730 3089 3862 3145 viris

2290 3184 2597 3241 divitiarum
2632 3183 2687 3237 in
2733 3181 2977 3235 manibus
3024 3177 3258 3244 vestris,
3308 3193 3429 3233 cum
3478 3177 3863 3249 evigilaveritis

2292 3285 2412 3348 post
2441 3276 2622 3329 linem.

2752 3360 3081 3415 EPISTOLA
3120 3354 3279 3423 XLVI
3308 3358 3396 3412 ¹⁹⁶.

2810 3485 2876 3523 AD
2922 3484 3317 3527 Ροιεειιλιουυ.

2287 3586 2354 3639 Se
2388 3584 2521 3637 miro
2556 3576 2669 3650 ejus
2701 3581 2895 3650 uisendi
2928 3582 3090 3633 teneri
3119 3582 3395 3647 desiderio,
3424 3588 3514 3639 sed
3541 3585 3767 3639 detineri
3797 3601 3862 3641 ea:

2355 3668 2414 3707 eo
2442 3647 2665 3721 quodin
2693 3647 2923 3701 Francia
2950 3650 3136 3704 milites
3166 3653 3267 3705 iter
3297 3654 3515 3708 liberum
3551 3653 3682 3708 nulli
3716 3654 3862 3725 [ace-

2362 3814 2662 3872 Secundum
2690 3826 2906 3867 cari-em
2934 3815 3369 3884 consanguineo,
3414 3817 3468 3871 in
3491 3814 3707 3871 Christo
3748 3813 3859 3868 fra-

614 3896 845 3961 fectum;
904 3914 970 3954 ex
1042 3902 1221 3955 carnis
1270 3903 1623 3972 (egritudine,
1679 3905 1871 3958 anima:
1929 3904 2183 3968 salutem;
2294 3906 2362 3959 tri
2382 3903 2698 3959 charissimo
2727 3901 3104 3967 FoLcsnALoo,
3139 3903 3305 3958 frater
3332 3904 3752 3968 Anseuos,sic
3779 3905 3858 3958 ire

613 4000 682 4042 ex
708 3989 931 4056 ultione,
964 3991 1348 4063 indulgentiam
1372 3996 1581 4060 trahat;
1606 4012 1678 4057 ex
1706 3997 1815 4064 ipsa
1848 3996 2185 4050 tribulatione
2290 3997 2357 4051 de
2396 3996 2591 4049 virtute
2624 3994 2677 4048 in
2718 3994 2999 4056 virtutem,
3047 4002 3103 4047 ut
3130 3995 3309 4050 videat
3349 3997 3513 4051 Deum
3541 3997 3769 4050 deorum
3801 3994 3857 4051 in

613 4077 1062 4147 consolationem,
1092 4091 1147 4135 et
1178 4097 1243 4138 ex
1285 4084 1787 4139 nuerorelaetitiam.
1830 4082 2177 4154 Omnipotens
2283 4082 2434 4138 Sion.

1886 4193 2113 4248 νΑιιιΑῐ
2153 4191 2541 4248 LECTIONES.

692 4273 758 4305 ⁸⁸⁸
794 4273 923 4352 C_um
952 4278 1407 4352 prtrfatisduobus
1442 4279 1657 4347 Eaemp.
1676 4283 1727 4335 in
1748 4284 1975 4352 ejusdem
1994 4282 2123 4349 Coll.
2148 4300 2243 4335 ms.
2262 4282 2452 4337 collata
2516 4282 2582 4314 ¹⁹⁰
2607 4283 3042 4339 Ronescestrensi
3063 4300 3157 4339 ma.
3180 4285 3230 4339 1.
3256 4283 3661 4339 Rovecestreusi
3679 4288 3851 4339 Μελ.

618 4343 1073 4422 novrecistrctrsiw
1139 4348 1203 4379 ¹⁹¹
1251 4348 1369 4422 Yita
1394 4343 1667 4422 perficitur
1694 4343 1786 4405 ηιςῖ
1823 4354 1870 4405 1.
1902 4343 2015 4405 \‘ita'
2037 4354 2281 4406 exoritur
2355 4353 2426 4422 ¹⁹²Α
2454 4353 2729 4407 chiorcm
2773 4370 2896 4407 mea.
2930 4354 3184 4408 leniorem
3260 4355 3328 4386 ¹⁹³
3376 4353 3529 4408 Nunc
3578 4356 3856 4422 patienter

618 4429 753 4492 mas:
793 4416 1119 4492 nuncuillum
1170 4416 1434 4488 patienter
1510 4419 1574 4492 Ψ
1605 4421 1809 4475 Anirme
1849 4424 2235 4492 consideramlo
2278 4438 2377 4476 ius.
2410 4420 2461 4476 l.
2492 4422 2655 4476 animi
2678 4424 3069 4477 considerando
3144 4422 3210 4454 ⁸⁸⁸
3237 4422 3390 4478 Servi
3422 4425 3502 4478 sui
3526 4416 3651 4477 mas.
3677 4423 3853 4477 lidelis

616 4484 754 4535 servi
784 4484 865 4536 sui
943 4486 1007 4515 "'
1033 4484 1289 4540 Cum—ms.
1316 4504 1419 4539 uno
1445 4505 1507 4541 ea:
1537 4490 1736 4543 duobus
1765 4492 2026 4559 pra'dictis
2058 4491 2247 4544 collata

1802 4580 2082 4636 JOANNIS
2112 4580 2379 4635 PICARDI
2407 4579 2632 4646 NOTAE,

687 4666 795 4740 (l5)
842 4665 1117 4740 "eruosto.
1162 4668 1307 4740 Alias
1335 4667 1557 4740 A‘rnosto
1587 4668 1679 4724 Seu
1720 4670 1996 4733 lleruosto,
2033 4676 2092 4724 tit
2131 4671 2182 4723 in
2216 4673 2260 4730 ο
2288 4685 2491 4740 nosque
2546 4670 2785 4740 corporis
2812 4669 3065 4740 dolores,
3118 4672 3185 4725 ad
3230 4687 3456 4740 quorum
3509 4681 3850 4728 constantem

617 4737 811 4789 taliulzs
858 4738 1225 4804 episcOporuin
1277 4737 1588 4792 liafensium
1635 4740 1837 4793 codicis
1885 4740 2178 4793 Victoriaui
2288 4737 2946 4793 tolerantiam'Anselnuts
2992 4741 3077 4793 hic
3115 4737 3315 4795 excitat
3344 4752 3397 4794 et
3422 4741 3647 4803 solatur.
3677 4742 3852 4796 Czete-

621 4806 810 4872 legitur
860 4805 941 4857 his
973 4808 1188 4859 verbis:
1234 4826 1249 4854 ι
1284 4806 1407 4858 l’usl
1465 4812 1907 4861 restaurationem
1968 4826 1994 4860 a
2046 4809 2211 4862 Laur
2288 4823 2404 4862 rum
2444 4809 2850 4872 Rouestrensis,
2882 4808 3252 4863 Rocestrensis
3290 4820 3380 4862 aut
3407 4808 3849 4864 Ronecestrensis

620 4875 801 4945 fra_nco
831 4876 1234 4945 archiepiscopo
1260 4875 1567 4945 llernostns
1611 4880 1901 4931 monachus
1934 4879 2084 4929 Βριτςὶ
2121 4877 2177 4930 lit
2284 4887 2408 4931 sunt
2446 4879 2707 4933 dictiones
2736 4877 2847 4945 jam
2885 4880 3106 4932 exoletae
3138 4890 3191 4931 et
3231 4881 3471 4932 formata?
3509 4896 3536 4931 a
3566 4878 3846 4943 liocestria

613 4941 916 5016 episcopus.
949 4963 965 4992 ι
1000 4931 1227 4996 Tantum
1257 4944 1377 4995 illae.
1414 4947 1465 4998 In
1517 4946 1671 5013 hujus
1706 4956 1881 4999 autem
1930 4946 2177 5000 llcrnosti
2284 4961 2377 5000 seu
2411 4931 2786 5009 lionecestria;
2825 4957 2883 5000 ut
2922 4931 3081 5000 etiam
3135 4948 3259 5016 legit
3296 4948 3555 5001 Henricus
3586 4940 3849 5001 Huntizlo-

614 5013 1039 5075 consecratione,
1068 5029 1187 5067 cum
1215 5027 1377 5083 super
1404 5016 1558 5069 altari
1590 5020 1837 5071 inventus
1866 5016 2052 5069 luisset
2078 5017 2181 5070 iste

617 5096 838 5134 νρνειιδε

757 5190 869 5244 Cito
894 5191 1117 5260 proferte
1142 5194 1325 5247 stolam
1347 5211 1587 5263 primam,
1616 5204 1743 5258 εἰς..

618 5278 951 5332 Lanfrancus
981 5282 1353 5346 pratnuntiavit
1383 5299 1501 5335 cum
1535 5284 1679 5336 brevi
1713 5284 2054 5336 moriturum.
2082 5282 2181 5336 Ne-

614 5365 717 5421 que
750 5357 970 5421 eventus
998 5349 1182 5404 l'elrllit
1212 5353 1383 5405 sancti
1425 5353 1808 5421 archiepiscopi
1844 5352 2175 5405 vaticinium.

614 5370 625 5399 t
655 5366 717 5399 ue
750 5366 970 5403 CVClllUS
998 5366 1182 5404 lClt‘llll
1212 5366 1383 5405 δίιηριι
1425 5366 1808 5421 arctuepiscopt
1844 5366 2175 5405 vatrcrmum.

612 5366 792 5481 (Errare
840 5419 1023 5472 eodem
1065 5436 1204 5477 anno
1230 5423 1483 5485 excessit,
1512 5433 1621 5491 post
1661 5424 1950 5477 acerrimos
1983 5422 2183 5477 diutur»

2284 5016 2483 5070 niensis
2510 5017 2603 5070 lib.
2639 5032 2676 5080 I,
2710 5016 2845 5070 Hist.
2880 5017 2930 5069 in
2963 5018 3061 5071 hoc
3090 5033 3243 5070 versu
3272 5035 3284 5068 :

2425 5121 2588 5176 Testis
2618 5121 2950 5190 Elyformosn
2984 5124 3117 5184 situ;
3158 5120 3470 5173 lionecestra
3499 5121 3627 5174 risu.

2284 5214 2449 5267 Ilodie
2480 5215 2676 5269 dicitur
2710 5212 2855 5265 “ulla
2889 5214 3079 5265 civitas
3104 5211 3509 5264 (latituariensis
3554 5210 3845 5264 comitatus

2284 5284 2333 5336 in
2366 5285 2507 5335 edito
2538 5285 2660 5346 sita,
2697 5298 2725 5335 a
2759 5300 2860 5351 qua
2895 5281 3169 5333 lioll'euscs
3215 5281 3445 5351 episcopi
3488 5278 3839 5351 tlenomiuati.

2283 5354 2540 5421 Superius
2569 5363 2746 5404 autem
2775 5346 2839 5404 de
2861 5346 3409 5421 Aruostorrcceitsita,
3442 5357 3681 5421 recenset
3706 5346 3845 5405 Lan-

2282 5417 2450 5477 franci
2484 5422 2807 5493 biographus
2845 5434 2944 5472 ius.
2986 5420 3035 5472 iu
3066 5418 3331 5474 Chronico
3356 5417 3628 5475 Beccensi.
