4214 6202
432 150 566 209 1117
628 212 629 217 η

1694 129 1822 185 LIB.
1853 128 1891 194 l,
1920 125 2133 181 EPIST.
2168 123 2391 179 XLV'ill.

501 258 739 332 Cogitavi
782 257 895 326 ipse
926 267 1026 325 ego
1047 253 1113 307 ad
1151 260 1202 307 te
1224 249 1435 313 venire,
1461 254 1515 302 et
1545 247 1609 301 ad
1640 246 1800 313 pedes
1837 256 1989 299 reve-
2019 245 2067 302 Α
2097 254 2230 301 uus,
2274 252 2336 291 ea
2382 234 2518 288 horia
2540 272 2553 296 ,
2601 244 2719 299 qua:
2766 225 3068 280 necessario
3096 224 3438 289 amittantur,
3478 231 3663 290 spoate

432 350 586 409 rendi
630 348 842 403 abbatis
872 346 946 400 tui
983 352 1282 415 prostratus
1303 347 1501 409 quanta
1541 350 1752 407 possem
1783 332 1998 388 humili-

434 453 545 495 tate
596 436 888 507 postulare,
927 450 994 487 ne
1025 433 1234 485 animas
1257 430 1319 460 ¹⁹⁷
1356 433 1465 497 (me
1494 435 1547 481 et
1588 435 1639 478 te
1668 423 1809 492 dico)
1850 430 1999 475 tanto

431 530 825 600 conglutinatus
844 525 1055 580 vinculo
1080 522 1260 576 carnis
1280 529 1331 574 et
1354 502 1593 588 spiritus,
1619 516 1848 568 violenta
1873 527 2002 566 con-

430 616 755 673 versationis
820 611 1156 682 separatione
1212 624 1318 663 non
1374 616 1579 659 tantum
1631 602 1997 682 disiungeret,

431 723 501 778 qu
544 726 590 757 ιιι
623 707 910 759 scitideret.
950 703 1054 754 Sed
1086 709 1189 754 tam
1217 696 1450 753 crudelis
1493 704 1707 764 tantque
1740 670 1998 747 elfretiata

430 795 823 850 malitiosorum
854 789 1128 845 hominum
1157 789 1211 841 in
1248 786 1476 840 Francia
1506 783 1874 839 debacchatur
1900 792 2000 833 ste-

429 892 559 945 vitia
585 888 684 949 ¹⁹⁸,
733 897 914 941 utnec
955 900 1067 946 me,
1099 898 1198 935 nec
1237 881 1469 946 aliquem
1504 875 1859 936 monachum,
1909 879 2001 923 aut

430 976 733 1048 quempiam
768 976 1005 1044 equitem
1041 971 1263 1025 audeam
1294 976 1442 1021 tanto
1481 965 1817 1020 committere
1857 961 2000 1031 peri-

430 1068 571 1124 culo.
610 1065 687 1121 Re
711 1066 854 1120 enim
899 1079 1025 1118 vera
1057 1048 1284 1115 domnus
1328 1058 1587 1113 Rodulfus
1620 1071 1764 1119 cmn,
1826 1063 1878 1106 te
1922 1067 2001 1107 re-

430 1159 613 1222 ducto,
642 1145 945 1221 rediretfin
975 1153 1436 1223 archiepisc0patu
1462 1146 1749 1201 Rbemeusi
1772 1161 1892 1199 cum
1926 1143 2003 1197 fa-

432 1249 623 1311 mulis,
657 1247 811 1314 equis
836 1245 1028 1299 ablatis
1056 1243 1328 1306 omnibus,
1352 1250 1542 1308 captus
1562 1248 1666 1303 est,
1697 1251 2000 1305 quanquam

431 1353 491 1391 se
519 1338 618 1391 sub
651 1335 1039 1404 archiepiscopi
1070 1332 1388 1386 Rbemensis
1419 1330 1646 1383 tuitione
1687 1329 1766 1380 ire
1803 1324 2004 1380 clama-

433 1435 539 1480 ret.
589 1425 689 1492 Qui
723 1423 1031 1493 aliquandiu
1078 1422 1311 1483 detenti,
1346 1420 1431 1480 vix
1470 1418 1681 1472 tandem
1722 1430 1827 1469 nuo
1864 1428 2003 1483 equo

433 1524 667 1579 retento,
700 1514 935 1575 relaxati
956 1520 1099 1567 sunt.
1135 1511 1372 1578 Denique
1397 1508 1606 1564 etiamsi
1638 1520 1847 1577 possem
1880 1506 2005 1559 abs'

2100 328 2389 389 dimittere,
2418 334 2471 377 ut
2495 337 2558 377 ea
2577 334 2695 391 quae
2720 326 2919 371 teterne
2951 325 3194 369 tenentur
3209 313 3379 384 possit
3408 311 3663 379 recipere.

2169 419 2359 472 Dicere
2399 429 2501 467 non
2530 423 2776 481 possunt,
2815 404 3190 467 dilectissime,
3239 411 3439 473 quanto
3472 400 3668 469 gaudio

2099 509 2383 563 exsultavit
2432 522 2525 560 cor
2556 520 2767 567 meum,
2813 518 2932 556 cum
2980 495 3157 552 audivi
3206 510 3234 546 a
3270 493 3464 547 dilecto
3501 490 3669 543 fratre

2099 600 2263 670 329
2282 608 2333 651 et
2362 595 2681 653 censobt‘ino
2709 602 2892 647 nostro
2920 591 3114 643 domno
3138 582 3463 646 Folceraldo,
3490 590 3538 634 te
3563 593 3667 633 non

2100 688 2270 743 solum
2300 687 2365 739 ad
2392 685 2529 738 bane
2554 699 2713 752 quam
2748 682 2912 735 habes
2954 686 3165 731 aetatem
3205 671 3538 743 pervenisse,
3575 666 3669 720 sed

2101 778 2259 831 etiam
2292 774 2448 829 bonis
2474 771 2820 838 honestisque
2843 768 3034 823 studiis
3068 763 3360 835 profecisse
3393 758 3529 817 etin
3556 755 3671 811 dies

2101 868 2383 938 proficere.
2416 865 2520 919 Sed
2554 875 2607 919 et
2636 863 2759 917 huic
2787 874 2903 914 meo
2931 858 3124 929 gaudio
3153 854 3376 909 multum
3410 860 3491 905 est
3521 847 3671 902 addi-

2104 970 2249 1023 tum,
2294 973 2416 1013 cum
2449 957 2577 1010 mihi
2626 955 2758 1008 dixit
2793 951 2920 1022 quia
2962 966 3047 1003 tne
3084 944 3431 1002 desiderabas
3466 940 3667 994 videre.

2104 1049 2306 1104 Memor
2340 1049 2483 1102 enim
2526 1053 2581 1099 et
2606 1050 2847 1097 servator
2876 1053 3083 1106 magna:
3118 1034 3367 1088 amicitia:
3396 1046 3510 1100 quae
3545 1027 3669 1082 olim

2104 1126 2206 1195 fuit
2246 1140 2387 1193 inter
2414 1151 2500 1191 me
2532 1144 2587 1190 et
2625 1148 2782 1187 avum
2813 1139 2866 1184 et
2895 1138 3101 1198 patrem
3126 1136 3181 1180 et
3215 1134 3438 1177 matrem
3491 1128 3670 1183 tuam,

2104 1242 2157 1284 et
2188 1226 2463 1284 immensa:
2508 1222 2811 1279 dilectionis
2848 1234 3008 1288 quam
3055 1214 3218 1271 habui
3254 1227 3379 1282 erga
3424 1220 3505 1275 te,
3550 1222 3671 1260 cum

2108 1322 2281 1376 adhuc
2307 1318 2559 1388 puerulus
2586 1329 2772 1368 esses:
2806 1327 2868 1366 ea
2893 1323 3105 1377 semper
3129 1305 3198 1337 ’⁸³
3228 1304 3294 1358 de
3326 1311 3377 1355 te
3407 1299 3673 1362 desidero,

2104 1414 2296 1482 quibus
2321 1410 2540 1463 meliora
2566 1422 2670 1462 non
2703 1418 2948 1473 possunt;
2989 1408 3045 1455 et
3071 1411 3193 1452 cum
3225 1396 3363 1450 bona
3400 1392 3465 1446 de
3502 1399 3553 1444 te
3582 1404 3676 1441 au-

2106 1505 2216 1568 dio,
2245 1506 2320 1555 sic
2343 1501 2546 1571 gaudeo
2565 1539 2579 1561 ,
2608 1507 2666 1550 ut
2693 1496 2809 1565 plus
2833 1509 2936 1546 non
2963 1490 3180 1559 possim.
3210 1486 3481 1539 Accensus
3512 1479 3676 1548 igitur

433 1621 537 1677 que
564 1607 707 1661 omni
762 1605 832 1659 te'
850 1605 1001 1659 adire
1050 1602 1307 1672 periculo,
1350 1616 1440 1654 rex
1479 1610 1655 1653 tamen
1686 1606 1742 1652 et
1778 1598 2006 1652 domnus
2038 1563 2081 1616 Β
2109 1592 2373 1647 desiderio
2402 1592 2473 1644 tui
2505 1590 2556 1642 in
2592 1589 2719 1649 Deo,
2750 1601 2845 1637 oro
2870 1582 3034 1635 Deum
3065 1589 3123 1633 ut
3145 1577 3231 1631 det
3262 1574 3416 1629 nobis
3442 1569 3598 1623 simul
3623 1568 3673 1619 in

433 1694 601 1748 abbas
632 1702 838 1757 noster,
868 1691 919 1745 in
942 1706 1171 1761 quorum
1201 1697 1468 1758 potestate
1500 1702 1641 1748 sum,
1670 1685 1854 1741 uolunt
1874 1685 2003 1739 mibi

431 1782 591 1837 eundi
622 1783 752 1837 dare
777 1781 1047 1835 licentiam
1077 1797 1091 1833 :
1126 1794 1223 1834 nec
1247 1787 1427 1833 tamen
1454 1777 1521 1831 ab
1561 1777 1684 1840 illis,
1710 1784 1769 1829 ut
1809 1784 1860 1830 te
1885 1788 2008 1843 pos-

431 1874 773 1938 simhabere,
802 1873 968 1927 ullum
1000 1886 1259 1942 recepero
1287 1872 1542 1926 auxilium
1576 1878 1667 1922 aut
1689 1867 2002 1931 consilium;
2028 1898 2033 1903 ι

433 1977 538 2017 nec
569 1962 687 2015 usui
714 1976 835 2016 esse
861 1960 1080 2014 honoris
1101 1959 1429 2021 existimant,
1457 1959 1600 2027 quod
1632 1965 1780 2010 tanto
1803 1955 2002 2019 studio,

433 2051 502 2106 de
527 2059 634 2133 tam
664 2050 973 2120 longinquo,
997 2060 1212 2117 tamque
1239 2047 1527 2101 hmnilibus
1552 2056 1605 2100 ct
1634 2044 2006 2099 amicahilibus

433 2132 630 2194 litteris
666 2140 865 2194 frustra
902 2138 983 2192 bis
1011 2147 1399 2209 poposcerunt,
1434 2137 1591 2190 tertio
1620 2135 1846 2199 forsitan
1886 2132 2003 2187 fru-

433 2238 546 2283 stra
578 2243 877 2297 reposcere.
911 2226 1035 2282 llaec
1064 2226 1263 2282 idcirco
1293 2226 1384 2280 tibi
1422 2226 1631 2294 scripsi,
1662 2224 2001 2287 charissimc,

436 2326 494 2369 ut
524 2325 578 2370 tu
612 2317 838 2370 haberes
872 2331 970 2385 per
997 2332 1155 2384 quem
1199 2316 1324 2369 mihi
1353 2315 1674 2369 desideranti
1716 2316 1856 2368 scire
1889 2330 2007 2382 qua:

433 2406 579 2461 circa
610 2414 831 2470 te-sunt,
863 2407 1121 2460 mandare
1150 2420 1357 2475 posses,
1387 2414 1444 2459 et
1472 2404 1630 2459 simul
1655 2402 1849 2468 scires,
1876 2404 2005 2472 quia

430 2495 543 2564 jam
574 2496 775 2576 nullum
804 2496 871 2551 ab
900 2496 1114 2579 homine
1147 2504 1401 2565 exspecto
1432 2496 1713 2559 auxilium,
1735 2511 1841 2564 quo
1862 2504 2006 2548 tuam

436 2590 721 2653 tantopere
760 2583 1120 2637 desideratam
1155 2583 1620 2637 conversationem
1642 2584 1856 2651 assequi
1885 2599 2007 2652 pos-

425 2669 538 2727 sim
571 2688 586 2727 :
618 2682 879 2741 quatenus
904 2671 1071 2727 solius
1099 2672 1199 2726 Dei
1234 2682 1419 2727 nostro
1440 2673 1708 2727 desiderio
1739 2671 2003 2737 favorem,

436 2762 728 2816 secundum
755 2777 909 2816 suum
933 2762 1346 2830 beneplacitum,
1370 2772 1589 2817 orantes
1610 2774 2006 2831 exspectemus,

438 2861 494 2905 et
536 2852 750 2906 interim
799 2850 915 2919 ejus
959 2853 1025 2906 de
1051 2853 1205 2906 nobis
1250 2852 1652 2921 dispositionem
1695 2853 2007 2907 obedienter

436 2941 808 3011 patienterque
832 2942 1136 2996 toleremus.
1164 2940 1254 2994 Sic
1280 2942 1421 2995 enim
1454 2941 1613 2995 citius
1636 2951 1689 2994 et
1725 2942 2005 3011 benignius

436 3031 762 3087 desiderium
792 3044 1035 3087 nosuum
1081 3031 1325 3102 perﬁciet
1355 3033 1441 3097 ⁸³⁸,
1488 3032 1532 3085 si
1574 3047 1679 3085 non
1721 3035 1862 3100 quod
1909 3026 2007 3087 nos

434 3120 709 3188 volumus,
749 3123 840 3175 sed
874 3121 1016 3190 quod
1048 3122 1158 3190 ipse
1180 3120 1311 3185 vult,
1342 3136 1439 3174 nos
1467 3120 1775 3175 desiderare
1799 3122 2006 3189 perspi-

436 3210 566 3265 ciet.
610 3209 927 3279 Quanquam
969 3211 1111 3263 cnim
1170 3219 1223 3261 tu
1271 3196 1899 3279 valde-suilliciettterque
1956 3223 2008 3264 te

437 3297 734 3351 consoleris
765 3312 828 3352 es
862 3307 1045 3369 sancta
1082 3306 1410 3365 paterneque
1438 3298 1770 3365 benignitate
1799 3299 2009 3354 abbatis

440 3390 546 3452 tai,
589 3404 747 3458 quam
784 3403 814 3442 a
857 3398 908 3441 te
950 3387 1222 3441 inventam
1249 3401 1390 3455 sarpe
1434 3387 1561 3440 mihi
1600 3400 1837 3455 praesens
1874 3403 2007 3456 gau-

436 3479 614 3533 dendo
668 3478 962 3547 pnedicare
1009 3477 1247 3540 solebas;
1283 3490 1382 3545 ego
1415 3486 1623 3539 tamen,
1668 3476 1811 3543 quod
1860 3477 1927 3531 de
1958 3485 2007 3531 te

438 3574 685 3627 desidero
717 3573 812 3635 ’°°,
860 3570 1167 3625 desiderare
1216 3584 1318 3622 non
1365 3570 1643 3623 desistam.
1693 3568 2005 3633 Orationes,

438 3679 574 3732 quas
602 3662 714 3728 tibi,
744 3678 864 3716 cum
898 3675 1107 3715 mecum
1137 3672 1308 3722 esses,
1333 3658 1493 3722 scribi
1525 3657 1795 3722 fecerant;
1827 3660 2008 3713 nescio

438 3766 533 3819 per
564 3765 721 3818 quem
755 3750 846 3803 tibi
888 3749 1103 3802 mittere
1145 3747 1364 3817 possim.
1397 3745 1558 3799 Lator
1588 3746 1731 3799 enim
1768 3761 2008 3814 praesen-

442 3842 572 3893 timn
602 3855 695 3894 eas
747 3838 889 3893 ferre
921 3840 1014 3893 tibi
1057 3853 1161 3892 non
1204 3845 1288 3891 est
1327 3852 1525 3899 ausus,
1568 3837 1760 3890 timens
1799 3848 1865 3892 ne
1902 3838 2005 3892 sibi

440 3930 798 3985 auferrentur.
832 3930 966 3984 Cum
1005 3928 1146 3981 enim
1175 3943 1295 3981 eum
1338 3926 1505 3994 prima
1533 3927 1647 3979 vice
1669 3926 1735 3994 ad
1778 3937 1827 3980 te
1857 3927 2005 3986 misi.

448 4022 579 4075 dicit
608 4036 666 4076 se
702 4029 915 4089 captum
943 4025 997 4073 et
1033 4016 1415 4086 exspoliatum,
1461 3992 1740 4082 vestesque
1764 4029 1921 4079 suas,
1961 4016 2007 4070 si

439 4112 565 4181 quid
594 4112 730 4166 forte
759 4113 812 4164 iu
842 4111 921 4166 eis
959 4108 1101 4178 quod
1136 4108 1244 4162 tolli
1287 4116 1465 4175 posset
1503 4107 1857 4171 inveniretur,
1897 4099 2008 4162 dis-

2108 1682 2205 1736 hac
2233 1684 2373 1741 vita,
2408 1678 2643 1747 quandiu
2678 1673 2871 1727 victuri
2909 1684 3122 1729 sumus,
3166 1661 3494 1724 conversari,
3526 1667 3581 1713 et
3622 1657 3674 1710 iu

2111 1772 2288 1824 futura
2335 1768 2675 1838 congloriari.
2728 1765 2875 1819 llnde
2914 1756 3119 1822 hoi-tor,
3166 1770 3379 1825 precor,
3426 1751 3673 1808 obsecro.

2109 1860 2180 1913 mi
2229 1858 2608 1922 dilectissime,
2666 1857 2826 1910 crede
2870 1867 3051 1907 verum
3100 1862 3219 1902 esse
3275 1843 3416 1913 quod
3469 1838 3678 1893 Veritas

2106 1958 2264 2019 dixit,
2290 1959 2345 2005 et
2377 1964 2499 2004 ama
2540 1948 2681 2017 quod
2728 1941 3155 2012 t't-linqueptilms
3184 1934 3431 1990 saeculum
3460 1936 3678 2001 propter

2107 2067 2166 2105 se
2214 2046 2477 2119 promisit.
2526 2040 2705 2111 Incipe
2732 2050 2922 2107 parare
2952 2044 3061 2088 tam
3089 2041 3338 2097 magnum
3382 2029 3639 2090 rpirestum
3659 2060 3678 2084 ,

2108 2112 2346 2193 accelera
2374 2134 2439 2186 ad
2472 2138 2677 2184 tantum
2713 2125 2954 2186 lucrum,
2998 2129 3055 2173 ut
3079 2133 3198 2187 quae
3230 2112 3412 2167 niundi
3438 2119 3563 2164 sunt
3594 2124 3680 2162 re—

2104 2231 2374 2297 linquens,
2407 2220 2710 2287 centuplum
2738 2214 2990 2282 accipias,
3021 2220 3075 2265 et
3094 2209 3255 2261 vitam
3281 2215 3537 2259 aeternam
3563 2214 3679 2269 pos-

2108 2292 2283 2375 sideas
2330 2314 2541 2386 (Matth.
2570 2326 2682 2372 xui,
2708 2308 2820 2377 9.9).
2848 2303 2999 2370 Quod
3021 2301 3065 2356 si
3100 2299 3192 2353 tibi
3219 2296 3358 2350 Deus
3386 2292 3676 2360 inspiravc~

2112 2411 2213 2471 rit,
2262 2420 2426 2476 rogo.
2472 2399 2816 2460 cbarissime,
2861 2406 2928 2448 ne
2953 2391 3167 2447 dubites
3198 2395 3423 2456 propter
3463 2380 3674 2436 itineris

2109 2504 2346 2556 laborem
2388 2496 2570 2552 venire
2599 2492 2666 2546 ad
2703 2489 2935 2544 amicmn
2963 2491 3018 2543 et
3044 2478 3498 2548 consanguineum
3530 2482 3676 2526 tuum

2112 2602 2163 2647 te
2176 2590 2587 2645 desiderantem.
2608 2578 2870 2649 Quoniam
2896 2578 2939 2631 si
2960 2572 3119 2629 simul
3139 2568 3451 2631 vixerimus,
3473 2571 3671 2634 1amite

2112 2692 2352 2737 mutuum
2376 2685 2616 2731 nostrum
2645 2670 2896 2743 gaudium
2926 2667 2992 2720 de
3017 2660 3416 2717 uobisinvicem
3445 2666 3681 2724 praesens

2066 2796 2067 2799 η
2111 2771 2264 2825 nobis
2299 2769 2431 2831 erit;
2480 2772 2627 2819 tanto
2651 2740 2928 2830 unidquid
2972 2766 3133 2821 grave
3167 2747 3457 2809 videbitur,
3499 2740 3671 2798 levius

2031 2909 2078 2970 C

2109 2859 2230 2913 erit.

2470 2957 2802 3018 EPISTOLA
2846 2953 3050 3012 XLVllI
3092 2949 3203 3021 (l6)
3241 2947 3331 3000 ³⁸³.

2673 3086 2735 3125 ΔΙ)
2759 3076 3128 3123 LANFRANCUI.

2285 3183 2597 3257 Expostulat
2646 3181 2708 3234 de
2754 3176 3042 3244 honori/ica
3091 3172 3501 3241 compellatione.

2182 3273 2405 3351 Domino
2465 3299 2527 3345 et
2566 3288 2710 3343 Patri
2763 3301 2861 3339 suo
2924 3280 3215 3338 reverendo
3270 3273 3677 3343 archiepiscopo

2110 3390 2445 3448 Lsarnsuco,
2475 3385 2641 3437 frater
2666 3382 2970 3441 Aussutus,
3004 3389 3131 3427 suns
3155 3370 3296 3440 quod
3325 3382 3471 3423 suus.

2182 3477 2330 3532 Sicut
2373 3474 2663 3529 Zacharias
2696 3470 2953 3539 propheta
2976 3465 3042 3518 ad
3070 3457 3544 3518 connucudamlam
3570 3469 3678 3508 sua:

2108 3567 2404 3639 prophetia:
2433 3562 2806 3617 auctoritatem
2838 3558 2949 3611 fere
2979 3569 3074 3623 per
3106 3550 3346 3620 singulos
3377 3561 3561 3603 versus
3590 3559 3677 3598 re-

2108 3634 2240 3728 petiit
2269 3654 2443 3709 :‘Ilwc
2464 3653 2588 3706 dicit
2617 3650 2902 3711 Dominus;
2927 3646 3005 3698 sic
3024 3641 3152 3696 mihi
3182 3640 3246 3692 ad
3278 3634 3674 3695 inculcandum,

2111 3749 2253 3817 quis,
2288 3745 2375 3799 cui
2414 3752 2462 3798 et
2492 3758 2598 3809 quo
2637 3741 2819 3794 intimo
2854 3738 3123 3804 loquatur,
3150 3732 3278 3785 libet
3308 3737 3364 3783 ut
3393 3737 3499 3781 tam
3535 3739 3677 3793 sznpe

2111 3836 2352 3907 epistola:
2381 3840 2601 3891 nostrae,
2627 3844 2766 3897 quas
2790 3834 2985 3879 vestra:
3005 3822 3176 3890 dirigo
3197 3828 3434 3888 paternae
3458 3813 3677 3870 celsitu-

2111 3899 2242 3989 dini,
2273 3924 2327 3977 in
2357 3920 2530 3974 fronte
2551 3917 2750 3987 pictum
2792 3912 3078 3983 praeferant
3105 3928 3118 3961 :
3150 3907 3368 3961 Domino
3410 3913 3456 3957 et
3500 3899 3679 3962 Patri,“

2110 4028 2184 4081 et,
2214 4031 2338 4070 suus
2371 4013 2509 4080 quod
2539 4025 2685 4064 suus.
2717 4005 2809 4060 Sic
2838 4003 2979 4059 enim
3011 4001 3170 4061 hanc,
3199 4012 3300 4051 non
3338 3995 3532 4055 dicam,
3564 3989 3679 4046 scio

2112 4108 2389 4168 siumlare,
2421 4103 2513 4158 sed
2556 4098 2750 4167 sculpsi
2782 4097 2833 4149 in
2882 4101 3061 4147 mente
3106 4104 3220 4142 mea
3255 4087 3588 4154 impressam,
3620 4088 3679 4132 ut

440 4218 626 4277 missas
649 4202 739 4256 ²⁰¹ο
784 4202 935 4273 Βοϐο
957 4241 971 4267 ν
1026 4199 1217 4256 manda
1263 4198 1392 4253 mihi
1447 4212 1542 4267 per
1575 4197 1853 4266 epistolam
1892 4215 2009 4267 quae
2044 4222 2089 4280 υ
2115 4199 2373 4272 quidquid
2396 4207 2691 4267 proponam
2721 4190 2773 4243 in
2807 4181 3105 4253 incipienda
3138 4188 3313 4233 nostra
3334 4172 3676 4234 salutatione,

439 4294 583 4357 circa
609 4303 658 4348 te
680 4301 822 4349 sunt.
853 4292 1130 4353 Dominus,
1159 4289 1249 4357 qui
1271 4288 1496 4341 custodit
1526 4286 1718 4352 Israel,
1751 4290 2010 4342 custodiat

440 4394 490 4437 te
536 4384 597 4435 ab
635 4385 773 4437 omni
812 4377 982 4444 nullo,
1028 4379 1285 4432 custodiat
1319 4380 1551 4432 animum
1590 4390 1733 4436 tuam
1764 4377 2014 4433 Dominus

442 4474 613 4550 (Psal.
646 4490 766 4540 cxx,
797 4475 871 4543 7).

907 4577 1231 4637 EPlSTOLA
1276 4578 1450 4634 XLVII
1482 4580 1570 4631 ’°‘.

1065 4687 1129 4725 AD
1167 4685 1398 4725 PETRUII.

441 4765 517 4823 De
554 4764 779 4815 honestis
817 4761 1119 4880 gratulatur,
1140 4760 1357 4822 studiis,
1386 4768 1434 4811 et
1467 4758 1536 4810 ad
1561 4759 1818 4827 puriorem
1851 4760 2010 4811 vitam

1116 4839 1357 4880 tortatur.

1116 4839 1357 4880 tortatur.

512 4921 842 4980 Charissinto
881 4934 979 4973 suo
1022 4908 1345 4974 consobrino
1383 4917 1585 4983 Pereo,
1612 4918 1781 4971 frater
1810 4916 2012 4974 Anser.-

2121 4261 2220 4347 lioc
2247 4292 2299 4344 in
2324 4261 2694 4343 consummata
2719 4283 2978 4348 appareat
3001 4282 3333 4341 expressum.
3360 4264 3492 4319 Cum
3518 4261 3680 4330 igitur

2119 4386 2219 4440 hoc
2259 4380 2410 4434 titulo
2440 4376 2593 4431 vobis
2621 4385 2728 4427 tam
2779 4383 2919 4437 saepe
2948 4365 3201 4423 scribam,
3228 4354 3514 4427 qurerendo
3543 4365 3676 4419 que—

2118 4490 2229 4537 ror,
2273 4478 2328 4524 et
2372 4465 2647 4537 querendo
2687 4474 2868 4530 quer
2892 4472 2988 4512 cur
3027 4452 3154 4506 mihi
3185 4460 3454 4520 nunquam
3484 4440 3679 4496 rescri-

2116 4564 2288 4626 batis;
2315 4560 2406 4614 sed
2442 4538 2623 4611 nescio
2648 4552 2731 4606 cui
2780 4558 2956 4604 vestro
2980 4545 3195 4598 domine
3222 4548 3274 4594 et
3310 4534 3479 4599 Patri,
3505 4532 3677 4602 prima

2118 4655 2418 4707 litterarmn
2454 4654 2654 4700 notato.
2688 4643 2755 4695 At
2781 4641 2822 4694 si
2861 4651 3016 4692 servo
3058 4641 3111 4689 et
3146 4631 3253 4684 lilio
3279 4637 3458 4682 vestro
3487 4622 3681 4679 scribi-

2115 4745 2205 4806 tis,
2232 4758 2348 4805 cur,
2384 4736 2526 4809 quod
2556 4734 2835 4788 destruere
2863 4741 2965 4778 non
3014 4720 3234 4791 potestis
3262 4733 3355 4787 per
3380 4712 3675 4783 oppositam

2122 4832 2477 4902 negationem,
2525 4826 2841 4879 subvertere
2879 4817 2947 4849 ²⁰⁸
2995 4812 3210 4868 tcntatis
3260 4823 3354 4877 per
3398 4804 3677 4859 relativam

2118 4892 2561 4991 oppositionem?
2608 4909 2807 4967 Precor
2861 4909 3039 4974 itaque
3098 4911 3155 4954 ut
3207 4896 3415 4967 quoties
3472 4892 3679 4946 litteras

1680 5007 1910 5063 VARUS
1952 5010 2345 5068 LECTIONES.

515 5101 578 5133 ⁸⁸⁷
614 5098 689 5151 Ne
729 5098 921 5150 anima:
948 5113 1043 5151 ms.
1074 5112 1140 5150 ne
1185 5096 1393 5149 animus
1468 5098 1535 5128 ’⁸⁸
1568 5095 1796 5152 Sevitas
1838 5116 1937 5153 ms.
1970 5102 2171 5155 saevitia
2223 5100 2315 5133 ·¹⁹⁹
2354 5094 2603 5150 Perflcies
2648 5109 2742 5145 ms.
2787 5087 3020 5158 perficiet
3092 5084 3161 5113 ‘°°
3215 5078 3288 5131 Ex
3337 5085 3387 5129 te
3432 5071 3676 5129 desidero

443 5187 537 5222 ius.
570 5170 632 5221 de
661 5178 709 5221 te
738 5168 984 5220 desidero

1034 5168 1121 5223 .’°‘
1152 5167 1401 5221 Discusas
1430 5182 1524 5216 ms.
1554 5167 1821 5222 discussus
1895 5170 1962 5201 ²⁰²
1990 5170 2117 5223 Cum
2159 5170 2274 5223 eod.
2306 5185 2401 5220 ms.
2430 5161 2619 5217 collata

2693 5161 2762 5190 ²⁰³
2788 5155 2987 5225 Ἐλισῖιιω
3015 5166 3222 5220 semper
3262 5164 3355 5199 ms.
3378 5160 3441 5198 ea
3466 5155 3677 5208 semper

445 5240 512 5275 ὀδ
540 5254 668 5290 cum
695 5236 939 5305 prwdicta
967 5233 1266 5302 Exemplari
1303 5251 1397 5288 ms.
1431 5234 1619 5287 collata
1692 5236 1761 5267 ’°'
1798 5237 2120 5293 Submerere
2160 5256 2256 5291 ms.
2301 5239 2609 5289 subvertere

620 5406 627 5412 .
1138 5340 1141 5345 ’
1640 5323 1922 5382 JOANNIS
1959 5328 2230 5382 PICARDI
2269 5325 2495 5382 NOTAE.

515 5420 623 5487 (lli)
676 5420 820 5472 llauc
878 5419 945 5471 ab
990 5417 1239 5489 Auselmo
1288 5415 1398 5483 jam
1460 5416 1646 5470 abbate
1695 5417 1947 5489 scriptam
1998 5418 2190 5489 liquet;
2244 5420 2411 5489 ipsum
2462 5416 2600 5470 cnim
2654 5422 2706 5466 ut
2749 5410 2989 5465 abbatem
3038 5401 3361 5458 salutaverat
3410 5387 3669 5447 Laufrath

450 5504 543 5544 cus
575 5509 584 5543 :
617 5506 735 5545 cum
761 5491 824 5545 Λ.
850 5488 1016 5554 prima
1050 5488 1343 5542 litterarum
1376 5494 1580 5542 nutans.

3526 78 3697 165 ms
