4214 6214
620 265 760 324 illi)

1176 267 1234 320 S.
1275 264 1573 320 ANSEU"
1607 265 1960 322 CANTUAR.
2003 264 2178 321 ARCH

2278 263 2317 317 ).
2350 263 2502 322 OPP.
2538 263 2717 321 PARS
2756 264 2840 319 lll.
2884 296 2955 308 —
2992 262 3369 321 EPISTOLE.

3746 269 3883 327 ΝΞΟ

618 381 947 454 dignationis
986 389 1178 435 vestne
1223 397 1539 450 suscepere,
1568 391 1660 436 aut
1684 384 1892 437 videam
1925 383 2011 437 cui
2059 382 2198 438 scri-
2227 381 2455 436 Aautor
2506 396 2688 446 meus,
2737 381 3006 450 quomodo
3053 379 3271 451 vigilet,
3320 369 3618 435 intimetur.
3678 386 3884 456 Quippe

618 471 782 537 bilis;
815 465 929 534 aut,
958 469 1039 523 vel
1070 485 1175 524 non
1204 471 1416 525 videam
1439 472 1524 526 cui
1555 489 1660 526 non
1693 473 1951 526 scribitis.

1124 608 1458 665 EPISTOLA
1514 609 1695 662 XLIX.
1779 600 1782 602 ’

1217 717 1283 754 ΑΙ)
1306 716 1593 754 HENRICUII.

613 785 824 842 Gratias
869 791 976 858 agit
998 807 1092 858 pro
1137 808 1288 856 auro,
1322 791 1374 842 in
1427 807 1528 858 quo
1571 799 1744 843 tamen
1788 790 1904 857 plus
1939 790 2191 844 laudatur

679 859 857 981 guinis
886 862 1093 913 animus
1127 877 1285 928 quam
1329 875 1535 912 umuus.
1583 858 1651 912 Et
1690 861 1890 913 veniam
1927 863 2051 928 petit
2093 879 2188 930 pro

727 946 749 980 δ
787 946 934 982 eruo.

682 1015 907 1070 Domino
953 1018 1246 1071 reverenda
1276 1028 1328 1071 et
1352 1019 1546 1083 amico,
1581 1017 1795 1072 domino
1843 1019 2009 1088 priori
2048 1018 2190 1073 lien-

608 1121 750 1170 nico,
784 1108 952 1162 frater
981 1109 1279 1171 Anssmws,
1312 1108 1562 1162 Salutem.

679 1198 895 1253 Gratias
927 1199 1073 1252 vobis
1104 1214 1326 1268 magnas
1363 1201 1539 1254 scribo
1575 1215 1671 1269 pro
1692 1216 1822 1253 auro
1851 1202 1992 1270 quod
2025 1201 2180 1255 misi-

605 1290 734 1352 stis;
764 1291 857 1342 sed
903 1289 1073 1344 multo
1121 1291 1354 1356 majores
1377 1292 1539 1345 corde
1569 1303 1724 1345 teneo
1751 1307 1848 1360 pro
1880 1294 2016 1346 bona
2054 1309 2180 1364 erga

605 1394 692 1432 me
735 1380 1052 1444 voluntate,
1109 1397 1268 1449 quam
1344 1382 1661 1434 retiuuistis.
1718 1383 1888 1448 Quam
1945 1385 2186 1452 quotidie

603 1470 778 1524 multo
832 1471 1022 1526 melius
1071 1482 1124 1524 et
1175 1472 1374 1525 clarius
1432 1473 1684 1541 experior
1715 1474 1767 1526 in
1819 1475 2014 1529 dilecto
2067 1490 2185 1530 meo

603 1561 878 1613 conuuuui
937 1558 1102 1613 fratre
1145 1569 1333 1614 nostro
1364 1559 1636 1626 Mauritio,
1666 1577 1826 1630 quam
1865 1563 1914 1615 in
1949 1562 2184 1617 millibus

602 1650 721 1704 auri
747 1660 795 1705 et
824 1651 1053 1719 argenti.
1083 1650 1163 1704 Ah
1190 1651 1274 1705 his
1298 1651 1441 1704 enim
1472 1652 1562 1720 qui
1592 1653 1658 1706 ab
1681 1667 1747 1706 eo
1775 1652 1994 1707 veniunt
2025 1653 2184 1708 audio

602 1757 700 1796 vos
724 1759 843 1798 eum
895 1752 1046 1797 tanto
1096 1743 1300 1798 honore
1331 1753 1385 1798 et
1431 1759 1616 1799 amore
1648 1752 1899 1808 tractare,
1931 1755 1988 1797 ut
2014 1759 2181 1813 appar-
2214 1722 2258 1779 Β

607 1841 724 1886 reat
765 1849 860 1887 vos
892 1850 996 1888 non
1054 1834 1265 1888 modice
1322 1850 1406 1888 me
1460 1835 1772 1889 dilectorem
1814 1835 1930 1904 ejus
1975 1850 2178 1888 amare.

601 1920 837 1977 Litteras
863 1938 998 1992 quas
1044 1924 1367 1980 eharissimo
1407 1924 1517 1978 filio
1560 1932 1742 1979 vestro
1791 1924 1944 1979 fratri
1996 1935 2183 1979 nostro

600 2012 822 2068 Salvino
869 2015 1095 2070 misistis
1150 2016 1251 2086 legi
1292 2036 1307 2070 :
1342 2018 1394 2070 in
1431 2017 1625 2085 quibus
1675 2026 1784 2070 tam
1835 2016 2085 2086 benigne,
2129 2025 2182 2070 et

595 2113 838 2159 vestram
877 2121 1004 2176 erga
1051 2122 1172 2160 cum
1205 2107 1550 2175 expressistis
1579 2107 1952 2169 dilectionem,
1977 2116 2031 2160 et
2073 2108 2176 2160 mei

595 2195 719 2266 plus
747 2212 907 2267 quam
939 2212 1150 2252 merear
1186 2197 1458 2253 indidistis
1490 2199 1838 2262 mentionem,
1872 2209 1928 2251 ut
1959 2200 2026 2253 ibi
2055 2200 2175 2254 aui-

596 2287 984 2342 madverteretn
1040 2302 1289 2357 magnam
1325 2288 1614 2356 quamdam
1672 2289 1944 2355 sapienter
2000 2290 2172 2343 laten-

595 2385 724 2440 tem,
758 2386 811 2432 et
832 2378 1064 2432 latenter
1088 2379 1388 2448 sapientem
1418 2379 1880 2448 deprecationem;
1908 2390 2176 2447 quatenus

591 2476 712 2534 ego,
744 2481 903 2541 quem
937 2469 1016 2522 sic
1049 2469 1375 2535 describitis,
1402 2470 1688 2540 benignum
1733 2488 1855 2540 erga
1888 2472 2041 2537 alios,
2075 2473 2172 2538 illi,

591 2571 753 2624 quem
811 2558 891 2612 sic
929 2559 1170 2628 diligitis,
1203 2561 1504 2630 impendam
1540 2577 1714 2615 meam
1741 2577 1923 2615 curam
1961 2572 2017 2616 et
2041 2563 2168 2617 dile-

593 2646 856 2700 ctionem.
900 2647 967 2701 Et
994 2649 1066 2701 ita
1101 2647 1213 2714 ﬁat,
1244 2649 1456 2717 quando
1483 2649 1698 2718 quidem
1723 2649 1792 2702 ita
1821 2649 2000 2704 vultis.
2034 2649 2166 2705 Cum

588 2734 734 2789 enim
761 2750 883 2790 eum
911 2752 1088 2792 amem
1123 2747 1341 2808 propter
1365 2738 1527 2792 Deum
1556 2747 1612 2792 et
1643 2746 1861 2808 propter
1882 2739 2118 2808 seipsum
2151 2757 2164 2794 :

586 2833 641 2879 et
670 2827 795 2896 quia
828 2828 1115 2882 confitetur
1143 2844 1201 2883 se
1237 2829 1471 2883 amicum
1503 2843 1623 2883 esse
1665 2829 1866 2883 domini
1897 2827 2163 2896 Goudulft,

586 2917 762 2970 adhuc
789 2929 999 2972 crescat
1030 2909 1203 2984 amor,
1227 2920 1352 2989 quia
1384 2929 1466 2975 est
1493 2919 1725 2974 dilectus
1763 2918 1964 2972 domini
2017 2919 2166 2989 prio-

586 3007 662 3060 ris
693 3007 931 3063 lleurici.
974 3009 1029 3063 lu
1077 3011 1280 3065 eisdem
1311 3010 1526 3072 litteris,
1559 3009 1837 3078 cujusdam
1868 3011 2040 3078 eulpae
2074 3026 2167 3064 ve-

585 3097 730 3151 niam
760 3109 1054 3168 spontauea
1088 3101 1416 3169 benignitate
1447 3102 1620 3156 eidem
1673 3100 1870 3158 dilecto
1900 3108 2082 3156 vestro
2113 3110 2167 3154 et

584 3203 708 3244 meo
755 3207 1070 3246 concessam
1131 3194 1332 3247 iuveni.
1393 3194 1459 3249 Et
1508 3193 1633 3261 quia
1680 3192 1926 3246 servulus
1963 3201 2163 3256 vester,

581 3279 754 3336 frater
782 3293 965 3338 uoster
1006 3284 1302 3348 Oshernus,
1331 3301 1454 3339 cum
1500 3300 1565 3339 eo
1607 3284 1814 3353 pariter
1843 3299 1901 3336 se
1931 3298 2036 3335 non
2068 3298 2165 3351 per

581 3373 912 3439 Superbiam,
933 3374 1025 3427 sed
1045 3391 1139 3443 per
1156 3374 1568 3440 imprudentiam
1588 3388 1841 3441 peccasse
1865 3373 2161 3442 cognoscit,

585 3472 687 3511 nec
713 3461 812 3514 sibi
863 3462 1026 3514 sentit
1076 3462 1339 3515 indultum
1386 3476 1534 3526 esse;
1577 3471 1832 3524 tumstum
1878 3477 1975 3530 pro
2006 3461 2160 3530 culpa

581 3558 638 3606 et
667 3550 954 3604 sollicitum
980 3553 1045 3605 de
1077 3553 1228 3606 venia
1266 3552 1503 3622 percepi.
1531 3552 1729 3605 Precor
1752 3551 1914 3621 igitur
1936 3561 1992 3604 ut
2016 3552 2159 3619 quod

580 3637 635 3692 iu
664 3654 749 3692 me
781 3639 1028 3705 laudatis,
1064 3634 1272 3695 meeum
1316 3641 1368 3694 in
1408 3641 1556 3695 vobis
1595 3641 1938 3695 exhibeatis:
1974 3649 2161 3710 quate-

587 3744 686 3782 nus
722 3745 926 3782 meeum
977 3745 1139 3800 super
1163 3729 1501 3784 alﬂietiouem
1526 3730 1639 3797 ejus
1666 3731 1746 3797 pia
1775 3739 2048 3798 gestantes
2077 3731 2157 3782 vi-

577 3830 752 3879 scera,
778 3819 916 3872 sicut
935 3818 1153 3872 Salvino
1179 3819 1472 3873 indulsistis
1500 3828 1719 3886 propter
1737 3829 1966 3872 vestram
1990 3819 2155 3873 solam

574 3906 890 3973 bonitatem,
918 3908 988 3962 ita
1014 3909 1258 3964 Osheruo
1292 3910 1574 3964 dimittatis
1604 3911 1645 3962 si
1673 3911 1801 3979 quid
1821 3911 1884 3962 in
1912 3925 2004 3964 vos
2033 3926 2158 3978 pec-

573 4001 736 4063 cavit,
782 4009 1000 4069 propter
1058 4012 1293 4056 vestram
1345 4002 1757 4070 benignitatem,
1813 4009 1867 4054 et
1914 4011 2152 4055 nostram

573 4088 915 4145 charitatetn.

1078 4181 1406 4236 EPISTOLA
1468 4181 1506 4234 L
1547 4182 1636 4234 '°‘.

1137 4289 1203 4327 AD
1235 4288 1574 4327 GONDULFUM.

999 4363 1306 4416 Familiaris
1362 4374 1433 4416 ut
1469 4363 1703 4425 epistola.

643 4455 822 4510 Fratri
848 4456 1036 4519 frater,
1063 4455 1259 4508 dilecto
1283 4455 1530 4516 dilectus,
1548 4455 2146 4521 GonoecroAusunus,

572 4548 626 4605 in
665 4547 763 4602 hac
786 4549 893 4602 vita
937 4548 1268 4609 diuturnam,
1308 4556 1361 4599 et
1390 4547 1442 4600 in
1472 4548 1584 4624 dics
1615 4548 1977 4616 proficientem
2012 4565 2137 4603 san-

570 4639 812 4694 ctitatem
832 4679 846 4701 ,
885 4638 936 4690 in
983 4637 1161 4689 futura
1188 4637 1352 4690 vitam
1379 4648 1656 4704 aeternam,
1689 4649 1741 4693 et
1766 4655 1978 4708 semper
2004 4639 2149 4692 sum-

571 4731 801 4785 cientem
832 4730 1166 4784 felicitatem.

640 4819 839 4874 Omnes
890 4827 1156 4888 quotquot
1183 4819 1402 4873 veniunt
1427 4834 1456 4874 a
1487 4820 1683 4874 domno
1731 4819 2018 4884 Gondulfo,
2059 4838 2144 4875 re-

574 4909 752 4964 ferunt
794 4912 935 4980 quod
979 4910 1187 4964 litteras
1237 4926 1382 4965 meas
1411 4912 1682 4966 desiderat
1727 4914 1956 4967 domnus
2000 4914 2143 4968 Conv

573 4997 770 5051 dulfus.
814 5001 868 5052 In
895 5002 1091 5068 quibus
1123 5001 1257 5055 bene
1289 5003 1407 5055 novi
1441 5003 1562 5070 quia
1594 5004 1723 5056 nihil
1767 5004 1906 5056 aliud
1959 5020 2147 5073 evspc-

569 5099 705 5153 ctas,
737 5089 834 5142 nisi
893 5098 953 5142 ut
995 5100 1238 5145 mutuum
1285 5101 1482 5145 nostra:
1535 5093 1837 5148 dilectionis
1893 5091 2141 5145 affectum

569 5178 742 5249 legas.
775 5179 925 5246 Quod
968 5182 1180 5250 quidem
1227 5193 1410 5237 certus
1439 5199 1554 5236 sum
1589 5185 1712 5250 quia
1760 5201 1862 5237 non
1919 5184 2049 5236 faris
2085 5195 2142 5236 ut

571 5282 727 5321 amor
763 5276 906 5334 tuus,
937 5285 1006 5323 ne
1050 5272 1372 5338 obdormiat,
1406 5274 1598 5329 litteris
1629 5275 1920 5338 excitetur;
1956 5285 2048 5328 aut
2089 5284 2149 5328 ut

2298 473 2440 526 sicut
2469 474 2535 527 de
2567 482 2655 526 tuo
2691 473 2882 527 affectu
2935 488 3062 543 erga
3104 489 3190 526 me
3221 482 3405 528 certus
3430 489 3511 538 es,
3555 474 3628 529 ita
3656 475 3726 532 de
3760 495 3881 534 meo

2297 576 2423 632 erga
2459 571 2509 615 te
2533 578 2638 615 non
2669 562 2904 624 dubitas.
2937 563 3144 618 Idcirco
3175 563 3336 631 igitur
3371 571 3653 634 tantopere
3679 567 3880 637 scripta

2297 650 2417 703 n'tea
2462 650 2726 719 postulas,
2758 658 2817 701 ut
2845 651 2987 718 quod
3040 650 3090 703 in
3132 651 3317 704 intima
3368 663 3548 706 mente
3589 653 3879 709 formatum

2297 741 2498 808 pariter
2525 740 2785 810 gerimus,
2812 757 2862 793 ιιι
2910 741 3096 793 charta
3124 741 3384 810 scriptum
3422 744 3627 810 videas,
3651 745 3881 800 videndo

2296 847 2460 900 tegas,
2491 830 2715 900 legendo
2752 830 3110 900 congaudeas.
3150 830 3256 882 Sed
3294 831 3443 899 quid,
3479 832 3522 886 si
3555 848 3655 887 nec
3695 833 3878 887 oculus

2295 921 2439 982 vidit,
2475 937 2566 973 nec
2591 921 2737 973 auris
2764 920 2981 983 audirit,
3013 919 3106 997 sed
3140 917 3312 983 solum
3338 921 3393 972 in
3420 937 3510 974 cor
3537 921 3761 975 hominis
3790 939 3879 974 as-

2293 1015 2486 1077 cendit,
2538 1029 2696 1082 quem
2753 1012 3001 1066 alit-ctum
3046 1021 3351 1081 praeparent
3395 1011 3671 1082 diligentia
3709 1012 3877 1066 corda

2293 1105 2637 1174 diligentibus
2678 1104 2769 1158 se?
2801 1103 2849 1174 (1
2879 1105 3000 1157 Cor.
3035 1119 3097 1168 ιι,
3124 1103 3201 1174 9.)
3235 1102 3414 1157 Testis
3445 1104 3589 1157 enim
3623 1104 3754 1158 mihi
3792 1111 3878 1158 est

2294 1207 2521 1265 experta
2563 1195 2897 1251 conscientia
2942 1203 3051 1259 tua,
3085 1194 3209 1263 quia
3245 1194 3313 1225 ὀτ
3347 1209 3444 1248 nec
3490 1195 3606 1249 visu
3653 1195 3742 1260 m,
3773 1210 3876 1251 nec

2292 1289 2476 1344 auditu
2505 1305 2667 1359 sapor
2691 1288 2852 1357 hujus
2883 1287 3105 1342 affectus
3151 1302 3181 1341 a
3229 1302 3502 1358 quoquam
3542 1289 3870 1358 percipitur;

2291 1380 2391 1434 nisi
2429 1387 2691 1448 quantum
2727 1387 2906 1432 mente
2938 1378 3006 1438 ab
3031 1391 3353 1445 unocunque
3380 1377 3704 1447 concipitur.
3735 1376 3871 1432 Cum

2292 1469 2451 1538 igitur
2499 1469 2640 1523 scias
2693 1470 2818 1536 quia
2873 1481 3034 1537 sapor
3089 1467 3392 1521 dilectionis
3430 1467 3499 1498 ⁹⁰⁹
3545 1468 3738 1534 oculis,
3770 1483 3873 1524 nec

2289 1560 2511 1614 auribus
2527 1559 2864 1630 agnoscitur;
2889 1559 2981 1612 sed
3010 1559 3128 1613 solo
3153 1551 3334 1613 cordis
3361 1574 3456 1614 ore
3479 1558 3872 1616 delectabiliter

2290 1657 2536 1728 gustatur
2566 1666 2578 1701 :
2608 1648 2807 1716 quibus
2845 1631 3024 1702 verbis
3060 1657 3154 1700 aut
3180 1647 3381 1716 quibus
3416 1647 3613 1700 litteris
3640 1663 3791 1703 meus
3815 1657 3872 1704 et

2290 1747 2413 1791 tuus
2442 1753 2596 1792 amor
2623 1737 2998 1792 deseribetur?
3037 1737 3102 1792 Et
3129 1745 3309 1791 tamen
3344 1747 3398 1791 tu
3433 1738 3604 1793 instas
3638 1739 3707 1770 ¹¹⁶
3734 1735 3868 1794 mihi

2289 1830 2613 1900 importune,
2652 1837 2712 1883 ut
2753 1829 2949 1883 faciam
2979 1829 3122 1898 quod
3168 1828 3283 1884 ﬁeri
3319 1844 3424 1883 non
3449 1839 3671 1899 .potest.
3699 1815 3867 1884 ’διισί-

2286 1922 2430 1976 ciant
2458 1922 2612 1976 nobis
2637 1920 3424 1989 conscientia:nostrte,quibus
3451 1920 3605 1976 nobis
3635 1920 3864 1975 invicem

2285 2014 2485 2067 conscii
2530 2028 2717 2067 smnus
2744 2020 3004 2080 quantum
3037 2027 3134 2066 nos
3170 2012 3472 2090 diligamus.
3507 2011 3867 2090 Omnipotens

2285 2106 2425 2162 Deus
2454 2110 2532 2161 sic
2589 2115 2639 2160 te
2689 2105 2894 2176 diligat,
2923 2114 2978 2160 et
3029 2098 3300 2176 diligendo
3332 2115 3600 2176 protegat.
3629 2114 3690 2160 ut
3725 2106 3863 2162 nihil

2283 2196 2385 2249 fiat
2406 2213 2434 2250 a
2461 2207 2532 2263 te,
2561 2207 2652 2250 aut
2684 2199 2735 2251 in
2771 2206 2845 2261 te,
2867 2198 3040 2251 autde
3069 2206 3142 2262 te,
3169 2197 3272 2268 nisi
3289 2198 3434 2267 quod
3455 2195 3527 2251 illi
3564 2197 3866 2268 placeat,“

2280 2286 2373 2340 tibi
2405 2287 2675 2355 expediat.

2695 2398 2857 2469 330
2885 2397 3217 2453 EPISTOLA
3275 2396 3340 2454 ιι
3379 2399 3465 2452 ιιι.

2856 2504 2921 2541 Αἰ)
2947 2504 3248 2543 ιιιΑυιιιτιυιι

2277 2580 2353 2634 De
2373 2583 2595 2649 acceptis
2615 2580 2850 2633 Mauritii
2877 2580 3081 2643 litteris,
3103 2581 3408 2649 etproximo
3429 2581 3571 2635 illius
3595 2581 3647 2635 in
3663 2579 3862 2636 North-

2344 2656 2610 2703 manm‘am
2648 2651 2838 2721 reditu.
2885 2649 3056 2703 Poscit
3097 2660 3357 2703 utucum
3384 2651 3587 2720 deferat
3620 2654 3862 2721 ephoris-

2349 2736 2457 2772 mos
2485 2737 2601 2773 cum
2627 2720 2833 2789 glossis.

2345 2833 2548 2894 Domno
2592 2830 2787 2893 amico,
2820 2829 2996 2894 fratri,
3035 2828 3143 2883 lilio
3187 2827 3509 2885 charissimo
3553 2830 3855 2898 MAOII‘I’IO,

2276 2919 2444 2975 frater
2467 2920 2767 2983 Assemus,
2798 2920 2874 2973 sic
2899 2919 3161 2986 prolicere
3191 2917 3256 2971 de
3279 2917 3476 2971 virtute
3501 2919 3554 2972 in
3579 2919 3854 2985 virtutem,

2276 3018 2332 3061 ut
2361 3010 2631 3063 adha-reat
2660 3010 2839 3061 virtuti
2869 3010 3148 3062 virtutum.
3781 3067 3787 3073 ,

2344 3097 2605 3152 Pcrlectis
2627 3098 2936 3152 dilectionis
2968 3109 3073 3152 tua:
3097 3115 3271 3168 nuper
3293 3099 3536 3156 dilectori
3563 3110 3654 3167 tuo
3673 3100 3855 3157 missis

2271 3189 2484 3252 litteris,
2515 3199 2568 3244 et
2613 3188 2837 3243 affectus
2870 3191 2942 3243 tui
2974 3192 3322 3259 expressione
3347 3208 3463 3247 sum
3500 3192 3848 3260 jucundatus.

2269 3287 2323 3332 et
2346 3279 2550 3332 reditus
2571 3280 2643 3332 lui
2670 3281 3025 3348 promissione
3045 3297 3164 3335 sum
3182 3281 3505 3338 laztificatus.
3529 3283 3683 3338 Sicut
3702 3284 3850 3340 enim

2269 3383 2388 3421 cum
2421 3369 2663 3439 diligenti
2695 3370 2823 3422 mihi
2853 3371 3054 3439 pariter
3081 3372 3348 3440 diligendo
3376 3374 3690 3441 respondes,
3711 3389 3847 3428 con-

2266 3459 2501 3527 gaudeo;
2533 3461 2611 3514 sic
2651 3461 2832 3514 dilecti
2885 3461 3160 3516 dilectoris
3188 3463 3290 3516 mei
3319 3465 3602 3531 pnescntia
3634 3453 3852 3535 scmper

2264 3549 2368 3603 frui
2415 3551 2682 3605 desidero.
2735 3551 2808 3604 De
2851 3566 2958 3620 quo
3008 3553 3182 3607 reditu
3233 3561 3325 3608 tuo
3373 3568 3472 3608 nec
3515 3555 3848 3610 reverendus

2265 3642 2392 3695 mihi
2427 3642 2864 3710 archiepiscopus
2893 3643 3186 3712 quidquam
3219 3644 3514 3710 mandavit,
3542 3645 3681 3700 sicut
3710 3647 3843 3701 olim

2264 3738 2314 3782 te
2343 3730 2549 3797 opinari
2607 3729 2657 3782 iu
2703 3730 2926 3805 epistola
2974 3732 3204 3799 quadam
3245 3740 3331 3785 tua
3367 3734 3713 3798 monstrasti;
3743 3749 3846 3790 nec

2275 3820 2472 3874 donum
2519 3821 2716 3885 abbati,
2748 3821 2789 3874 si
2840 3822 3094 3886 redieris,
3121 3823 3456 3892 disltlicebit;
3484 3825 3624 3894 quod
3656 3827 3710 3880 iu
3741 3842 3807 3881 ea
3836 3863 3842 3869 -

2259 3910 2378 3962 dem
2417 3911 2684 3978 scriptura
2726 3894 2779 3965 te
2811 3913 3002 3965 timere
3043 3913 3391 3981 significasti;
3426 3925 3482 3969 et
3527 3917 3656 3969 mihi
3687 3917 3846 3974 valde

2259 3999 2510 4069 placebit,
2542 4003 2682 4069 quod
2723 4010 2778 4054 ut
2826 4012 2955 4072 puto
3001 4019 3275 4073 nunquam
3311 4007 3586 4060 dubitasti.
3619 4007 3840 4063 Glossas

2260 4090 2556 4157 aphorismi
2585 4091 2630 4144 si
2678 4106 2866 4145 omnes
2898 4101 3050 4160 potes
3078 4093 3314 4147 scribere
3340 4094 3582 4162 gaudeo;
3613 4095 3694 4150 sin
3742 4112 3838 4150 au-

2265 4190 2395 4243 tem,
2413 4196 2506 4234 eas
2533 4197 2651 4250 qua!
2671 4192 2795 4235 sunt
2815 4183 3125 4237 Graecorum
3144 4194 3236 4237 aut
3262 4184 3639 4239 inusitatorum
3665 4190 3838 4242 nomi-

2256 4288 2383 4325 num
2437 4289 2503 4325 ne
2527 4273 2747 4327 deseras
2775 4275 2842 4305 ἠ
2873 4275 3156 4329 admoneo.
3187 4275 3336 4343 Quod
3372 4287 3549 4334 tamen
3582 4282 3836 4348 temporis

2185 4407 2228 4459 ὓ
2256 4363 2307 4416 in
2347 4363 2521 4418 libello
2548 4367 2614 4419 de
2643 4365 2882 4434 pulsibus
2913 4366 3182 4420 insumere
3210 4366 3497 4432 deliberas,
3518 4367 3659 4422 male
3687 4378 3745 4423 ut
3765 4370 3836 4425 ad

2261 4456 2647 4524 perliciendum
2692 4456 2949 4525 quidquid
3003 4465 3087 4510 est
3119 4457 3169 4508 in
3201 4457 3826 4528 aphorismo-impendas.

2253 4545 2368 4598 Non
2405 4545 2548 4597 enim
2606 4543 2843 4612 ejusdem
2901 4543 3063 4598 libelli
3117 4545 3341 4598 scicntia
3393 4544 3542 4599 utilis
3588 4554 3690 4612 est,
3728 4546 3831 4601 nisi

2253 4637 2688 4704 frequentissimo
2734 4645 2788 4689 et
2835 4635 3246 4703 diligentissimo
3278 4651 3374 4688 usu
3414 4652 3473 4690 se
3521 4636 3613 4695 illa
3665 4652 3831 4692 occu-

2253 4725 2522 4795 pantibus.
2552 4726 2606 4777 Si
2639 4724 2764 4793 quid
2797 4736 2971 4777 tamen
2999 4733 3119 4793 post
3143 4712 3532 4792 aphorismum,
3559 4735 3614 4779 et
3639 4726 3704 4780 de
3726 4725 3830 4780 hoc

2253 4826 2426 4884 potes.
2474 4816 2702 4868 libenter
2750 4815 2978 4884 accipio.
3029 4813 3103 4869 De
3149 4824 3374 4882 utroque
3415 4814 3518 4869 hoc
3564 4815 3830 4886 praecipue

2256 4920 2448 4957 immeo
2471 4914 2525 4956 ut
2551 4903 2809 4972 quidquid
2835 4903 3028 4957 feceris
3058 4903 3449 4957 studiosissime
3473 4905 3830 4972 exquisitiouo

2255 5005 2582 5057 correctum,
2614 4995 2830 5063 dignum
2881 4994 2950 5046 sit
2997 4994 3100 5047 diei
3157 4993 3469 5061 perfectum,
3507 4993 3643 5046 Maio
3670 4994 3827 5072 enim

2257 5088 2308 5140 iu
2367 5087 2544 5155 ignota
2605 5086 2965 5153 iuusitataque
3015 5087 3278 5152 scriptura
3319 5093 3526 5152 partem
3566 5084 3824 5153 integrant

2256 5179 2504 5242 veritate,
2534 5192 2694 5244 quam
2722 5185 2889 5229 totum
2923 5187 3233 5243 corruptum
3265 5173 3516 5227 falsitate.
3547 5173 3686 5227 Ante
3709 5188 3826 5225 out-

2253 5273 2339 5325 nia
2391 5273 2591 5340 gratias
2649 5271 2766 5333 tibi,
2805 5277 3032 5338 quantas
3086 5283 3323 5334 possum,
3357 5283 3488 5338 ago;
3539 5267 3662 5335 quia
3709 5264 3824 5317 ubi-

1854 5407 2086 5462 VARIE
2127 5406 2534 5462 LECTIONES.‘

654 5498 725 5528 ¹⁰⁶
761 5499 889 5551 Cum
915 5504 1216 5564 prmmtalis
1243 5502 1443 5554 duobus
1480 5518 1601 5552 mss.
1638 5504 1826 5553 collata
1901 5502 1969 5531 ⁸⁸⁷
2003 5501 2378 5560 Conscientia;
2414 5499 2537 5566 quia
2581 5515 2674 5549 ms.
2708 5500 2755 5550 i.
2783 5495 3125 5566 Conscientia
3154 5494 3411 5566 tua,quia

3484 5490 3553 5522 ’θ’
3581 5489 3692 5546 Nec
3720 5503 3816 5544 usu

570 5569 770 5642 tussiet
799 5560 936 5642 lt'dit.
970 5569 1184 5622 Picardi
1225 5588 1323 5642 nec
1354 5571 1467 5624 visu
1545 5573 1612 5642 εἶθ
1646 5573 1779 5636 Quia
1830 5571 2133 5642 dilectionis
2181 5585 2306 5621 mss.
2348 5560 2470 5636 quia
2524 5581 2688 5642 sapor
2734 5565 3036 5620 dilectionis
3111 5566 3180 5594 “°
3221 5560 3448 5642 injustas
3494 5575 3618 5616 mu.
3649 5560 3818 5642 insta!

574 5633 639 5666 ’”
671 5637 798 5692 Cum
823 5640 1004 5694 iisdem
1035 5655 1156 5692 mss.
1187 5639 1376 5694 collata
1452 5642 1521 5673 ¹¹²
1558 5633 1856 5696 Siuautctn
1895 5655 2056 5697 cas...
2091 5640 2309 5694 deseras
2344 5633 2465 5692 mss.
2511 5633 2601 5691 sia
2657 5645 2832 5691 autem
2862 5653 2873 5687 :
2904 5649 3015 5690 eas.
3051 5683 3059 5686 ..
3089 5649 3155 5688 ne
3210 5633 3428 5692 deseras

3801 6041 3808 6050 '
3849 6037 4028 6070 ν’.-

3801 6045 3890 6070 .,,

3653 6045 4070 6113 ’ποθὶ-³.
