4214 6232
399 271 526 328 1121

1611 262 1738 320 LIB.
1776 262 1815 329 ι,
1845 259 2058 317 El’lST.
2097 261 2203 316 ων

3482 258 3615 312 “‘22

398 394 605 454 cunque
644 381 723 439 sic
753 379 912 443 vivis,
944 387 1003 434 ut
1036 393 1342 449 quanquam
1378 392 1483 430 non
1521 390 1639 444 ego,
1671 376 1763 429 sed
1795 375 1960 443 Spiri-
1986 382 2032 438 Λ
2062 374 2289 438 naclms,
2326 388 2423 444 per
2469 371 2749 441 praesentis
2776 372 2844 403 ἰδ
2871 371 2990 425 vita:
3033 369 3397 436 sanctitatem,
3430 369 3617 426 futura:

397 478 487 526 tas
529 480 750 526 sanctus
802 477 853 522 te
890 466 1026 521 bene
1054 468 1234 520 vivere
1279 465 1541 529 docuerit,
1570 474 1745 523 tamen
1790 465 1958 516 honor

400 558 528 616 mihi
549 558 712 611 etiam
742 557 813 608 sit
840 555 978 608 inter
1001 556 1209 624 ignotos
1235 562 1289 606 et
1314 553 1641 620 alienigenas
1673 550 1829 605 talem
1861 566 1958 603 nu-

401 646 559 702 trlsse
599 644 931 713 discipulum.
961 644 1134 697 Tanto
1162 644 1376 711 utrique
1402 642 1511 694 eris
1552 642 1656 694 Deo
1688 651 1742 694 et
1768 641 1959 692 amicis

399 732 495 808 Dei
536 733 771 803 e'tarior,
809 742 1009 801 quanto
1058 731 1224 785 fueris
1277 732 1327 783 in
1382 729 1677 798 periculosa
1729 741 1956 783 conver-

397 821 606 877 satione
640 820 887 874 inventus
916 819 1206 887 probatior.
1236 818 1383 883 Vale,
1414 830 1467 871 ct
1487 834 1617 873 cave
1643 833 1709 872 ne
1738 818 1959 886 promit-

397 908 559 963 tendo
600 909 852 970 reditum,
886 917 1065 961 etnon
1098 906 1392 972 redeundo,
1420 906 1650 959 amicum
1687 914 1833 957 tuum
1868 904 1959 956 de-

397 996 571 1052 ludas.
604 995 788 1049 Saluta
810 996 1064 1067 dilectum
1087 994 1311 1048 fratrem
1346 1005 1589 1047 nostrum
1628 992 1957 1047 domuumm

400 1087 737 1141 Herluinum.

891 1171 1219 1230 EPISTOLA
1266 1172 1350 1227 LII
1378 1171 1467 1227 ¹¹⁶.

990 1300 1057 1337 AD
1082 1298 1375 1337 FULCONUM.

404 1369 472 1425 Ut
511 1372 738 1425 oblatam
785 1372 1083 1441 dignitatem
1131 1373 1411 1439 suscipiat,
1447 1385 1602 1439 quant
1639 1374 1751 1424 sine
1783 1369 1959 1424 mobe-

569 1454 572 1457 ‘
615 1502 619 1507 ί
772 1440 969 1493 dientia
998 1457 1100 1492 non
1134 1450 1294 1508 potest
1328 1453 1584 1491 recusare.
1628 1463 1630 1466 ν

472 1530 679 1600 Domno
702 1540 757 1585 et
802 1530 947 1584 Patri
980 1531 1275 1583 reverenda
1299 1530 1392 1595 m,
1420 1530 1595 1583 amico
1638 1528 1957 1584 charissima

382 1619 658 1687 ,Fuccom,
688 1620 857 1674 frater
890 1622 1192 1685 Assscuus,
1234 1620 1312 1674 sic
1354 1622 1405 1673 in
1443 1620 1687 1691 prmsenli
1719 1621 1821 1671 vita
1862 1632 1959 1686 per

358 1744 363 1749 -
406 1709 639 1765 divinam
671 1711 896 1779 gratiam
919 1710 1149 1779 disponi,
1170 1710 1301 1764 utin
1325 1690 1501 1780 futura
1526 1709 1727 1764 sanctis
1751 1723 1956 1762 merea-
1988 1690 2030 1747 Β

409 1808 497 1856 tur
520 1801 738 1869 apponi.

422 1898 425 1907 '
473 1885 630 1958 Cogit
657 1900 743 1943 me
772 1888 942 1943 dulcis
970 1888 1097 1943 mihi
1138 1889 1396 1969 sanctitas
1431 1898 1607 1943 vestra
1637 1888 1748 1987 s‘uis
1788 1889 1956 1958 preci-

398 1974 504 2032 bus
529 1979 859 2046 promittere,
903 1988 956 2033 et
993 1980 1133 2048 quod
1179 1968 1392 2048 semper
1434 1968 1679 2039 servitus'
1704 1993 1819 2031 mea
1851 1992 1955 2032 non

306 2124 309 2135 ,
399 2055 761 2135 promittendo
809 2077 1053 2136 prompta
1103 2077 1204 2135 est,
1258 2077 1417 2136 prout
1461 2077 1666 2136 potest,
1721 2067 1952 2122 efficere.

403 2156 574 2214 Tanta
599 2173 827 2226 namque
848 2158 1053 2213 vilitate
1076 2154 1302 2228 deprimi
1324 2158 1434 2212 seio
1464 2158 1516 2211 in
1548 2163 1834 2225 conspectu
1860 2156 1954 2210 Dei

399 2260 548 2302 meas
574 2248 865 2312 orationes,
905 2255 961 2300 ut
1003 2238 1162 2301 alicui
1210 2262 1304 2300 eas
1350 2246 1587 2314 polliceri
1616 2260 1701 2299 me
1728 2247 1951 2314 pudeat;

401 2346 455 2391 et
482 2337 562 2391 sic
589 2330 685 2390 me
714 2346 947 2390 vestrum
992 2338 1200 2403 devovi,
1231 2346 1289 2391 ut
1320 2352 1415 2407 pro
1444 2338 1593 2389 vobis
1631 2336 1954 2406 possibilitas

400 2440 518 2481 mea
549 2427 786 2497 quotidie
830 2442 986 2482 orare
1031 2428 1635 2496 studeat.'Quapr0pter
1654 2436 1707 2480 et
1748 2426 1799 2479 in
1831 2427 1948 2488 hoc,

401 2518 469 2574 de
496 2534 600 2587 quo
624 2518 753 2593 mihi
798 2518 1130 2591 litterissuis
1151 2519 1363 2573 dilectio
1386 2527 1563 2575 vestra
1606 2533 1774 2587 nuper
1799 2532 1953 2571 man-

399 2607 547 2663 davit
576 2593 811 2678 negotio;
854 2617 909 2663 et
938 2609 990 2661 in
1019 2609 1267 2662 omnibus
1295 2624 1413 2676 quae
1435 2608 1502 2662 ad
1547 2607 1949 2676 vosrpertineut,

396 2696 666 2769 orationes
686 2705 905 2751 nostras
918 2696 1315 2766 qualescunque
1334 2697 1467 2762 sint,-
1480 2696 1630 2752 vobis
1642 2712 1746 2751 non
1767 2693 1953 2750 deesse
2011 2743 2017 2751 .

398 2785 602 2841 sciatis.
631 2785 865 2841 Consilio
898 2795 1076 2841 autem
1108 2796 1293 2842 nostro
1316 2787 1441 2854 licet
1467 2795 1645 2843 vestra
1672 2784 1950 2857 prudentia

395 2881 706 2944 non-egeat;
733 2883 909 2935 tamen
939 2874 1063 2942 quia
1096 2874 1325 2943 iubetis,
1356 2875 1591 2930 breviter
1626 2875 1752 2929 illud
1795 2873 1950 2929 sche-

322 3000 329 3006 .
396 2956 518 3029 dula
548 2973 783 3037 praesens
812 2962 1081 3015 exhibeat.
1112 2962 1323 3017 Scimus
1351 2962 1564 3029 quidem
1590 2961 1838 3030 quoniam
1869 2969 1947 3013 tu-

399 3044 892 3101 tiusmesthomiui
910 3047 1268 3102 infirmitatem
1293 3064 1443 3103 suam
1467 3063 1676 3116 semper
1697 3047 1947 3114 timendo,

396 3134 655 3201 quantum
713 3134 765 3187 in
810 3150 871 3187 se
913 3145 1015 3201 est,
1065 3146 1169 3189 tam
1223 3152 1472 3205 magnum
1520 3151 1656 3190 onus
1684 3136 1946 3206 refugere,

394 3237 554 3294 quam
586 3223 650 3276 de
682 3225 883 3277 viribus
909 3226 1221 3279 confidendo
1249 3226 1501 3281 humeros
1534 3225 1691 3279 facile
1725 3229 1950 3283 submit-

397 3321 529 3369 tere.
565 3312 668 3367 Sed
690 3315 941 3381 quoniam
972 3318 1229 3385 scriptum
1251 3324 1333 3370 est
1360 3333 1372 3369 :
1404 3316 1568 3369 Nemo
1593 3327 1821 3371 nostrum
1849 3319 1948 3372 sibi

392 3401 533 3481 civil,
556 3412 603 3454 et
627 3418 772 3455 nemo
800 3403 897 3457 sibi
922 3405 1171 3471 moritur;
1199 3406 1289 3458 sed
1313 3407 1416 3459 sive
1445 3408 1683 3469 vivimus,
1714 3408 1818 3460 sive
1838 3424 1945 3461 mo-

390 3491 579 3555 riatur,
603 3490 1035 3557 Dominisumus;
1063 3494 1140 3547 sic
1168 3510 1265 3547 nos
1291 3503 1499 3563 oportet
1531 3497 1670 3550 inter
1700 3498 1943 3552 timorem

391 3578 620 3648 propria:
660 3578 1005 3645 inﬁrmitatis,
1043 3591 1099 3635 et
1138 3582 1495 3642 obedientiam
1540 3583 1829 3639 Dominica:
1853 3602 1945 3640 vo-

390 3667 634 3736 luntatis,
658 3670 739 3722 via
762 3670 1098 3727 discretionis
1120 3673 1385 3737 incedere,
1413 3684 1469 3729 ut
1495 3687 1743 3741 neutrum
1765 3676 1945 3729 videa-

390 3773 513 3814 mur
567 3760 817 3830 abjieere.
863 3762 921 3829 lno
977 3764 1163 3831 primis
1206 3778 1332 3833 ergo
1365 3779 1459 3818 vos
1512 3766 1703 3819 divinas
1759 3766 1971 3834 pietati.

388 3862 526 3917 puro
547 3850 741 3903 mentis
768 3849 979 3915 affectu,
1000 3862 1057 3905 ut
1078 3853 1237 3906 vitam
1264 3863 1493 3907 vestram
1527 3855 1579 3907 in
1611 3856 1943 3925 beneplacito

388 3952 487 4023 suo
524 3939 791 4007 disponat,
817 3943 1183 3997 commendate
1216 3960 1231 3997 :
1263 3944 1451 3999 deinde
1490 3945 1724 4023 ‘simplici
1766 3957 1942 4001 mente

384 4019 443 4083 nt
491 4029 673 4083 humili
696 4040 910 4096 conatu,
941 4033 1347 4104 quibuseunque
1384 4012 1554 4090 modis
1577 4038 1818 4105 potestis,
1848 4056 1941 4095 ex—

386 4126 543 4185 mpto
586 4118 699 4172 solo
741 4129 986 4187 peccato,
1018 4137 1155 4177 onus
1198 4124 1379 4178 subire
1412 4135 1675 4180 recusate.
1708 4127 1859 4194 Quod
1891 4131 1939 4183 si

386 4205 491 4260 nisi
521 4221 618 4273 per
658 4219 935 4275 peccatum
967 4211 1233 4267 declinare
1267 4229 1370 4268 non
1413 4217 1658 4292 potestis,
1688 4217 1940 4273 obedien—

2058 464 2260 517 mereri
2285 462 2618 515 felicitatem.

2125 552 2256 608 Cum
2281 553 2535 621 scriptum
2559 552 2623 604 sit
2656 569 2670 602 ε
2697 549 2885 607 Omnia
2913 548 2999 617 fac
3022 564 3135 600 cum
3159 548 3394 611 consilio,
3426 558 3472 601 et
3504 558 3619 617 post

2054 645 2249 711 factum
2300 632 2401 695 nol
2446 638 2920 711 paenitebis(Eceli.
2956 652 3126 699 χχιιι,
3178 637 3303 705 25);
3343 647 3397 691 et
3445 638 3617 692 alibi:

2056 730 2312 796 Quoniam
2341 730 2489 796 quasi
2534 738 2795 796 peccatum
2837 724 3100 778 ariolandi
3138 732 3211 777 est
3238 740 3538 792 repugnare,
3570 736 3617 779 et

2053 821 2205 891 quasi
2218 818 2385 873 scelus
2402 816 2696 871 idololatria
2713 814 2849 868 nolle
2865 815 3184 883 acquiescere
3198 812 3247 882 (I
3266 812 3392 881 Reg.
3410 815 3615 882 xxv,3);

2054 914 2208 969 valde
2236 913 2389 969 nobis
2424 911 2723 965 cavendum
2752 917 2834 964 est
2871 923 2939 963 ne
2974 920 3234 972 nostram,
3276 917 3467 962 contra
3498 924 3616 963 om-
3672 955 3681 963 .

2056 1007 2204 1060 nium
2233 1044 2243 1055 .
2271 1003 2588 1066 consilium,
2641 1001 2865 1054 nimium
2912 1015 3205 1069 sequamur
3259 998 3619 1061 voluntatem,

2057 1094 2264 1146 etiamsi
2295 1101 2438 1146 recta
2467 1092 2622 1145 nobis
2661 1091 2924 1144 videatur.
2966 1089 3149 1158 Neque
3186 1090 3332 1143 enim
3362 1088 3619 1157 quidquid

2059 1182 2277 1252 singulis
2296 1192 2501 1235 rectum
2534 1181 2767 1244 videtur,
2794 1190 2995 1234 rectum
3019 1191 3132 1244 est;
3162 1182 3418 1249 quoniam
3449 1181 3621 1247 scrip.

2058 1280 2166 1325 tum
2196 1279 2278 1324 est
2306 1288 2319 1323 :
2352 1268 2446 1323 Via
2490 1268 2638 1341 stulti
2666 1280 2803 1322 recta
2842 1270 2897 1321 in
2938 1268 3101 1321 oculis
3146 1270 3259 1337 ejus
3301 1266 3483 1337 (Prov.
3512 1284 3611 1331 xu,

2058 1362 2182 1429 £5);
2236 1370 2330 1415 et:
2359 1360 2493 1413 Sunt
2540 1359 2635 1412 via:
2656 1374 2774 1428 qua:
2815 1357 3057 1410 videntur
3104 1356 3393 1409 hominibus
3438 1366 3619 1418 rectm,

2056 1464 2276 1519 quarunt
2327 1447 2449 1515 ﬁnis
2498 1463 2657 1516 usque
2687 1448 2754 1499 ad
2792 1445 3107 1514 profundum
3136 1442 3327 1511 inferni
3356 1442 3617 1494 descendit

2058 1535 2237 1606 (Prov.
2289 1535 2542 1605 xtv,12).
2600 1534 2933 1603 Quapropter
2980 1547 3068 1598 ne,
3125 1538 3275 1586 more
3315 1530 3620 1597 stultorum,

2057 1639 2291 1681 errorem
2356 1625 2730 1679 rectitudiuem
2787 1623 3122 1691 iudicantes.
3175 1630 3453 1674 teneamus
3510 1620 3623 1673 vias

2056 1728 2279 1783 quarum
2307 1712 2428 1767 fluis
2453 1726 2623 1781 usque
2649 1713 2714 1765 ad
2749 1707 3069 1779 prolundum
3098 1707 3290 1761 inferni
3318 1707 3616 1769 descendit,

2057 1816 2391 1872 nequaquam
2433 1800 2820 1870 unusquisque,
2850 1814 2946 1853 suo
2993 1797 3372 1851 incxaminato-
3393 1794 3619 1861 judicio,

2054 1892 2177 1945 vita:
2196 1907 2305 1945 sure
2327 1892 2485 1946 debet
2513 1891 2756 1944 ordinem
2787 1888 3125 1943 committere
3150 1903 3165 1951 ;
3186 1887 3282 1942 sed
3317 1886 3619 1955 diligenter,

2055 1984 2123 2034 ne
2170 1980 2545 2049 plurimorum,
2574 1988 2628 2033 et
2660 1962 2892 2031 maxime
2933 1977 3247 2046 sapientum
3282 1975 3504 2043 judicio,
3531 1984 3617 2027 aut
3670 1996 3671 1999 η

2054 2068 2390 2135 obedientiae,
2414 2076 2505 2119 aut
2539 2066 2949 2129 misericordiae,
2977 2073 3068 2119 aut
3094 2066 3325 2134 denique
3362 2064 3617 2118 charitati

2055 2165 2333 2227 repugnet,
2363 2157 2708 2226 perpendere.
2730 2154 2880 2210 Unde
2905 2154 3181 2223 magis-est
3203 2154 3499 2207 mirandum
3525 2168 3621 2207 cur

2054 2254 2230 2299 vestra
2287 2244 2544 2297 sanctitas
2595 2250 2885 2310 vestraque
2930 2242 3217 2310 prudentia
3273 2243 3384 2295 fere
3433 2250 3619 2295 centra

2051 2333 2290 2387 omnium
2317 2330 2624 2395 consilium,
2650 2338 2838 2384 contra
2875 2330 3237 2383 obedientiam
3284 2330 3385 2384 sibi
3433 2330 3617 2383 divina

2052 2421 2402 2490 dispositione
2423 2435 2517 2489 per
2544 2419 3005 2488 archiepiscopum
3029 2434 3205 2483 suum,
3232 2429 3285 2473 et
3308 2418 3610 2488 regularem

2051 2514 2363 2569 electionem
2396 2513 2713 2583 iniunctam,
2743 2521 2932 2565 contra
2954 2510 3381 2566 misericordiam
3410 2520 3464 2564 et
3488 2514 3620 2564 eba-

2051 2604 2289 2671 rjtatem,
2317 2615 2444 2656 oves
2463 2602 2562 2656 sibi
2603 2588 3207 2667 commissampastorali
3231 2613 3359 2652 cura
3390 2597 3619 2652 destitu-

2051 2704 2153 2757 tas,
2187 2692 2325 2761 lupis
2354 2691 2732 2746 infestantibus
2762 2688 3076 2743 laceramlas
3112 2687 3408 2741 deserendo
3452 2700 3619 2756 expo-

2049 2782 2127 2835 nit
2160 2800 2173 2834 :
2206 2781 2442 2849 quandiu
2470 2780 2551 2834 vel
2581 2794 2736 2832 uuam
2767 2778 3077 2835 considerat
3106 2792 3198 2831 sua
3245 2791 3375 2829 cura
3423 2779 3489 2829 ad
3523 2791 3615 2829 sa-

2048 2870 2209 2924 lutem
2279 2883 2437 2939 posse
2498 2868 2782 2938 proficere.
2842 2868 3165 2934 Acquiescat
3216 2865 3379 2934 igitur
3432 2874 3641 2919 vestra.

2048 2962 2307 3023 charitas,
2328 2959 2652 3028 acquiescat,
2676 2967 2732 3012 et
2753 2965 2828 3010 tot
2843 2956 2913 2987 ¹¹⁹
2933 2954 3269 3009 orationibus
3290 2954 3512 3008 astricta
3546 2954 3615 3007 ad

2053 3050 2432 3106 ntouasterium
2467 3063 2622 3103 suum
2664 3049 2869 3111 redeat,
2895 3060 3188 3113 curamque
3210 3045 3476 3114 abiectam
3510 3045 3609 3098 mi-

2048 3142 2387 3197 sericorditer
2417 3148 2673 3202 resumat,
2709 3146 2771 3191 ut
2793 3137 3061 3192 desolatos
3087 3135 3415 3191 consolando
3442 3145 3497 3191 et
3526 3137 3613 3189 ad-

2043 3231 2299 3301 iuvando,
2320 3228 2510 3282 divina:
2529 3226 2911 3281 consolationis
2934 3234 2988 3280 et
3016 3224 3201 3279 auxilii
3226 3240 3610 3293 recompensa-

2048 3310 2246 3374 iiouem
2274 3327 2562 3373 mereatur.
2592 3303 2726 3370 Nam
2769 3316 3062 3379 calumnia,
3088 3331 3207 3384 qua:
3235 3330 3331 3369 vos
3369 3317 3603 3368 maxime

2049 3419 2247 3465 terrere
2271 3408 2428 3471 solet,
2451 3410 2518 3460 ab
2539 3405 2731 3460 abbate
2760 3403 2819 3458 S.
2848 3403 3053 3457 Arnulll
3103 3404 3182 3457 sic
3202 3412 3288 3457 est
3326 3418 3422 3472 per
3451 3419 3606 3456 como

2011 3511 2255 3553 *numem
2282 3497 2397 3565 ejus
2419 3506 2474 3551 et
2496 3496 2721 3550 fratrum
2754 3493 3061 3548 monasterii
3084 3494 3247 3547 vestri
3282 3507 3617 3547 consensum.

2043 3589 2325 3652 exstincta,
2357 3594 2417 3640 ut
2436 3584 2547 3655 jam
2580 3584 2723 3637 nullo
2747 3584 2906 3637 modo
2935 3598 3029 3637 vos
3063 3583 3334 3652 impediat.

2506 3690 2837 3750 EPISTOLA
2898 3690 3008 3744 LIV
3043 3692 3134 3744 ³⁸⁸.

2632 3796 2699 3835 Αἰ)
2720 3796 3005 3835 DENBICUI.

2113 3874 2177 3930 Ut
2206 3858 2570 3930 malevolorum
2602 3873 2850 3949 invidiam
2881 3882 2929 3924 et
2968 3870 3258 3931 calumnias
3283 3873 3537 3943 patienter

2683 3951 2956 3994 sustineat.

2114 4032 2334 4090 Domino
2355 4031 2566 4087 etPatri
2584 4045 2682 4086 suo
2701 4030 3040 4095 cbarissimo,
3057 4030 3253 4083 donmo
3278 4029 3443 4098 priori
3468 4029 3602 4084 llsa-

2040 4139 2182 4186 nico,
2207 4121 2375 4176 frater
2408 4122 2708 4195 Ausscuus,
2738 4120 2861 4173 vita:
2886 4119 3164 4189 praesentis
3194 4120 3453 4188 integrann
3482 4135 3604 4189 pro-

2040 4211 2369 4281 speritatem,
2398 4219 2455 4264 et
2481 4207 2675 4263 futura:
2694 4216 2950 4261 atteruam
2979 4207 3322 4261 felicitatem.

309 4319 313 4323 -
390 4295 720 4386 ter-subite,
751 4304 805 4349 et
852 4297 1077 4354 sollicite
1123 4311 1349 4371 portate.
1402 4302 1751 4374 Omnipotens
1800 4307 1938 4362 Deus
1970 4334 2013 4386 Ι)
2039 4367 2053 4379 ,
2109 4306 2164 4360 Si
2206 4320 2300 4373 per
2320 4314 2556 4358 vestrum
2603 4301 2849 4355 nuntium
2892 4300 3194 4355 didicissem
3236 4315 3340 4368 qua
3372 4298 3600 4353 infamia

338 4466 347 4472 .
386 4381 515 4460 nihil
541 4397 571 4435 a
603 4383 772 4448 vobis,
802 4393 894 4437 aut
921 4387 985 4441 de
1009 4390 1159 4443 vobis
1193 4389 1305 4444 fieri
1331 4392 1628 4459 permittat,
1665 4393 1763 4447 nisi
1794 4397 1935 4462 quod

386 4470 459 4525 illi
487 4471 713 4539 placeat,
740 4482 793 4527 et
816 4475 967 4529 vobis
987 4478 1255 4546 expediat.

855 4584 1183 4643 EPISTULA
1223 4590 1328 4644 ιλιι
1368 4593 1458 4644 ’¹⁷.

938 4693 1007 4738 .AD
1037 4696 1376 4736 aususnon.

424 4762 487 4818 Ut
524 4778 729 4836 propter
752 4770 1065 4823 calumniam
1093 4789 1193 4825 non
1214 4774 1423 4841 objiciet
1451 4776 1615 4842 gregis
1640 4779 1896 4831 commissi

1059 4857 1255 4894 curant.

458 4924 659 4980 Domno
710 4937 761 4981 et
786 4928 931 4983 Patri
968 4933 1255 4985 venerabili
1291 4934 1469 4987 abbati
1500 4932 1810 5000 Goacrsno,
1833 4937 1933 4990 fra-

388 5023 471 5069 ter
500 5014 782 5072 ANSELIUS
818 5017 1122 5085 Beccensis,
1154 5021 1256 5073 vita
1297 5033 1565 5089 peccator,
1599 5025 1779 5080 habitu
1818 5042 1931 5079 mo-

2039 4396 2404 4450 dill‘ainaretur
2462 4392 2697 4447 charitas
2756 4399 2964 4457 vestra,
3018 4404 3137 4458 'quo
3200 4390 3423 4455 dolore,
3487 4405 3597 4458 qua

2034 4490 2190 4559 331
2249 4486 2465 4541 miseria
2498 4484 2827 4546 afﬁceretur;
2874 4493 2929 4538 et
2967 4484 3160 4538 exinde
3205 4496 3380 4537 meum
3421 4485 3602 4537 consi-

2038 4580 2163 4631 lium
2187 4586 2242 4631 et
2276 4575 2537 4630 auxilium
2570 4574 2945 4645 quarsiissetis,
2983 4573 3123 4627 sicut
3150 4572 3356 4635 dicitis;
3398 4581 3452 4625 et
3478 4573 3599 4626 nul-

2038 4668 2143 4721 lum
2194 4667 2541 4721 reddidissem
2585 4680 2895 4733 responsum
2954 4681 2971 4718 :
3024 4663 3193 4717 fateor
3236 4664 3359 4732 quia
3407 4664 3602 4719 merito

2038 4753 2469 4819 admiraremini,
2500 4762 2555 4807 et
2575 4752 2826 4806 diceretis
2854 4767 2939 4806 me
2966 4751 3156 4805 fecisse
3187 4752 3329 4820 quod
3368 4766 3473 4805 non
3503 4752 3599 4806 de.

2037 4846 2266 4899 buerim.
2336 4842 2440 4898 Sed
2499 4840 2685 4898 credat
2737 4842 2865 4896 mihi
2912 4843 3173 4897 sanctitas
3208 4851 3418 4905 vestra,
3471 4844 3597 4911 quia

2040 4950 2310 5003 nunquam
2346 4933 2649 5003 hujusmodi
2688 4932 2934 4986 nuntium
2980 4944 3215 4986 vestrum
3263 4930 3479 4986 memini
3514 4948 3599 4987 me

2036 5026 2269 5081 audisse.
2321 5024 2510 5081 Audivi
2560 5028 2737 5079 tamen
2782 5039 2814 5078 a
2865 5024 3211 5092 quibusdam,
3253 5039 3361 5077 non
3403 5025 3491 5092 qui
3539 5040 3596 5079 sc

1649 5200 1880 5256 VAllUE
1920 5202 2314 5259 LECTIONES.

456 5354 800 5427 '[f’Eratrem
827 5363 1065 5408 nostrum
1095 5357 1371 5411 Dominum
1404 5378 1498 5414 ms.
1530 5363 1578 5415 l.
1612 5360 1826 5416 fratrem
1864 5371 2006 5416 tuum
2037 5364 2313 5418 Dominum
2389 5365 2457 5396 ²¹⁶
2491 5363 2618 5417 Cum
2666 5361 2865 5413 duobus
2915 5359 3172 5427 pra'dictis
3220 5375 3339 5427 mss.
3392 5359 3586 5413 collata

388 5423 455 5453 ¹¹⁵
484 5424 550 5476 l-lt
582 5424 749 5499 Fratri
787 5425 1093 5499 llevetpndo
1124 5444 1247 5499 mss.
1274 5438 1325 5481 et
1352 5429 1492 5484 Patri
1530 5434 1817 5485 reveremlo
1891 5434 1958 5463 ²¹⁶
2007 5434 2371 5498 Quamtutius
2400 5450 2523 5485 mss.
2572 5433 2821 5499 quoniam
2848 5498 2853 5499 ν
2878 5423 3041 5499 totius
3116 5427 3181 5458 ¹¹⁷
3223 5426 3358 5499 Cum
3406 5428 3589 5479 iisdem

423 5508 523 5571 iss.
563 5493 786 5571 collala‘
827 5494 893 5571 ’j‘
940 5493 1223 5571 Praesentis
1267 5516 1363 5553 ms.
1416 5500 1467 5555 ι.
1518 5516 1614 5571 per
1679 5504 1955 5571 pnt'sentis
2017 5493 2093 5533 ii"
2126 5504 2391 5569 Charitas,
2451 5512 2502 5556 et
2542 5493 2617 5555 tot
2662 5519 2783 5554 mss.
2812 5498 3051 5553 clm-itas
3080 5496 3379 5565 acquiescat
3414 5505 3469 5550 et
3512 5503 3597 5551 tet

415 5560 457 5590 ³⁹
485 5558 611 5638 Cum
655 5563 890 5629 pra-latis
914 5579 1035 5615 mss.
1064 5565 1251 5617 collata
