4214 6196
551 360 692 417 “2'5

1091 360 1146 415 S.
1193 358 1487 415 ANSELMI
1522 358 1868 415 CANTUAR.
1906 356 2217 451 ARl’IlllEP.
2260 355 2409 412 OPP.
2436 355 2637 435 ‘l‘AltS
2679 355 2764 411 ιιι.
2790 387 2855 397 —
2888 326 3259 415 EPISTOLE.

3653 365 3675 421 1
3694 366 3783 421 128

550 473 769 531 nuntios
810 480 1017 528 vestros
1070 459 1403 537 niterentur,
1449 473 1574 542 quia
1630 487 1734 526 non
1780 472 1912 525 bene
1958 469 2123 523 cratis
2150 470 2197 529 Α
2228 476 2436 529 certat,
2473 466 2562 535 qui
2596 483 2702 521 non
2726 456 2901 539 usque
2937 469 2988 522 in
3016 469 3175 523 linem
3208 481 3299 526 aut
3336 488 3491 529 suum
3514 514 3528 539 ,
3574 484 3666 531 aut
3696 478 3788 533 im-

552 562 692 630 apud
724 562 992 614 dominum
1019 559 1503 629 archiepiscopum.
1537 559 1642 613 Sed
1669 574 1787 612 cum
1820 571 2116 627 qpazrerem

553 664 773 723 propter
820 651 980 719 quid,
1031 651 1421 705 circumeundo
1463 648 1828 719 signiﬁcantes
1876 648 2119 716 qumdam

554 740 984 813 inconvenientia
1022 741 1154 794 nihil
1190 750 1393 793 certum
1426 739 1815 806 cxprimebant.
1857 740 1989 792 Dum
2022 740 2121 806 igi-

551 843 640 884 tur
675 842 1046 902 exspectarem
1090 832 1373 886 certiorem
1414 843 1589 881 rerum
1634 829 1911 894 notitiam,
1944 829 2121 882 audivi

554 922 698 976 inter
724 938 820 975 vos
846 923 1106 989 integram
1131 918 1341 972 venis..e
1373 916 1889 971 reconciliationem.
1925 916 1998 970 Dc
2029 919 2120 969 de-

563 1012 766 1067 siderio
805 1021 1017 1073 autem,
1060 1010 1210 1078 cujus
1252 1023 1348 1061 vos
1383 1007 1516 1061 velle
1549 1006 1819 1061 licentiam
1857 996 2054 1060 habere
2093 1020 2123 1059 a

556 1100 757 1155 domno
788 1099 979 1155 abbate
1005 1108 1057 1152 et
1080 1114 1109 1151 a
1150 1113 1234 1151 me
1262 1096 1609 1165 significatis,
1637 1096 1713 1150 sic
1754 1095 1878 1149 olim
1913 1096 2119 1161 auditi,

552 1189 864 1258 nesciojam
894 1204 922 1241 a
962 1201 1100 1257 quo,
1138 1195 1195 1239 ut
1225 1184 1575 1253 iutelligerem
1610 1199 1784 1238 meum
1812 1184 1877 1238 ad
1898 1186 2001 1239 hoc
2026 1185 2120 1239 de-

558 1281 787 1335 siderari
836 1278 1124 1344 attiilium;
1175 1293 1279 1331 non
1331 1285 1507 1330 tamen
1558 1274 1731 1344 expeti
1786 1290 2119 1344 responsum.

553 1369 658 1425 Sed
696 1369 947 1440 quoniam
995 1368 1332 1423 certissimus
1374 1381 1522 1421 eram
1571 1367 1825 1419 domuum
1868 1365 2118 1421 abbatem

552 1462 604 1515 id
633 1476 903 1531 numquam
934 1476 1056 1516 esse
1095 1473 1509 1525 concessurum;
1544 1456 1733 1511 melius
1764 1471 1876 1511 rem
1912 1458 2123 1526 penitus

549 1550 766 1605 silentio
799 1551 1080 1619 tegendam
1099 1590 1114 1614 ,
1162 1565 1322 1619 quam
1352 1548 1552 1602 frustra
1578 1547 1746 1601 verbo
1768 1545 2120 1617 detegendam

549 1643 730 1712 putavi
762 1652 815 1696 et
844 1649 990 1712 puto.
1038 1641 1188 1708 Quod
1235 1648 1417 1694 autem
1456 1636 1695 1693 scribitis
1733 1638 1906 1705 quod,
1956 1638 2120 1692 mise-

550 1742 704 1788 rante
734 1734 869 1798 Deo,
896 1732 1092 1787 claruit
1119 1732 1352 1795 veritas,
1383 1730 1605 1786 confusa
1636 1736 1691 1783 et
1718 1727 2005 1784 obscurata
2038 1740 2122 1785 est

2222 558 2564 625 puguatiOnis
2620 560 3065 625 perseveraverit.
3112 559 3380 629 Scriptum
3434 574 3517 633 est
3567 581 3789 635 namque

2223 647 2347 717 quia
2403 648 2654 716 patientia
2703 666 2830 719 opus
2884 652 3163 720 perfectum
3223 652 3372 706 liabet
3416 655 3571 725 (Jac.
3618 673 3666 724 ι,
3698 659 3785 731 4);

2223 746 2275 789 et
2320 754 2333 789 :
2382 736 2448 790 In
2489 740 2738 805 patientia
2779 750 2945 793 vestra
2988 741 3308 809 possidebitis
3360 748 3563 800 animos
3607 761 3790 805 νέαι-αδ

2227 824 2385 893 (Luc.
2412 841 2534 879 χχιιι
2558 868 2572 890 ,
2606 827 2712 896 t9.)
2739 827 2793 881 Si
2820 844 2945 882 vero
2974 840 3152 886 mente
3179 832 3558 901 amplectimini
3587 841 3791 905 patien-

2226 917 2388 982 tiam,
2425 926 2481 971 et
2511 917 2910 973 tribulationem
2953 922 3227 977 declinare
3264 926 3541 995 satagitis,
3572 929 3788 995 scitote,

2162 1084 2165 1087 _
2226 1007 2334 1061 imo
2370 1009 2519 1061 scitis
2556 1010 2868 1078 patientiam
2909 1027 3012 1065 non
3041 1029 3161 1067 esse
3196 1017 3296 1069 nisi
3342 1018 3394 1070 in
3433 1018 3787 1076 tribulatione.

2223 1099 2460 1154 Gaudete
2488 1097 2651 1164 igitur
2675 1099 2727 1153 in
2751 1100 3175 1156 tribulationibus
3194 1143 3210 1169 ,
3248 1106 3464 1160 scientes
3483 1109 3604 1177 quia
3625 1110 3789 1165 tribu-

2223 1191 2349 1243 latio
2410 1190 2717 1258 patientiam
2763 1204 3034 1259 ooeratur,
3091 1197 3344 1261 patientia
3399 1199 3789 1266 probationem,

2221 1277 2457 1344 probatio
2495 1299 2667 1350 spem,
2705 1299 2818 1350 spes
2843 1292 3012 1335 autem
3052 1301 3152 1336 non
3183 1285 3452 1353 confundit
3490 1286 3639 1355 (Jac.
3666 1305 3709 1350 ι,
3736 1291 3787 1355 5;

2221 1369 2373 1423 Rom.
2406 1388 2440 1424 v
2460 1412 2475 1437 ,
2498 1372 2585 1441 4).
2611 1372 2800 1426 Dicitis
2820 1387 2915 1425 vos
2945 1371 3087 1426 nullo
3111 1376 3267 1429 modo
3300 1390 3454 1443 posse
3483 1391 3603 1431 esse
3617 1379 3794 1433 vobis-

2223 1474 2347 1514 cum
2392 1452 2509 1516 siue
2557 1464 2766 1531 integra
2806 1462 3201 1530 arclriprwsulis
3240 1464 3433 1534 gratia.
3474 1464 3569 1520 llic
3617 1478 3791 1523 autem

2225 1556 2522 1620 respondeo
2551 1561 2743 1607 vestra:
2762 1552 3088 1620 prudentum
3121 1568 3379 1622 nusquam
3402 1570 3497 1609 vos
3525 1556 3659 1610 bene
3677 1571 3795 1612 esse

2222 1655 2413 1710 posse;
2447 1643 2491 1697 si
2521 1658 2639 1697 eam
2662 1682 2677 1707 ,
2706 1642 2849 1709 quod
2872 1656 2936 1693 ex
2969 1641 3119 1694 vobis
3144 1651 3255 1707 est,
3312 1658 3414 1697 non
3469 1644 3792 1711 habueritis;

2225 1733 2267 1787 si
2296 1748 2425 1788 vero
2450 1749 2568 1788 eam
2597 1733 2795 1788 habere
2818 1750 2921 1789 non
2948 1734 3404 1801 contempseritis,
3443 1736 3535 1789 sed
3565 1749 3670 1789 non
3707 1751 3795 1804 po-

552 1824 759 1880 falsitas
778 1834 830 1878 et
853 1823 968 1892 ejus
993 1824 1336 1880 inventores:
1366 1825 1558 1880 scitote
1579 1838 1662 1877 me
1684 1823 1863 1878 verius
1888 1824 2122 1894 gaudere
2154 1804 2196 1864 Β
2227 1824 2433 1886 teritis,
2456 1834 2513 1877 ut
2537 1838 2755 1878 necesse
2777 1824 2846 1877 sit
2870 1838 2962 1877 vos
2986 1822 3109 1875 alibi
3141 1837 3260 1875 esse
3279 1863 3292 1886 ,
3326 1838 3483 1891 quam
3513 1840 3633 1878 cum
3665 1823 3794 1895 illo:

555 1917 621 1971 de
649 1916 921 1971 soliditate
952 1916 1226 1980 veritatis,
1270 1931 1431 1985 quam
1467 1914 1662 1979 credo,
1700 1929 1860 1983 quam
1888 1914 2121 1971 doluisse

549 2009 616 2062 de
648 2007 901 2076 ligmento
947 2006 1226 2071 falsitatis,
1274 2022 1435 2077 quam
1473 2019 1758 2082 nunquam
1792 2005 2012 2059 credidi.
2046 2005 2139 2060 De‘

556 2096 754 2152 invidis
776 2112 939 2162 vero,
970 2113 1106 2167 quos
1135 2099 1311 2153 adhuc
1336 2097 1671 2151 oblatrantes
1706 2096 2124 2165 insidiantesque

547 2188 829 2257 patimini,
861 2190 967 2243 hoc
995 2190 1116 2243 dico
1149 2191 1290 2258 quod
1316 2189 1495 2255 scitis;
1525 2192 1647 2257 quia
1679 2205 1891 2258 semper
1929 2190 2126 2243 invidet

547 2280 742 2335 vitium
771 2281 975 2334 virtuti.
1002 2279 1060 2334 Si
1096 2281 1255 2349 igitur
1284 2280 1497 2335 invidia:
1527 2281 1900 2350 persecutione
1936 2295 2123 2335 carere

552 2370 888 2444 vnltis;.aut
931 2368 1139 2435 locum,
1184 2370 1274 2423 ubi
1301 2369 1515 2425 lateatis
1565 2370 1814 2434 vitiosos,
1856 2368 2119 2434 invenite;

550 2469 643 2514 aut
683 2459 967 2514 virtutibus
1017 2459 1339 2514 renuntiate.
1389 2458 1495 2513 Sed
1534 2466 1785 2514 neutrum
1827 2459 2018 2512 horum
2047 2458 2125 2511 fa-

549 2548 732 2612 cietis;
771 2548 897 2616 quia
940 2546 1169 2601 alterum
1193 2556 1276 2602 est
1300 2547 1659 2618 impossibile,
1708 2545 1937 2601 alterum
1970 2560 2126 2601 exse-

550 2639 784 2692 crabile.
834 2639 971 2704 Quid
1017 2639 1181 2709 igitur
1227 2647 1422 2702 restat,
1480 2640 1583 2695 nisi
1626 2648 1683 2693 ut
1726 2639 1915 2693 armati
1960 2638 2126 2697 armis

546 2730 793 2799 iustitiae,
816 2747 847 2782 a
873 2731 1073 2783 dextris
1100 2740 1145 2783 et
1172 2747 1203 2782 a
1240 2730 1467 2783 sinistris
1495 2731 1804 2795 transeatis,
1838 2744 1961 2784 cum
1986 2729 2127 2796 Apo-

556 2817 728 2882 stolo,
765 2834 854 2887 per
887 2816 1109 2887 gloriam
1144 2828 1190 2872 et
1231 2817 1635 2888 ignobilitatem,
1665 2834 1754 2885 per
1780 2817 2054 2886 infamiam
2078 2826 2126 2870 et

551 2907 740 2961 bonam
764 2907 961 2976 [amant
990 2907 1081 2977 (ll
1112 2906 1235 2961 Cor.
1266 2922 1350 2971 γι,
1377 2906 1441 2976 8)
1477 2926 1489 2960 ε
1525 2916 1579 2961 et
1604 2908 1861 2977 quidquid
1892 2907 1989 2975 ipsi
2017 2922 2128 2961 mo-

551 2996 780 3061 liantur,
815 3012 1087 3066 nunquam
1131 2998 1196 3051 ad
1224 3013 1346 3063 eos,
1395 2999 1486 3054 sed
1532 3000 1596 3052 ad
1636 3014 1852 3069 gressus
1888 3009 2124 3066 vestros,

552 3090 679 3145 forti
706 3097 757 3144 et
788 3089 969 3158 quieta
1001 3098 1179 3143 mente
1210 3090 1525 3145 iutendatis.
1556 3089 1612 3145 Si
1636 3094 1779 3145 enim
1794 3092 1968 3145 ‘vestri
1991 3092 2127 3145 oculi

553 3197 751 3250 semper
791 3180 860 3232 ad
908 3178 1221 3246 Dominum,
1273 3182 1381 3248 ipse
1424 3180 1597 3234 evellet
1632 3182 1695 3234 de
1736 3181 1921 3251 laqueo
1975 3182 2127 3250 pedes

552 3283 743 3327 vestros
776 3270 945 3341 (Psal.
968 3287 1096 3325 χχιιι
1113 3311 1129 3336 ,
1153 3271 1240 3342 15)
1263 3290 1277 3338 ;
1307 3273 1404 3341 ipsi
1424 3288 1548 3327 vero
1571 3274 1806 3327 incident
1826 3274 1881 3327 in
1903 3272 2128 3342 foveam,

550 3378 707 3432 quam
756 3362 998 3417 fecerunt
1042 3360 1224 3432 (Psal.
1271 3378 1379 3428 VII,
1438 3363 1562 3432 i6);
1624 3373 1671 3416 et
1725 3364 1921 3433 captio,
1966 3378 2128 3431 quam

552 3454 983 3519 absconderunt,
1017 3456 1381 3522 apprehendet
1423 3470 1517 3508 eos
1565 3455 1747 3523 (Ριτιι.
1774 3472 1935 3511 xxnv
1958 3497 1972 3523 ,
2021 3460 2086 3529 8)
2114 3472 2128 3511 :

554 3558 710 3608 cum,
744 3544 883 3598 sicut
912 3542 1025 3611 jam
1065 3544 1263 3613 coapit,
1316 3542 1573 3597 eminebit
1621 3545 1784 3600 libera
1810 3548 2007 3603 veritas
2030 3590 2045 3615 ,
2078 3559 2134 3623 et

554 3635 619 3686 ad
645 3633 902 3703 gloriam;
934 3641 989 3687 et
1016 3633 1273 3687 obruetur
1296 3634 1518 3687 confusa
1547 3633 1753 3689 falsitas
1772 3676 1787 3701 ,
1818 3638 1868 3690 in
1904 3638 2133 3707 ignomi-

556 3725 722 3801 niam.
796 3722 851 3777 In
918 3739 1025 3793 quo
1094 3733 1270 3777 tamen
1340 3723 1566 3778 sollicite
1622 3740 1739 3790 vos,
1784 3726 1923 3781 sicut
1976 3728 2131 3781 decet

554 3814 849 3886 perfectum
873 3829 1085 3868 servum
1111 3813 1239 3879 Dei,
1270 3813 1559 3868 observare
1581 3827 1813 3883 oportet,
1854 3832 1919 3871 ne
1950 3818 2130 3871 inimi-

555 3924 740 3965 corum
796 3907 1111 3962 confusione
1166 3909 1491 3978 gaudentes,
1563 3922 1680 3961 eam
1764 3908 2126 3977 caprobretis,

554 4001 931 4071 exprobrando
945 4000 1269 4068 prmdicetis,
1286 4000 1624 4067 praedicando
1638 3998 1939 4068 divulgetis,
1961 3998 2131 4052 divul-

568 4094 745 4159 gaudo
769 4089 1038 4161 augeatis;
1064 4105 1131 4144 ne
1159 4091 1208 4144 iu
1236 4100 1522 4159 conspectu
1551 4088 1672 4153 Dei,
1714 4089 1912 4143 ultione
1952 4089 2129 4142 inimi-

556 4198 745 4238 corum
778 4182 1033 4236 delectari
1064 4181 1400 4251 judicemiui.
1431 4183 1505 4235 De
1532 4192 1706 4236 vestra
1740 4180 1903 4249 igitur
1933 4180 2130 4234 libera-

564 4274 738 4337 tione,
774 4276 825 4326 iu
854 4280 1062 4327 secreto
1092 4273 1315 4335 mentis,
1365 4274 1417 4326 in
1457 4284 1742 4339 conspectu
1776 4272 1901 4337 Dei,
1932 4273 2129 4341 gratias

558 4365 631 4419 illi
664 4364 866 4433 agendo
918 4366 1174 4433 gaudete;
1224 4362 1431 4415 illorum
1474 4377 1603 4415 vero
1647 4373 1956 4430 peccatum,
2016 4363 2129 4418 sive

2223 1928 2489 1981 nusquam
2540 1928 2632 1967 vos
2683 1913 2902 1979 melius,
2939 1913 3060 1981 quia
3109 1928 3368 1981 nusquam
3407 1915 3633 1979 rectius,
3677 1929 3797 1970 esse

2222 2018 2409 2073 posse,
2469 2019 2627 2072 quam
2660 2003 2936 2059 nobiscum
2988 2004 3055 2034 ²²¹
3117 2022 3128 2056 :
3186 2003 3329 2055 nulla
3387 2004 3531 2057 enim
3590 2006 3797 2062 ratione

2225 2093 2454 2146 donmns
2474 2092 2671 2158 abbas,
2708 2101 2761 2146 ct
2796 2092 2991 2145 fratres
3021 2094 3185 2148 vestri
3217 2092 3378 2147 aliter
3412 2094 3794 2148 concederent.

2224 2184 2356 2239 Nam
2386 2200 2489 2238 non
2521 2194 2625 2238 tam
2657 2185 2805 2254 parvi
2830 2184 3146 2248 aestimatur,
3178 2191 3272 2237 aut
3300 2193 3406 2236 tam
3431 2199 3616 2251 parum
3644 2200 3795 2237 ama-

2227 2285 2314 2330 tur
2333 2276 2636 2331 sanctitatis
2684 2284 2876 2329 vestrae
2917 2276 3236 2339 strenuitas,
3286 2284 3345 2327 ut
3377 2273 3469 2342 qui
3496 2288 3613 2327 eam
3646 2274 3797 2343 juste

2236 2375 2413 2435 potest
2435 2375 2645 2429 tenere,
2680 2374 2871 2432 sponte
2897 2372 2989 2417 aut
3014 2362 3170 2418 facile
3192 2364 3319 2418 velit
3339 2378 3400 2418 ea
3435 2380 3639 2420 carere.
3670 2364 3799 2421 0m-

2227 2458 2477 2526 nipotens
2502 2458 2641 2510 Deus
2672 2455 2750 2508 sic
2774 2455 2939 2509 vitam
2971 2462 3205 2509 vestram
3248 2463 3495 2523 protegat
3528 2464 3582 2509 et
3617 2456 3798 2525 dispo-

2226 2559 2349 2611 nat,
2382 2558 2435 2602 ut
2469 2548 2717 2604 omnibus
2756 2538 3247 2616 iutpugu'ationibns
3291 2554 3345 2601 et
3386 2546 3798 2601 adversitatibus

2226 2639 2591 2709 praevalentis,
2631 2638 2770 2693 unde
2794 2652 3047 2693 coronam
3067 2637 3449 2706 sempiternam
3466 2639 3798 2709 percipiatis.

2230 2729 2393 2785 Orate
2420 2744 2519 2799 pro
2548 2742 2655 2781 me.

2711 2818 3043 2873 EPISTOLA
3082 2818 3170 2872 LV
3211 2819 3300 2871 “’.

2796 2926 2862 2963 AD
2903 2923 3229 2963 ιιΑυιιιτιωι.

2284 3012 2593 3075 Gratulatur
2619 3020 2755 3089 quod
2784 3019 2966 3072 audiat
2994 3018 3275 3087 Amulium
3300 3016 3740 3072 Grammaticam.

2156 3131 2201 3192 ρ
2303 3114 2506 3167 Dilecto
2534 3128 2632 3166 suo
2662 3111 2813 3165 fratri
2845 3120 2899 3165 et
2929 3110 3037 3164 lllio
3071 3108 3347 3197 MAtJttt't'to
3402 3108 3567 3162 frater
3598 3108 3806 3163 Anser.-

2232 3220 2357 3259 IUS.

2208 3266 2215 3279 ’
2303 3292 2489 3347 Audivi
2534 3281 2675 3361 quod
2702 3285 2847 3359 legas
2872 3306 2901 3343 a
2930 3291 3147 3345 domino
3176 3288 3419 3344 Arnulfo.
3458 3288 3609 3357 Quod
3636 3290 3681 3345 si
3714 3305 3807 3347 vc-

2233 3401 2350 3438 rum
2395 3394 2510 3447 est,
2542 3384 2717 3453 placet
2747 3383 2880 3463 mibi
2920 3382 3009 3450 qui
3034 3399 3246 3454 semper
3283 3386 3583 3455 profectum
3614 3402 3805 3459 tuum,
3858 3428 3863 3433 α

2232 3476 2371 3530 sicut
2395 3476 2505 3544 ipse
2526 3483 2769 3544 ex'parte
2796 3486 3049 3546 espcrtus
3071 3491 3161 3541 es,
3202 3480 3499 3535 desideravi
3529 3495 3544 3534 :
3582 3497 3684 3538 nec
3710 3501 3801 3538 un~

2230 3582 2390 3636 quam
2434 3566 2617 3637 utique
2653 3566 2934 3635 plusquam
2972 3569 3149 3624 modo.
3190 3570 3381 3625 Audivi
3419 3587 3631 3642 quoque
3663 3578 3806 3644 quod

2231 3655 2348 3724 ipse
2381 3654 2608 3708 multum
2642 3654 2820 3709 Valeat
2862 3654 2913 3709 in
2946 3657 3361 3724 declinatione;
3385 3670 3439 3713 et
3468 3672 3519 3713 tu
3550 3663 3656 3717 scis
3682 3664 3805 3733 quia

2231 3743 2513 3797 molestum
2540 3743 2667 3796 mihi
2695 3759 2903 3812 semper
2931 3744 3091 3800 fuerit
3119 3748 3300 3815 pueris
3324 3748 3596 3804 declinare
3614 3792 3630 3817 ,
3662 3754 3806 3809 unde

2230 3832 2385 3887 valde
2431 3833 2607 3886 minus
2640 3847 2797 3901 quam
2829 3833 2920 3886 tibi
2958 3836 3255 3902 expediret.
3297 3836 3421 3893 Scio
3456 3848 3507 3893 te
3541 3843 3685 3908 apud
3722 3842 3806 3897 me

2230 3924 2284 3978 in
2312 3923 2611 3978 declinandi
2644 3925 2867 3978 scientia
2897 3926 3207 3993 profecisse.
3270 3928 3467 3984 llortor
3512 3932 3721 4000 itaque,
3754 3942 3803 3987 et

2230 4018 2449 4086 precorg,
2508 4024 2562 4068 et
2597 4024 2653 4069 ut
2696 4016 2804 4069 filio
2853 4017 3167 4073 charissimo
3214 4022 3493 4089 praecipio,
3539 4032 3806 4091 quatenus

2230 4104 2485 4175 quidquid
2509 4106 2574 4158 ab
2599 4119 2662 4158 eo
2705 4104 2931 4174 legeris,
2976 4114 3030 4159 et
3070 4107 3328 4176 quidquid
3380 4108 3520 4163 aliud
3572 4112 3806 4178 poteris,

2230 4195 2639 4264 diligentissime
2685 4196 2955 4249 declinare
2986 4198 3221 4251 studeas.
3254 4197 3364 4253 Nec
3409 4200 3606 4268 pudeat
3643 4210 3696 4256 te
3726 4202 3805 4257 sic

2228 4290 2281 4342 in
2314 4288 2414 4342 hoc
2453 4289 2666 4342 studere
2706 4287 2869 4341 etiam
2903 4289 3095 4357 quibus
3140 4290 3208 4321 ²¹³
3255 4300 3302 4344 te
3346 4302 3504 4361 putas
3534 4308 3637 4347 non
3669 4296 3806 4351 imii-

2228 4395 2375 4449 gere,
2408 4384 2557 4450 quasi
2610 4400 2750 4438 nunc
2787 4384 2837 4437 id
2884 4381 3254 4436 recentissimo
3298 4383 3570 4451 incipias:
3615 4400 3723 4451 quo
3753 4392 3806 4439 et

557 4465 838 4519 eventum,
878 4470 974 4524 pro
1007 4454 1109 4508 illis
1140 4454 1375 4515 orando,
1420 4454 1534 4507 miti
1565 4464 1741 4507 mente
1769 4454 2122 4511 dissimulate.
2156 4464 2206 4523 Ι)
2230 4486 2291 4525 ea
2327 4488 2445 4541 qum
2488 4474 2627 4538 scis,
2668 4474 2782 4542 eius
2825 4474 3009 4526 auditu
3042 4472 3397 4538 conﬁrmata,
3445 4475 3689 4529 securius
3729 4487 3806 4530 ιε-

558 4546 709 4613 Quod
741 4560 916 4599 autem
950 4563 1041 4601 vos
1073 4564 1235 4618 super
1266 4546 1531 4614 frequenti
1563 4546 1917 4600 commotione
1950 4546 2118 4610 illius,

558 4652 716 4706 quem
741 4635 849 4689 fere
873 4652 1032 4704 super
1052 4652 1239 4689 omnes
1258 4634 1474 4702 diligitis
1503 4634 1765 4698 homines,
1792 4633 1947 4703 alliigi
1976 4650 2124 4688 mou-

559 4727 771 4788 stratis;
808 4727 1006 4778 nullum
1034 4726 1174 4777 aliud
1203 4726 1353 4777 video
1376 4722 1679 4788 consilium,
1710 4724 1807 4778 nisi
1831 4725 1954 4779 illud
1983 4730 2121 4793 quod

559 4824 641 4867 est
668 4814 923 4881 Optimum
955 4831 966 4865 :
993 4814 1102 4866 sola
1145 4813 1358 4865 virtutis
1388 4813 1685 4881 patientize,
1732 4830 1891 4882 quam
1918 4814 2121 4883 jamdiu

560 4904 783 4955 viriliter
837 4905 1113 4963 teuuistis,
1188 4906 1647 4958 consummatione
1704 4920 1836 4972 opus
1894 4906 2121 4960 habetis.

563 4994 714 5047 Nullo
744 4996 885 5047 cniut
934 4995 1089 5047 modo
1135 4994 1439 5058 ellicacitts,
1484 5004 1576 5046 aut
1624 5003 1881 5064 quantum
1932 4996 1996 5047 ad
2036 5011 2126 5049 vos

563 5084 840 5138 honestius
871 5084 1119 5139 utiliusvc
1156 5083 1367 5154 fugietis
1397 5084 1461 5137 ad
1495 5086 1687 5139 utentis
1730 5085 1991 5154 quietem,
2040 5095 2129 5139 aut

565 5177 710 5229 illum
744 5175 1022 5243 placabitis
1044 5218 1057 5242 ,
1097 5190 1188 5233 aut
1218 5182 1421 5234 hostem
1454 5180 1751 5242 occultum,
1790 5177 1879 5246 qui
1907 5193 1999 5230 vos
2026 5179 2128 5232 hac

566 5269 677 5336 ipsa
712 5267 1047 5321 tribulatione
1072 5271 1372 5341 impugnat,
1400 5270 1749 5340 superabitis,
1790 5280 1844 5322 ιιι
1876 5286 2126 5324 coronan

567 5359 802 5410 victoritc
845 5358 1167 5426 percipiatis.
1204 5362 1323 5415 Non
1353 5347 1487 5415 enim
1517 5362 1878 5426 coronabitur,
1918 5362 2017 5414 nisi
2044 5364 2131 5431 qui

566 5449 787 5518 frgi/bne
848 5452 1113 5504 certaverit
1164 5452 1252 5521 (ll
1304 5454 1433 5505 Tim.
1479 5470 1545 5517 ιι,
1593 5454 1694 5524 5);
1756 5471 1853 5508 nec
1894 5456 2131 5523 legitime

2232 4578 2395 4627 neas;
2434 4574 2485 4618 et
2515 4581 2579 4619 eo
2610 4567 2867 4629 docente,
2907 4565 2950 4617 si
2983 4565 3032 4616 in
3060 4563 3238 4632 aliquo
3265 4564 3469 4622 falleris
3491 4604 3505 4629 ,
3538 4566 3587 4619 id
3628 4567 3803 4620 corri-

2230 4670 2349 4725 gas;
2384 4656 2598 4723 etquod
2630 4656 2873 4724 ignoras,
2917 4655 3181 4709 addiscas.
3223 4654 3277 4709 Si
3324 4666 3501 4709 autem
3540 4657 3670 4709 nihil
3708 4658 3802 4711 tibi

2231 4746 2385 4816 legit,
2421 4755 2473 4798 et
2510 4754 2593 4797 tua
2630 4747 2730 4800 hoc
2768 4756 2848 4798 est
2884 4746 3201 4815 negligentia
3226 4786 3238 4810 ,
3276 4747 3520 4816 displicet
3556 4747 3716 4812 mihi;
3750 4757 3806 4801 et

2232 4837 2350 4889 volo
2384 4845 2649 4904 quatenus
2684 4847 2739 4888 ut
2792 4838 2881 4889 Iiat
2925 4848 3183 4903 quantum
3228 4848 3407 4905 potes,
3459 4846 3705 4908 satagas,
3747 4848 3805 4893 et

2198 4980 2201 4983 η
2234 4926 2497 4994 prmcipue
2524 4926 2588 4979 de
2626 4926 2845 4993 Virgilio
2873 4936 2926 4979 et
2956 4926 3074 4980 aliis
3111 4929 3451 4993 auctoribus,
3482 4944 3615 4996 quos
3650 4943 3678 4981 a
3716 4944 3803 4982 nte

2235 5030 2341 5067 non
2372 5016 2571 5083 legisti,
2611 5017 2848 5083 exceptis
2879 5018 2991 5081 bis,
3026 5016 3075 5068 in
3103 5018 3294 5083 quibus
3319 5018 3493 5085 aliqua
3528 5017 3803 5084 turpitudo

2236 5113 2413 5157 sonat.
2452 5103 2599 5169 Quod
2649 5105 2689 5157 si
2730 5105 2905 5173 aliqua
2937 5116 2987 5158 te
3026 5105 3273 5159 obstante
3312 5122 3415 5158 non
3461 5114 3609 5173 potes
3639 5105 3706 5158 ab
3736 5120 3801 5159 eo

2238 5194 2441 5263 lcgcre,
2474 5194 2556 5245 vel
2598 5194 2696 5246 hoc
2727 5194 2878 5246 stude
2901 5234 2913 5254 ,
2968 5204 3025 5246 ut
3052 5185 3358 5256 'librorunt,
3408 5210 3542 5263 quos
3593 5195 3798 5265 legisti,

2238 5300 2581 5351 quoscunque
2625 5293 2795 5351 potus.
2837 5295 2887 5337 et
2924 5286 3115 5351 quibus
3167 5285 3312 5337 horis
3362 5296 3540 5353 potes,
3584 5295 3722 5339 totos
3768 5300 3798 5337 ει

2240 5376 2499 5443 principio
2532 5389 2695 5441 usque
2722 5376 2785 5426 ad
2817 5374 2971 5427 linem
3004 5376 3439 5443 diligentissime,
3476 5377 3613 5429 sicut
3638 5392 3797 5445 supra

2242 5464 2452 5525 monui,
2496 5463 2746 5518 declines.
2789 5464 3021 5518 Ostende
3055 5465 3215 5519 etiam
3262 5468 3432 5520 eidem
3479 5465 3799 5543 charissima

1841 5571 2069 5627 VARUE
2109 5574 2503 5630 LECTIONES.

640 5656 701 5686 ”‘
733 5654 867 5733 Quia
899 5656 1302 5733 t'ec‘ti‘ttsesse...
1334 5659 1602 5733 vobiscum
1629 5679 1749 5715 tttss.
1783 5664 1903 5733 quia
1933 5682 2193 5733 nnsrptam
2224 5667 2419 5723 rectius
2448 5683 2630 5724 esse...
2657 5668 2931 5723 nobiscum
3006 5668 3074 5699 '"
3101 5669 3231 5723 Cum
3269 5684 3370 5721 ano
3405 5682 3468 5721 ex
3533 5664 3794 5733 pra'dictis

568 5741 687 5778 mss.
715 5727 902 5778 collata
978 5726 1045 5755 ’⁸³
1070 5727 1238 5781 Etiam
1274 5730 1467 5798 qnilms
1489 5746 1580 5781 nts.
1614 5733 1773 5783 ctian
1800 5726 1850 5786 in
1884 5726 2073 5801 quibus

3862 5968 3893 5997 ὑ
3902 5982 3929 6061 Ia

4116 1659 4119 1811 ἱ

4120 1822 4121 1913 ι
