4214 6206
308 312 449 371 “25

1528 301 1635 355 LIB
1684 302 1722 365 l,
1761 298 1975 355 EPIST.
2035 298 2171 353 LVI.

3414 308 3547 369 Ιιῖϐ

308 428 484 483 amico
514 429 696 479 nostro
726 420 867 474 banc
890 416 1169 488 epistolam
1194 457 1210 481 ,
1240 415 1292 469 in
1337 427 1443 483 qua
1472 422 1532 467 ut
1562 411 1796 467 breviter
1814 409 1886 442 '“
1912 414 1961 470 Λ
1990 408 2183 464 dieth
2217 409 2581 478 respondebo;
2636 410 2772 464 forte
2820 427 2926 466 non
2976 414 3119 482 quod
3162 415 3383 472 sttﬂiciat
3405 457 3419 482 ,
3454 421 3548 475 sed

308 527 365 572 et
427 511 648 571 multum
708 509 826 579 ejus
897 524 996 580 pro
1071 516 1121 561 te
1180 506 1438 572 deprecor
1498 502 1873 564 dilectionem,

307 613 434 674 peto
461 611 515 655 ιιι
546 600 638 654 tibi
670 598 916 654 ostendat
941 604 1198 664 quantum
1235 592 1300 645 de
1320 604 1444 644 vera
1469 588 1582 658 ejus
1607 586 1876 643 caulldere

309 704 529 761 possum
558 686 791 761 amicitia
817 703 832 738 :
867 693 921 737 et
948 682 1125 735 imlico
1153 679 1222 710 "'
1251 679 1375 748 quia
1402 677 1543 746 quod
1575 675 1666 730 tibi
1693 675 1873 739 faciet,

310 758 417 837 non
437 758 601 836 .alteri
634 760 795 849 quam
838 775 986 834 cordi
1030 790 1149 829 meo
1190 772 1366 827 faciet.
1400 770 1498 823 Diu
1528 768 1669 823 enim
1697 776 1875 822 estex

309 852 416 940 quo
441 885 540 942 ego
582 880 636 923 et
682 870 795 937 ipse
824 865 892 919 de
920 872 1101 918 nmtua
1132 861 1267 917 certi
1303 872 1490 914 sumus
1516 855 1750 913 amicitia
1778 873 1792 920 ;
1830 856 1874 909 si

310 964 455 1031 ipse,
493 958 639 1028 quod
676 970 777 1025 ego
819 967 1091 1023 nunquam
1130 949 1451 1011 obliviscar,
1502 942 1771 1000 reminisci
1796 943 1874 996 di-

308 1058 520 1121 gnatur.
571 1046 754 1101 Saluta
802 1044 946 1097 illum
996 1056 1158 1111 quam
1220 1036 1553 1093 reverentius
1603 1042 1754 1103 potes
1809 1047 1876 1085 ex

312 1146 497 1193 nostra
546 1146 731 1208 parte;
791 1143 846 1187 et
895 1134 1147 1188 domuum
1199 1128 1463 1198 priorem,
1519 1129 1573 1177 et
1622 1122 1893 1178 domuum,

310 1240 490 1280 meum
521 1222 878 1285 Gondulfum,
920 1220 1161 1289 aliosque
1195 1217 1421 1272 domuos
1466 1218 1524 1265 et
1561 1209 1754 1264 fratres
1783 1223 1876 1263 no-

310 1324 491 1380 stros,
527 1314 617 1384 qui
646 1323 819 1367 tecum
848 1318 994 1365 sunt.
1024 1308 1186 1373 Vale,
1217 1307 1291 1362 illi
1336 1307 1408 1361 mi
1449 1305 1796 1366 dulcissime,-
1820 1308 1878 1354 et

310 1424 383 1463 ne
431 1415 747 1462 contemnas
792 1402 1077 1459 consilium
1117 1408 1343 1470 paterno
1393 1407 1445 1453 te
1485 1394 1755 1468 diligentis
1796 1391 1877 1446 af-

312 1496 471 1551 fectu.
505 1493 652 1549 Vale.

789 1557 1120 1616 EPISTOLA
1156 1556 1266 1611 LVI
1306 1557 1399 1609 ¹²⁶.

856 1668 924 1717 AD
962 1662 1322 1705 GUILLELIUI.

1978 500 2116 568 quod
2158 500 2287 552 mibi
2334 500 2566 553 videtur.
2599 499 2790 554 Comes
2834 502 3048 568 quidem
3088 496 3295 573 vester,
3334 509 3423 577 qui
3453 524 3550 564 cx-

1978 584 2404 643 COmmunicatus
2438 590 2590 643 vobis
2619 589 3219 649 divinacelebrantibus
3250 600 3307 651 Se
3337 596 3547 663 miscet,

1978 680 2107 733 mibi
2160 679 2372 733 videtur
2416 678 2687 751 humiliter
2731 680 3130 745 admonendus;
3189 702 3256 739 ne
3304 696 3548 742 contem-

1978 769 2154 823 nendo
2201 769 2521 823 sententiam
2552 771 2775 839 eorumj,
2814 768 2865 821 in
2906 770 3099 838 quibus
3138 772 3274 827 Deus
3319 774 3550 833 allii-mat

1977 873 2037 913 se
2066 858 2236 912 audiri
2265 873 2384 912 cum
2430 858 2744 920 audiuntur,
2776 868 2831 912 et
2872 861 3082 927 sperni,
3114 876 3236 916 cum
3276 878 3545 933 spernun-

1978 958 2093 1015 tur;
2131 966 2189 1006 se
2220 949 2411 1021 ligare,
2441 950 2750 1019 cumligaut
2800 951 2869 982 ²¹⁸
2909 960 2964 1005 et
2992 952 3236 1021 solvere,
3282 971 3403 1010 cum
3444 958 3550 1013 sol-

1977 1049 2137 1103 vunt;
2171 1048 2427 1108 aggravet
2455 1054 2618 1110 super
2644 1057 2702 1096 se
2728 1043 2820 1097 Dei
2841 1043 3140 1111 judicium,
3170 1061 3200 1098 a
3226 1061 3333 1113 quo
3360 1046 3547 1118 fugere

1979 1141 2241 1196 nusquam
2284 1127 2444 1180 homo
2492 1138 2689 1196 potest.
2723 1130 2902 1196 Quare
2952 1130 3140 1185 melius
3182 1133 3252 1186 illi
3281 1145 3452 1201 esset,
3485 1142 3549 1191 ut

1976 1232 2072 1287 per
2096 1216 2366 1287 salubrem
2396 1217 2753 1274 humilitatem
2777 1221 3042 1275 abstineat
3068 1224 3137 1275 ab
3157 1222 3242 1277 his
3259 1262 3273 1287 ,
3303 1240 3331 1277 a
3356 1225 3549 1294 quibus

1977 1321 2097 1361 cum
2130 1306 2419 1374 apostolica
2447 1317 2694 1379 segregat
2737 1312 2997 1365 sententia
3022 1352 3037 1375 ,
3088 1327 3246 1381 quam
3294 1329 3392 1384 per
3414 1331 3551 1387 pra:-

1975 1395 2294 1464 sumptionis
2343 1405 2707 1466 contemptum
2771 1412 2832 1453 se
2884 1399 3092 1469 ingerat
3146 1400 3200 1454 in
3252 1401 3374 1468 illa,
3430 1419 3550 1473 qum

1976 1500 2248 1554 nunquam
2276 1485 2378 1540 nisi
2409 1501 2503 1569 per
2530 1487 2888 1573 humilitatem
2918 1491 3140 1558 quaesita
3174 1501 3440 1559 prosunt,
3489 1502 3545 1548 et

1975 1589 2188 1645 semper
2234 1574 2530 1639 inordinate
2581 1588 2901 1647 prmsumpta
2931 1580 3146 1635 obsunt.
3196 1581 3307 1637 Nec
3354 1582 3548 1638 debere

1975 1666 2117 1721 enim
2149 1665 2292 1720 nullo
2319 1680 2415 1720 suo
2454 1670 2765 1732 commodo»,
2813 1676 2865 1721 ct
2914 1670 3091 1737 gravis
3122 1671 3229 1724 imo
3270 1686 3367 1725 suo
3405 1670 3548 1726 malo

306 1742 1069 1825 Defomite.excommuiiicato,
1108 1740 1198 1825 qui
1236 1737 1420 1825 sacris!
1438 1752 1509 1825 se.
1535 1734 1884 1816 immiscendi:

1977 1768 2170 1825 cogere
2208 1769 2301 1809 vos
2331 1764 2419 1821 ut,
2449 1771 2573 1810 cum
2600 1771 2721 1810 eum
2753 1756 3024 1813 offendere
3058 1759 3256 1823 nolitis,
3296 1759 3460 1814 Deum
3490 1769 3546 1816 et

374 1815 452 1877 De
477 1812 623 1881 presb
662 1814 783 1865 teris
808 1805 1263 1874 incontineat’ibus,
1304 1816 1351 1860 et
1387 1807 1450 1860 de
1492 1805 1651 1873 lapsis
1694 1819 1873 1857 sacros

380 1883 586 1934 ordines
617 1830 941 1934 liabenttbus.

380 1880 586 1936 ordines
617 1880 941 1934 habentibus.

375 1952 578 2005 Domno
600 1960 652 2003 et
668 1949 810 2002 Patri
838 1945 1130 2001 reverendo
1152 1944 1329 2000 abbati
1353 1942 1686 2008 GotLLsLuo,
1707 1942 1873 1997 frater

303 2039 616 2101 Aussrnvs,
655 2037 707 2090 in
735 2036 836 2090 bac
861 2035 965 2089 vita
995 2033 1303 2088 diuturnam
1339 2031 1784 2104 prosperitatem,
1817 2030 1872 2085 in

304 2127 483 2180 futura
505 2135 761 2180 aeternam
784 2122 1119 2178 felicitatem.
1620 2110 1625 2119 ’

375 2216 456 2271 Ex
488 2231 594 2285 quo
639 2202 811 2268 vestra
862 2212 1105 2283 probitas
1130 2211 1280 2266 ‘mibi
1326 2225 1477 2266 suam
1524 2209 1739 2281 dignata
1790 2218 1874 2265 est

302 2306 545 2376 pnebere
589 2304 866 2367 notitiam,
929 2310 1133 2357 tantam
1178 2300 1293 2368 ejus
1347 2300 1569 2369 concepi
1619 2301 1867 2356 dilectio-

304 2410 428 2451 nem
455 2404 514 2448 ut
536 2408 749 2463 semper
772 2393 889 2463 ejus
932 2392 1063 2447 mibi
1107 2390 1278 2445 dulcis
1306 2390 1377 2445 sit
1406 2390 1686 2457 memoria.
1718 2389 1869 2457 Quod

303 2495 557 2558 expertus
583 2501 699 2540 sum
746 2501 849 2538 non
898 2484 1166 2539 immerito
1193 2482 1389 2546 fuisse,
1423 2483 1677 2551 quoniam
1709 2492 1764 2537 et
1790 2483 1871 2538 vi-

304 2586 412 2631 tam
462 2585 692 2637 vestram
740 2575 900 2645 332
956 2589 1140 2628 amore
1192 2582 1247 2627 et
1300 2577 1600 2630 reverentia
1652 2573 1867 2644 dignam

305 2664 495 2735 agnovi
546 2664 812 2724 existere;
863 2672 919 2715 et
964 2662 1339 2733 paternitatem
1384 2673 1619 2718 vestram
1658 2664 1727 2695 ³⁸⁷
1763 2678 1887 2718 non.

214 2814 229 2831 ι
305 2756 421 2810 sine
450 2752 640 2807 aﬂ‘ectu
671 2752 973 2808 dilectionis
1000 2768 1127 2821 erga
1160 2751 1477 2819 parvitatem
1516 2769 1688 2809 meam
1724 2767 1864 2808 esse.

307 2843 459 2912 Saepe
506 2857 739 2911 namque
784 2843 973 2897 fratres
1016 2857 1046 2894 a
1090 2845 1241 2900 vobis
1281 2844 1589 2906 venientes,
1633 2857 1718 2896 me
1761 2857 1866 2897 non

306 2931 479 2986 solum
525 2932 827 2986 sanctitatis
862 2941 1055 2987 vestrm
1112 2933 1370 2989 relatione
1422 2930 1862 2995 aediﬁcaverunt,

308 3020 399 3074 sed
435 3028 489 3073 et
514 3020 837 3088 dignationis
871 3028 1059 3074 vestra:
1085 3020 1409 3075 salutatione
1436 3020 1862 3073 honoraverunt.
1892 3057 1936 3116 Ο

308 3110 486 3175 Quare
524 3109 648 3163 licet
670 3110 929 3178 quidquid
959 3118 1043 3165 est
1074 3111 1126 3163 in
1174 3124 1259 3165 me
1306 3118 1414 3164 toto
1443 3108 1661 3163 minime
1698 3107 1867 3179 possit

311 3200 474 3254 tantis
502 3200 707 3253 meritis
737 3200 1087 3269 respondere;
1120 3215 1295 3263 meum
1339 3209 1511 3254 tamen
1543 3205 1653 3261 est,
1696 3212 1865 3266 quan-

310 3299 418 3342 tum
456 3290 655 3345 amoris
690 3298 743 3343 et
786 3281 1094 3343 reverentiae
1138 3304 1383 3366 possunt,
1433 3289 1708 3343 exhibere.
1758 3286 1863 3342 Sed

306 3378 420 3433 luet:
448 3380 556 3435 Deo
588 3380 639 3434 in
672 3381 824 3434 nobis
852 3382 1110 3435 servanda
1139 3389 1192 3435 et
1214 3381 1455 3450 augenda
1480 3379 1820 3435 committens
1844 3421 1860 3447 ,

306 3470 371 3521 ad
398 3483 460 3523 ea
493 3470 556 3523 de
587 3471 776 3538 quibus
820 3486 987 3529 meum
1017 3472 1328 3540 parvitatem
1358 3480 1539 3525 vestra
1582 3469 1863 3524 consulere

304 3558 519 3629 dignata
563 3569 645 3613 est
672 3560 979 3628 prudentia,
1009 3576 1112 3630 non
1171 3559 1564 3630 praesumendo,
1604 3559 1694 3614 sed
1732 3559 1860 3615 obe-

1973 1847 2115 1901 sedis
2162 1847 2468 1915 apostolicae
2513 1835 2886 1904 auctoritatem
2911 1850 3143 1919 graviter
3171 1851 3434 1906 irritetis:
3476 1855 3561 1908 ad'

1973 1948 2107 2003 quos
2134 1936 2422 2004 placandos
2450 1936 2519 1968 “’
2552 1937 2698 1991 illum
2731 1937 3029 2006 adjutorem
3058 1940 3257 1997 habere
3289 1956 3391 1996 non
3419 1957 3544 2011 pos-

1972 2025 2109 2079 sitis.
2158 2023 2390 2079 Facilius
2421 2040 2630 2095 quoque
2673 2037 2832 2096 atque
2876 2028 3153 2097 benignius
3184 2029 3541 2099 apostolicum

1973 2114 2086 2183 ejus
2121 2117 2353 2171 rationes
2396 2127 2804 2187 suscepturum,
2851 2119 2893 2174 si
2948 2134 3099 2174 suam
3134 2121 3280 2175 illum
3318 2133 3539 2177 senten-

1972 2207 2099 2261 tiam
2152 2208 2459 2277 cognoverit
2516 2208 2825 2262 reveritum.
2881 2208 3033 2275 Quod
3083 2210 3126 2266 si
3178 2206 3359 2267 comes
3397 2213 3542 2268 idem

1970 2296 2112 2350 hanc
2131 2284 2546 2351 admonitionem
2576 2297 2859 2364 respuerit,
2893 2298 3045 2353 scitis
3066 2301 3191 2369 quia
3222 2301 3291 2332 ²⁸⁹
3319 2301 3439 2370 plus
3460 2313 3543 2360 est

1971 2385 2113 2440 Deus
2142 2386 2408 2442 timendus
2446 2403 2606 2456 quam
2645 2390 2823 2443 homo.
2866 2387 3204 2467 Quapropter
3230 2401 3320 2446 aut
3349 2407 3542 2456 secun-

1970 2476 2093 2531 dum
2135 2478 2245 2545 jam
2294 2479 2555 2546 prolatam
2592 2479 2957 2548 apostolicam
3009 2483 3360 2549 sententiam,
3409 2499 3541 2557 erga

1970 2566 2116 2621 illum
2147 2569 2429 2637 agendum,
2457 2579 2549 2624 aut
2576 2571 2745 2639 ipsum
2769 2572 3142 2641 apostolicum,
3170 2574 3282 2628 sive
3304 2572 3535 2643 aliquem

1968 2658 2083 2727 ejus
2104 2659 2247 2714 vices
2273 2668 2572 2726 gerentem,
2598 2661 2663 2715 de
2684 2662 2784 2715 hoc
2817 2663 2929 2731 ipso
2951 2664 3124 2717 denuo
3149 2665 3533 2722 consulendum

1967 2749 2235 2803 existimo.
2266 2749 2340 2804 De
2370 2751 2698 2819 presbyteris
2720 2767 2871 2815 vero,
2895 2753 2984 2821 qui
3013 2768 3071 2808 se
3096 2762 3279 2823 aperte
3305 2757 3538 2826 reproba

1966 2837 2205 2893 libidinis
2236 2839 2303 2871 ¹³¹
2351 2841 2760 2896 conversatione
2806 2842 2915 2897 Deo
2964 2843 3326 2912 reprobabiles
3378 2847 3538 2901 exh?-

1965 2927 2125 2990 bcnt;
2164 2928 2383 2983 omnino
2415 2930 2703 2983 tenendum
2736 2939 2816 2985 est
2854 2932 2994 3000 quod
3026 2933 3317 3001 apostolica
3355 2938 3537 3005 provi-

1968 3018 2142 3071 dentia
2209 3018 2574 3072 ecclesiastico
2610 3020 2861 3088 justoque
2902 3021 3105 3090 judicio
3131 3020 3185 3076 et
3240 3024 3414 3092 rigore
3463 3026 3535 3058 ¹⁶¹

1968 3108 2264 3162 constituit.
2293 3108 2495 3177 Nempe
2532 3110 2833 3165 nullatenus
2873 3113 3124 3167 convenit
3168 3123 3228 3167 ut
3279 3115 3351 3170 ibi
3382 3132 3536 3171 reve-

1966 3207 2150 3253 renter
2201 3194 2406 3252 astetur
2436 3200 2526 3264 m,
2561 3200 2648 3253 ubi
2671 3202 3019 3270 pertinaciter
3062 3211 3247 3272 aperta
3273 3215 3326 3258 et
3358 3204 3533 3275 impu-

1966 3288 2111 3342 denti
2141 3288 2360 3342 libidine
2394 3288 2655 3354 fetcntes,
2706 3290 2797 3343 Dei
2835 3301 2889 3345 et
2928 3302 3238 3346 sanctorum
3290 3295 3533 3363 prohibi-

1974 3379 2173 3432 tionem
2228 3380 2646 3443 contenmendo,
2686 3380 2857 3433 sacris
2907 3380 3163 3435 altaribus
3190 3382 3530 3450 deserviunt;
3564 3390 3567 3391 ⁷

1968 3470 2074 3521 imo
2103 3483 2205 3520 non
2239 3468 2541 3522 deserviunt
2572 3468 2662 3522 sed
2692 3479 2948 3537 quantum
2966 3471 3030 3523 ad
3060 3471 3203 3540 ipsos
3224 3487 3531 3529 commacu-

1965 3556 2094 3609 lant.
2118 3555 2227 3625 (I7)
2252 3556 2363 3610 Non
2379 3548 2485 3624 quo
2496 3557 2615 3629 quis
2632 3572 2692 3611 ea
2712 3572 2829 3627 qua:
2850 3566 3099 3622 tractant,
3118 3546 3527 3627 contemnenda,

686 3717 693 3720 ~
926 3734 927 3737 η
1606 3669 1690 3726 VA
1702 3667 1835 3722 RUE
1876 3664 2268 3721 LECTIONES.

376 3760 445 3792 ω
467 3761 578 3825 Qua
600 3760 830 3814 breviter
864 3779 959 3814 ms.
989 3776 1091 3829 qua
1122 3769 1180 3814 ut
1211 3761 1443 3829 breviter
1512 3760 1581 3792 ¹²⁸
1620 3759 1688 3813 Ει
1714 3759 1895 3828 judico
1927 3765 2108 3829 ms.__et
2137 3755 2315 3829 i_ndi_co
2386 3754 2685 3829 :"_Col_lata
2710 3774 2826 3810 cum
2849 3758 3047 3812 duobus
3072 3764 3373 3829 prwnotatis
3397 3781 3524 3820 mss.

305 3831 359 3882 in
407 3822 508 3882 uno
546 3831 717 3881 codice
773 3822 1048 3895 compactis
1105 3839 1150 3882 et
1192 3845 1290 3881 ms.
1332 3827 1636 3895 Lovaniensi
1666 3841 1685 3878 :
1714 3822 1760 3880 ξι
1804 3843 1920 3879 cum
1953 3825 2102 3895 Edit.
2128 3822 2281 3895 Coifi.
2304 3832 2353 3895 et
2374 3823 2486 3895 Coi.
2522 3824 2675 3878 1575.
2707 3839 2754 3879 et
2779 3844 2893 3880 cuni
2941 3845 3036 3881 ms.
3071 3822 3127 3882 S.
3174 3830 3313 3883 Ebru

3317 3833 3366 3899 ﬁ?
3389 3847 3406 3883 .'
3438 3836 3524 3888 ubi

308 3908 559 3951 tractatus
604 3898 667 3950 de
700 3891 1013 3966 Presbyteris
1064 3897 1442 3950 concubinariis
1483 3892 1671 3966 legitur
1707 3896 1769 3947 ab
1828 3895 1907 3948 Itis
1971 3892 2271 3966 verbis.‘_l)e
2325 3891 2658 3966 Presbyteris
2699 3906 2800 3946 etc.
2853 3896 2922 3966 ad
2962 3897 3076 3966 illa,
3121 3891 3519 3956 Confessionetn

307 3965 581 4035 compellit
653 3966 719 4035 ν’
750 3960 1129 4035 Patérnitatcm
1180 3980 1351 4019 meam
1377 3981 1501 4035 nus.
1526 3960 1842 4035 parvitatem
1868 3976 2041 4035 meam
2084 3960 2225 4035 βγιὶι.
2270 3960 2583 4035 pravitatem
2616 3977 2786 4035 meam
2821 4031 2831 4035 Α
2860 3964 3091 4035 ἠρειιιι
3121 3968 3284 4035 figunt
3307 3986 3429 4023 mss.
3470 3982 3521 4025 et

309 4027 452 4106 ﬁdit;
480 4050 596 4106 eum
634 4034 853 4106 ligant;
875 4036 942 4065 "’
964 4034 1237 4106 Facundos
1254 4051 1385 4106 inss.
1418 4027 1704 4106 placandos
1775 4030 1992 4106 “°_Scis
2013 4030 2137 4097 quia
2157 4027 2363 4106 niuium
2396 4027 2539 4106 ﬁdit.
2576 4030 2867 4106 scitisqttia
2942 4032 3011 4106 "f
3054 4027 3252 4106 Aperte,
3296 4041 3519 4106 reproba

307 4102 541 4172 libidinis
570 4121 645 4156 ms
676 4096 751 4157 'S.
790 4102 913 4156 Ebr.
942 4114 1121 4172 aperta
1143 4100 1373 4157 libidinis
1419 4096 1509 4139 ’¹¹³¹
1542 4100 1797 4170 iustoque
1820 4102 1992 4170 rigore
2018 4115 2116 4151 ms.
2149 4096 2206 4151 S.
2248 4096 2373 4149 Ebr.
2393 4097 2642 4166 justoque
2658 4096 2859 4169 judicio
2888 4110 2942 4155 et
2972 4096 3144 4172 rigore
3214 4096 3520 4164 "’Astetur

1026 4315 1031 4321 _
1350 4236 1633 4296 JOANNIS
1665 4236 1935 4293 prmum
1961 4233 2193 4291 nom.

377 4330 488 4395 (l7)
536 4329 650 4381 Non
677 4345 778 4397 quo
807 4330 939 4397 quis,
972 4348 1031 4382 ea
1058 4346 1173 4398 qua!
1195 4338 1440 4393 tractant,
1466 4330 1851 4392 contemnenda,
1887 4332 1929 4389 ο
1960 4341 2147 4398 omnes
2170 4324 2437 4398 ltistorici,
2466 4326 2629 4398 etiam
2661 4325 2936 4398 Germani,
2966 4340 3023 4384 ut
3044 4331 3385 4387 doctissimus
3412 4334 3516 4391 Ge-

305 4188 403 4226 ms.
449 4170 511 4227 S.
554 4172 678 4227 libr.
712 4179 885 4226 asteut

308 4410 412 4452 etc.
444 4399 707 4451 lnterdicti
736 4400 987 4463 pontiticii
1020 4399 1299 4451 Anselmus
1331 4399 1661 4451 verissimam
1692 4399 1855 4449 edidit

309 4468 592 4546 rationem.
625 4470 706 4518 cui
726 4467 955 4546 similem
980 4467 1340 4546 aliqrtainnion
1361 4468 1720 4546 escogitantes
1749 4466 1856 4533 ple-

309 4537 478 4603 rique,
509 4537 833 4605 contendunt
874 4537 1111 4603 Gregorii
1150 4535 1233 4589 VII
1274 4535 1854 4605 prohibitionemstn-

309 4613 448 4658 ctant
472 4613 521 4655 et
551 4603 721 4670 piam;
748 4604 832 4656 alii
859 4620 981 4657 vero
1000 4605 1211 4671 impiam
1239 4603 1670 4657 etadversanteui
1690 4604 1856 4655 Evan-

309 4672 465 4740 gelio.
494 4670 813 4739 Sigibertus.
845 4670 1103 4741 Gregorio
1131 4673 1322 4739 alioqui
1357 4671 1766 4741 ἱιιΐοιιθίεεὶιιιιιε,
1799 4682 1854 4724 ιιι

309 4738 527 4807 apparet
554 4738 617 4791 ex
643 4741 910 4809 opusculis
940 4738 1192 4793 adversus
1220 4756 1339 4792 eum
1368 4742 1600 4808 scriptis,
1625 4738 1851 4792 aﬂirmat

309 4810 362 4863 id
406 4824 540 4861 novo
580 4810 840 4877 exemplo,
877 4819 950 4869 et,
983 4826 1000 4857 ι
1038 4817 1113 4877 ut,
1152 4810 1342 4877 inquit,
1371 4811 1548 4863 multis
1579 4809 1744 4862 visum
1774 4817 1854 4862 est

308 4877 701 4931 inconsiderato
738 4876 1069 4945 ’przcjudieio.
1100 4876 1377 4930 sancitum
1407 4888 1591 4931 contra
1634 4878 1849 4929 Patrum

308 4945 649 5004 sententiam.
701 4946 1050 4999 asserentiutn
1106 4955 1438 5000 sacramenta
1492 4946 1851 5000 ecclesiastica

306 5028 459 5089 teque
491 5029 584 5089 per
614 5015 777 5067 bonos
808 5030 875 5089 ac
901 5029 1093 5089 pravos
1124 5014 1395 5089 ministros
1424 5015 1654 5089 onerari.
1693 5034 1711 5064 ι
1744 5013 1849 5089 lle-

307 5080 436 5150 Ιίιίιρί
480 5082 765 5148 scriptores
795 5080 1068 5151 Sigiberto
1098 5085 1421 5151 posteriores
1448 5084 1561 5150 ejus
1588 5084 1723 5135 dicta
1770 5083 1850 5135 di-

307 5160 455 5213 cunt,
490 5160 543 5202 ct.
582 5152 695 5202 sine
733 5151 835 5203 ullo
864 5152 1068 5204 delectu
1108 5151 1276 5203 aliena
1318 5152 1705 5219 qualiacunque
1740 5153 1849 5204 suis

307 5220 636 5277 commiscet,
666 5220 866 5273 scilicet
907 5219 1182 5271 Mattlimus
1214 5219 1381 5273 Paris.
1427 5221 1657 5273 'l‘liomas
1702 5219 1847 5271 Wal-

308 5288 442 5356 sing.
481 5288 530 5340 in
562 5286 872 5356 llypadigm.
904 5288 1183 5351 Neuslrim,
1222 5288 1459 5341 Vincent.
1493 5288 1847 5351 Belvacensis,

307 5353 621 5424 Naticlcrus,
646 5353 899 5411 Joannes
941 5356 1286 5424 Frasqnctius
1324 5373 1421 5409 ms.
1460 5358 1509 5408 in
1548 5369 1723 5410 nostra
1767 5358 1849 5410 Bi-

306 5423 579 5489 bliotliec.,
632 5424 860 5478 Achilles
900 5423 1163 5479 Gassarus
1211 5427 1263 5478 in
1298 5425 1539 5493 Epitomc
1574 5427 1850 5478 Chronico-

307 5506 445 5562 rum,
475 5494 561 5544 ubi
601 5494 841 5562 exemplo
872 5494 1305 5547 Ilenritianortnn
1331 5495 1691 5562 episcoporum
1721 5494 1849 5546 Vor-

309 5561 492 5613 macize
521 5561 979 5631 congregatorutn,
1005 5577 1143 5615 anno
1168 5563 1321 5625 1077,
1351 5561 1663 5631 Grcgurimn
1694 5573 1847 5617 vacat

309 5631 774 5689 necromanticum.
829 5633 931 5687 Sed
978 5632 1127 5700 longe
1169 5632 1322 5684 aliter
1350 5633 1413 5685 de
1453 5648 1515 5686 eo
1562 5632 1847 5701 loquuntur

1957 4393 2477 4469 nebrardusjibzhiv
2508 4393 2927 4469 Chronicorum,
2956 4410 3010 4453 et
3037 4399 3277 4469 Papirius
3305 4401 3512 4458 Masso-

1954 4479 2053 4517 nus
2078 4463 2169 4539 lib.
2198 4477 2229 4513 v
2260 4462 2332 4515 De
2370 4462 2855 4539 Vitis__pon_tilicuni
2889 4462 3249 4523 Romanorum
3292 4473 3519 4539 diligen-

1958 4543 2036 4587 ter
2081 4534 2452 4605 observarunt.
2496 4532 2604 4585 Nec
2643 4534 2693 4585 id
2735 4550 2881 4605 nqu
2907 4539 3169 4605 exemplo.
3205 4548 3295 4591 aut
3322 4532 3512 4595 eontra

1954 4609 2256 4673 sanctorum
2280 4600 2494 4673 Patrum
2534 4611 2764 4673 mentem
2790 4620 2817 4656 a
2850 4600 3107 4673 Gregorio
3149 4606 3310 4661 fuisse
3351 4610 3509 4662 iusti-

1956 4669 2324 4741 tutum__liquct
2364 4683 2426 4741 ei;
2459 4671 2540 4723 Itis
2571 4669 2703 4738 quae
2746 4674 2923 4725 retulit
2961 4669 3200 4728 Gratiani.
3248 4676 3372 4730 dist.
3419 4678 3509 4741 52,

1953 4753 2070 4791 can.
2108 4737 2311 4808 ﬁnitus
2340 4738 2545 4808 missam
2566 4756 2583 4801 ;
2604 4737 2679 4792 iet
2703 4756 2825 4793 can.
2878 4741 3076 4795 Prmter
3107 4746 3202 4796 ltoc
3230 4756 3417 4808 autent,
3456 4737 3509 4801 in

1952 4822 2056 4879 quo
2087 4806 2353 4879 AUrbanus
2399 4806 2649 4879 Gregorii
2698 4824 2974 4879 successor
3021 4806 3411 4879 argumentum
3442 4830 3507 4869 ex

1951 4875 2204 4949 Patribus
2239 4876 2451 4949 ductum
2492 4876 2929 4949 dissolvit._Licel
2959 4875 3248 4949 Gregorius
3292 4900 3394 4935 non
3429 4884 3510 4936 in-

1934 4946 2229 5015 dertiserit
2265 4945 2599 5015 sacerdotum
2655 4945 3093 5015 conjugutorum'
3117 4950 3395 5003 sacrificiis
3450 4961 3508 5006 ut

1951 5012 2216 5084 inanibus,
2240 5014 2331 5065 sed
2356 5014 2452 5065 bac
2476 5016 2793 5084 verecundia
2820 5012 3043 5084 permoti
3075 5020 3139 5070 ad
3165 5034 3221 5070 se
3250 5021 3501 5073 redirent.

1951 5081 2169 5146 [lt-liqua
2199 5095 2315 5147 qua:
2337 5082 2567 5144 nonnulli
2593 5081 2887 5136 obtendunt
2911 5087 3242 5138 incommoda
3270 5098 3317 5138 et
3349 5102 3505 5140 scan-

1950 5149 2065 5203 dalu
2110 5150 2232 5223 hinc
2261 5159 2396 5223 orta,
2449 5167 2549 5202 non
2601 5152 2705 5223 legi
2765 5154 2857 5223 sed
2908 5156 3176 5207 lioniinum
3237 5158 3502 5223 iniquitati

1950 5219 2198 5270 vertenda
2234 5218 2455 5286 quilibet
2488 5218 2737 5275 cordatus
2776 5222 3044 5275 fatebitur.
3103 5224 3229 5275 Nam
3264 5218 3502 5279 ut'rt't'lc

1950 5288 2009 5338 Ι).
2056 5286 2358 5354 Ilicronym.
2392 5289 2545 5355 epist.
2600 5291 2663 5341 ad
2703 5292 3003 5349 Amandum
3038 5292 3218 5344 scribit
3257 5311 3267 5343 :
3326 5313 3339 5338 ‹
3384 5293 3487 5343 l‘n-

1948 5356 2096 5407 tridae
2129 5370 2316 5425 carnes
2341 5356 2481 5409 ferro
2522 5357 2753 5425 indigent
2786 5372 2839 5412 et
2870 5364 3124 5421 cauterio,
3160 5374 3253 5411 nec
3284 5370 3363 5412 cst
3389 5378 3499 5415 mc-

1947 5425 2131 5476 dicinm
2160 5424 2335 5490 culpa,
2366 5428 2456 5475 sed
2482 5424 2730 5487 vulneris,
2757 5442 2876 5480 cum
2906 5427 3150 5481 clementi
3183 5430 3500 5483 crudelitate

1947 5508 2047 5545 non
2091 5494 2253 5560 parcit
2297 5495 2549 5553 tundicus,
2598 5504 2657 5547 ut

1946 5570 2055 5613 tur.’
2102 5580 2116 5609 ι
2149 5562 2459 5627 Gregm'ium
2508 5564 2667 5629 igitur

1944 5629 2222 5700 app.-llavit
2249 5630 2535 5695 Gassurus,
2573 5634 2623 5684 in
2670 5633 2765 5686 hoc
2798 5633 2949 5686 valde
2975 5634 3293 5687 dissentiens
3324 5648 3353 5687 ιι
3388 5629 3493 5689 γυ.

2734 5506 2877 5547 arcat
2906 5514 2917 5558 ;
2952 5498 3118 5559 δεμ-ιι,
3159 5509 3214 5547 ιιι
3244 5498 3498 5548 miserea-

2742 5568 3159 5617 ccrtmmnticnnt
3192 5581 3309 5617 cntn
3337 5566 3499 5619 imnie
