4214 6208
399 159 536 217 “2a

1688 159 1816 215 LIB.
1858 160 1901 225 l,
1941 159 2155 235 ertsr.
2198 156 2373 212 Lvtu.

3510 146 3647 205 {150

392 281 535 339 quod
583 283 689 323 non
733 274 1088 337 praesumant,
1143 268 1309 323 etiam
1373 268 1676 324 revocandi.
1736 269 1869 323 Nam
1908 271 1960 323 in
1994 279 2035 334 Α
2066 271 2211 323 circa
2238 270 2413 338 ipsum
2460 275 2604 331 sunt,
2633 263 2849 319 vidit'et
2873 260 2940 319 ab
2961 262 3152 317 eodem
3197 259 3424 326 audivit,
3469 269 3648 330 potest

393 360 529 427 illis,
566 360 611 413 si
638 366 987 423 revocentur,
1018 357 1335 413 obedientiae
1368 359 1596 430 tegmine
1624 365 1969 432 prtesumpt'o

388 450 678 521 palliaturt;
729 450 781 503 in
816 450 934 504 istis
961 442 1091 505 vero
1118 450 1390 506 humilitas
1431 452 1747 509 obedientiee
1776 456 1969 510 robore

391 539 691 609 adjuvatur.
738 537 866 604 Qua:
891 540 1160 593 revocatio
1188 554 1292 594 non
1318 540 1709 605 indiﬂ‘ercntcr,
1742 544 1835 597 sed
1864 560 1970 597 ma-

386 624 499 698 gna
549 628 756 697 prazlati
819 629 1211 683 confessionem
1262 632 1600 700 suspicientis
1642 633 1967 688 discretione

390 716 635 769 facienda
678 725 781 769 est.
822 716 976 786 Sarpe
1024 734 1255 788 namque
1296 719 1559 789 contingit
1603 729 1661 773 ut
1706 722 1827 788 quis
1862 738 1965 776 non

392 818 487 870 per
514 805 835 859 immensum
867 808 1107 863 criminis
1127 809 1403 862 horrorem
1425 848 1438 874 ,
1469 817 1523 861 et
1553 823 1649 876 per
1675 810 1968 863 vimbnmi-

385 894 559 954 litatis
576 896 871 950 humanam
903 899 1281 963 verecundiam
1313 906 1558 965 superet;
1596 897 1688 950 sed
1718 910 1814 965 per
1838 896 1969 949 stul-

388 985 519 1039 titia:
557 986 808 1041 tenebras
830 997 882 1041 et
922 988 1267 1057 impudentiae
1312 986 1605 1045 duritiam.
1668 985 1965 1041 fwditatcm

361 1075 607 1131 sceleris
632 1087 686 1131 et
708 1078 965 1148 pudorem
995 1095 1100 1132 non
1125 1078 1358 1142 sentiat,
1391 1088 1446 1132 ct
1468 1091 1563 1146 per
1586 1078 1962 1148 negligentiam

338 1222 343 1231 ι
382 1166 619 1223 oﬂicium
640 1185 795 1223 suum
824 1185 928 1224 non
951 1177 1190 1238 appetat.
1218 1167 1512 1233 Quiautem
1537 1168 1960 1238 lmjusmodiest,

381 1274 659 1328 nunquam
713 1238 789 1314 adl
829 1275 1042 1315 sacrum
1088 1258 1322 1317 cilicium
1370 1275 1525 1315 suum
1558 1269 1652 1315 aut
1682 1262 1962 1317 -vocandus

380 1358 475 1402 aut
510 1352 841 1405 revocandus
869 1360 971 1404 est.
1029 1348 1134 1404 Sed
1194 1364 1315 1404 cum
1371 1364 1469 1421 pro
1506 1364 1618 1420 lpSO
1669 1352 1961 1421 praenitente

380 1439 648 1509 supplicat
687 1441 998 1506 humilitas,
1048 1442 1286 1511 suggerit
1335 1442 1622 1505 contritio,
1678 1442 1961 1497 intercedit

378 1529 507 1584 vita:
533 1532 762 1586 mutatio
792 1550 805 1585 :
837 1539 967 1586 tunc
988 1531 1240 1585 nimirum
1266 1532 1309 1586 si
1334 1531 1585 1601 praelatus
1613 1547 1719 1585 non
1757 1544 1867 1586 tam
1893 1534 1960 1587 de

2071 360 2525 431 interrogantibus
2560 360 2751 414 dicere
2804 372 2963 426 quam
3014 354 3237 423 epistola
3300 370 3419 408 mea
3477 353 3651 422 possit

2069 450 2395 505 describere.
2430 448 2580 515 Quod
2618 458 2795 503 autem
2843 446 2907 499 ad
2936 460 3022 498 me
3051 443 3260 505 attinet,
3316 444 3392 496 sic
3429 458 3515 498 mc
3544 442 3648 499 sibi

2070 560 2173 596 non
2205 544 2429 596 invitum
2465 557 2586 596 cum
2628 549 2846 610 propter
2870 553 2985 600 vos,
3009 545 3117 589 tum
3147 546 3360 604 propter
3390 528 3645 603 πρέπων,

2068 644 2128 687 ut
2159 643 2364 687 taceam
2392 633 2654 687 fraterna:
2684 628 2985 685 cbarilatis
3008 626 3256 680 astrinxit
3290 642 3306 688 ;
3346 637 3402 677 ut
3425 626 3475 677 in
3501 625 3647 678 nullo

2064 724 2183 791 ejus
2206 724 2508 787 commodo,
2559 722 2702 791 quod
2762 732 2989 788 possnn,
3042 729 3125 768 me
3152 713 3307 766 velim
3336 713 3406 765 illi
3436 715 3648 767 subtra-

2069 812 2200 864 here
2242 810 2333 863 ³⁸⁸.
2382 810 2617 864 Domnus
2671 809 2969 870 Osbcrnus,
3031 821 3191 875 quem
3239 805 3305 856 ad
3353 817 3431 881 se
3464 803 3676 856 reduci-

2068 900 2366 954 auctoritas
2418 909 2597 953 vestra
2642 900 2813 963 jubet,
2868 901 3059 963 fateor,
3116 896 3253 959 adeo
3314 894 3477 947 menti
3518 906 3653 947 mea

2064 990 2273 1061 glutino
2303 989 2609 1043 dilectionis
2639 989 2959 1052 adlueserat,
2990 999 3047 1040 ut
3094 986 3209 1055 ejus
3252 984 3648 1053 separationem

2066 1096 2164 1134 cor
2217 1095 2393 1132 unum:
2458 1077 2669 1131 nomnsi
2723 1091 2848 1131 cum
2890 1078 3119 1145 quadam
3163 1078 3246 1131 sui
3284 1078 3520 1130 scissura
3566 1083 3651 1127 to-

2063 1171 2221 1225 leret.
2282 1169 2461 1224 Testis
2509 1170 2653 1223 enim
2682 1176 2784 1221 ‘est
2812 1167 2885 1219 illi
2945 1176 3197 1219 nontam
3256 1167 3427 1237 styltts
3491 1180 3649 1221 meus

2063 1276 2224 1331 quam
2255 1258 2585 1319 conscientia
2608 1256 2731 1325 quia
2755 1258 2834 1310 sic
2862 1256 3138 1309 nobiscum
3164 1266 3245 1307 est
3275 1266 3646 1321 conversatus,

2064 1362 2121 1405 ut
2154 1352 2221 1403 ab
2243 1351 2493 1405 omnibus
2526 1351 2679 1404 bonne
2727 1348 3061 1417 propositum
3096 1346 3390 1401 voluntatis
3437 1348 3651 1403 sincere

2063 1444 2428 1513 diligentibus;
2503 1444 2622 1512 plus
2677 1451 2952 1496 mercatur
3027 1440 3277 1494 aﬂ‘ectum
3341 1440 3647 1506 charitatis,

2061 1550 2225 1602 quam
2251 1536 2598 1603 asperitatem
2650 1532 2877 1603 alicujus
2927 1530 3233 1586 severitatis
3261 1532 3353 1584 ²⁸⁵-.
3389 1530 3647 1598 Quamvis

381 1622 591 1677 meritis
609 1623 901 1691 aliquibus,
923 1638 1084 1692 quam
1109 1623 1173 1677 de
1196 1638 1388 1693 magna
1416 1624 1788 1679 misericordia
1813 1632 1866 1678 et
1891 1624 1957 1678 de
1992 1611 2035 1665 Β
2065 1623 2247 1691 itaque
2273 1622 2638 1676 admonitione
2670 1636 2773 1675 non
2808 1631 2964 1689 egeat
2984 1630 3172 1675 sancta
3202 1628 3375 1675 vestra
3405 1620 3649 1691 benigni-
3702 1680 3708 1685 _

377 1712 727 1769 multitudine
755 1713 1165 1768 miserationum
1208 1714 1300 1767 Dei
1326 1711 1472 1767 illum
1520 1714 1859 1777 confortans,
1886 1714 1953 1767 ad

376 1804 462 1857 sui
500 1819 659 1879 psum
699 1804 889 1859 invitet
915 1803 1101 1868 ollicii,
1148 1811 1276 1872 puto
1317 1804 1440 1871 quia
1471 1818 1578 1857 non
1613 1811 1719 1857 tam
1755 1812 1991 1855 temerc'

372 1904 543 1959 quam
582 1891 875 1960 prudenter
898 1892 1079 1959 egisse
1122 1892 1388 1945 videatur.
1419 1890 1515 1945 Est
1555 1890 1699 1944 enim
1731 1905 1872 1959 sarpe
1901 1891 1953 1943 in

375 1982 685 2057 huiusmodi
714 1982 1095 2053 prmveniettda
1132 1982 1588 2052 pusillanimitas,
1622 1981 1954 2036 excludenda

370 2076 719 2137 contemptus
790 2068 1067 2137 suspicio,
1139 2066 1473 2121 ostendenda
1542 2065 1952 2130 benevolentia,

379 2159 685 2213 exhibenda
714 2158 1040 2226 compassio.
1068 2155 1181 2212 Hoc
1203 2158 1346 2212 enim
1373 2158 1535 2213 modo
1557 2159 1647 2227 qui
1677 2158 1810 2213 tales
1830 2169 1957 2213 sunt

366 2256 585 2318 quanto
623 2246 911 2319 benignius
932 2287 948 2312 .
977 2257 1130 2303 tanto
1155 2247 1423 2303 el‘llcacius
1457 2248 1523 2303 ad
1562 2251 1953 2323 perfectionem

373 2350 773 2409 provocamur,
837 2349 891 2394 et
942 2349 1093 2395 tanto
1135 2341 1378 2396 strictius
1410 2341 1464 2395 in
1491 2342 1630 2396 bono
1677 2341 1955 2412 proposito

373 2427 642 2499 ligantur.
690 2429 847 2484 Potui
890 2429 1044 2499 plura
1093 2431 1160 2484 dc
1199 2422 1416 2501 scriptis
1450 2430 1671 2485 Patrum
1700 2430 1786 2485 his
1816 2430 1957 2483 intc-

374 2532 534 2587 xere;
575 2519 669 2573 sed
696 2519 820 2588 quia
851 2519 1158 2589 epistolaris
1185 2519 1455 2585 brevitas,
1490 2534 1612 2589 quae
1629 2520 1742 2591 jam
1782 2535 1842 2575 se
1871 2520 1955 2573 ni-

374 2608 484 2662 mis
540 2610 760 2664 extendi
802 2609 1089 2675 reclamat,
1135 2624 1245 2666 non
1294 2612 1596 2675 consentit,
1635 2610 1956 2681 simpliciter

373 2699 504 2768 quid
519 2700 1224 2768 deinterrogatissentirem,
1253 2693 1737 2773 paternitati333
1763 2713 1952 2759 vestrae

372 2784 559 2855 jussus
586 2788 835 2857 exposui.
870 2787 1226 2858 Omnipotens
1258 2788 1518 2846 Dominus
1542 2806 1672 2854 vos,
1701 2803 1755 2846 et
1776 2792 1834 2845 in
1866 2791 1950 2846 his

372 2886 430 2929 et
460 2876 512 2929 in
537 2878 788 2930 omnibus
809 2892 927 2945 qua:
951 2878 1103 2931 vobis
1130 2877 1334 2947 agenda
1378 2886 1541 2944 sunt,
1580 2879 1659 2934 sic
1690 2880 1745 2933 in
1784 2880 1947 2934 recti-

374 2965 560 3020 tudine
610 2966 855 3020 vcritatis
904 2967 1129 3039 dirigat,
1169 2944 1240 3021 tut
1270 2983 1367 3037 pro
1406 2969 1487 3024 eis
1530 2972 1765 3039 seipsum
1795 2971 1948 3024 vobis
1976 2944 2015 2999 C

373 3054 652 3110 retribuat.
693 3056 748 3109 Si
780 3072 1015 3125 priesens
1050 3073 1221 3113 essent
1268 3071 1449 3114 coram
1484 3062 1666 3127 vobis,
1695 3070 1746 3117 et
1766 3077 1948 3116 coram

372 3152 559 3199 sancta
604 3149 1021 3216 congregatione
1068 3159 1247 3202 vestra
1292 3150 1393 3217 (de
1418 3166 1521 3218 qua
1553 3151 1719 3205 multa
1753 3152 1891 3206 bona
1919 3168 1948 3205 a

371 3233 561 3289 multis
607 3236 952 3289 concorditer
999 3237 1192 3306 audio)
1249 3238 1474 3307 supplici
1532 3249 1713 3295 mente
1757 3257 1952 3310 corpus

374 3332 543 3379 totum
575 3335 1005 3393 prosternerem,
1036 3338 1092 3381 et
1127 3337 1184 3381 ut
1214 3343 1299 3382 me
1324 3329 1590 3384 bonorum
1638 3347 1758 3400 quae
1811 3332 1952 3388 Deus

368 3422 629 3482 Operatur
650 3413 701 3465 in
734 3422 913 3469 vestro
938 3416 1297 3480 monasterio,
1346 3418 1399 3470 in
1432 3428 1745 3485 perpetuum
1779 3421 1947 3489 parti-

370 3503 547 3571 cipem
581 3504 633 3556 in
656 3502 902 3571 fraterna
951 3505 1222 3559 charitate
1254 3509 1621 3564 concederetis
1642 3550 1657 3574 ,
1686 3522 1946 3580 peterem.

375 3593 484 3649 Sed
514 3582 766 3662 quoniam
792 3609 891 3664 ego
920 3594 1023 3650 hoc
1048 3610 1153 3651 non
1179 3611 1426 3665 possum,
1454 3614 1719 3669 praesumo
1748 3617 1853 3656 non
1883 3603 1952 3657 de

373 3684 514 3739 meis
546 3685 785 3750 meritis,
818 3687 911 3739 sed
935 3688 1001 3741 de
1033 3698 1212 3742 vestra
1240 3690 1528 3746 sanctitate
1548 3702 1747 3762 rogare
1774 3702 1835 3748 ut
1856 3709 1953 3751 vos

374 3772 479 3827 hoc
524 3788 622 3842 pro
670 3788 757 3827 me
795 3789 900 3827 non
942 3776 1229 3833 humiliato
1280 3794 1542 3849 corpore,
1574 3784 1669 3838 sed
1723 3784 1951 3854 benigna

375 3873 557 3918 mente
588 3864 653 3917 ab
682 3864 886 3919 eisdem
918 3865 1043 3919 ﬁliis
1070 3869 1266 3923 vestris
1301 3869 1432 3925 mihi
1470 3875 1665 3940 petatis
1744 3886 1951 3930 etcum

376 3954 484 4009 illis
507 3955 832 4010 concedatis.
868 3954 1071 4011 Valete.

854 4066 1181 4123 EPISTOLA
1217 4069 1347 4124 LVII
1376 4072 1464 4122 ²⁸³.

936 4194 1002 4231 ΑΙ)
1042 4196 1402 4235 ιΑΝΙιἫΑΝΕυΙΙ.

2060 1720 2313 1779 tas,qua:
2342 1724 2558 1779 semper
2604 1710 2758 1764 bonis
2808 1713 2997 1764 adesse
3050 1708 3206 1772 solet,
3257 1710 3533 1779 compellit
3560 1723 3646 1765 me

2070 1810 2249 1855 tamen
2304 1800 2515 1855 meritis
2566 1799 2773 1868 praefati
2829 1800 3011 1853 fratris
3064 1812 3373 1868 comparata
3424 1799 3645 1856 dilectio

2060 1902 2174 1946 toto
2198 1893 2406 1962 precari
2435 1901 2653 1957 conatu,
2680 1901 2948 1959 quatenus
2993 1906 3097 1944 non
3124 1893 3295 1944 solum
3348 1892 3473 1959 quia
3529 1893 3645 1961 ipse

2059 1984 2276 2046 meruit,
2322 1983 2416 2035 sed
2440 1990 2493 2035 et
2534 1981 2661 2048 quia
2701 1979 2878 2033 lldclis
2909 1994 3097 2033 servus
3129 1988 3310 2032 vester
3350 1979 3640 2043 desiderat,

2058 2072 2418 2127 desiderando
2470 2072 2723 2139 postulat,
2786 2070 2934 2125 illum
2992 2070 3224 2139 benigne
3273 2069 3643 2139 suscipiendo,

2055 2164 2307 2234 benigne,
2333 2163 2437 2217 nisi
2465 2164 2625 2217 aliter
2656 2163 2817 2216 vitam
2845 2160 2961 2243 ejus
3008 2162 3106 2230 ipsi
3142 2161 3348 2215 mereri
3370 2160 3642 2238 videritis,

2029 2256 2323 2308 ‘tractetis.
2366 2254 2653 2315 Praeterea,
2715 2254 2971 2323 quoniam
3010 2267 3114 2305 non
3154 2252 3325 2307 audeo
3375 2252 3554 2307 dicere
3576 2263 3643 2307 'ut

2058 2344 2206 2396 illum
2258 2344 2324 2397 ad
2370 2358 2468 2397 nos
2517 2342 2807 2412 aliquando
2866 2342 3205 2407 remittatis;
3241 2343 3361 2403 hoc.
3404 2351 3461 2397 ut
3490 2352 3639 2413 puto,

2057 2435 2286 2490 licenter
2316 2435 2437 2489 dico
2465 2434 2590 2503 quia
2623 2450 2897 2502 nunquam
2942 2433 3010 2486 ab
3038 2449 3103 2487 co
3143 2433 3329 2487 vivens
3360 2434 3667 2505 dissociari.

2055 2526 2269 2582 vellem.
2304 2524 2575 2597 Epistolas
2621 2526 2765 2581 beati
2796 2524 2946 2579 l’auli
2987 2533 3166 2579 vestro
3198 2525 3450 2580 mandato
3495 2524 3642 2585 libeu

2058 2628 2139 2672 ter
2157 2627 2412 2687 parentes
2452 2618 2606 2672 vobis
2636 2618 2901 2672 mittimus
2936 2633 2951 2682 ;
2983 2617 3098 2682 sed,
3144 2618 3397 2685 quoniam
3419 2617 3560 2685 quod
3586 2619 3641 2681 in

2053 2709 2243 2763 eodem
2270 2710 2458 2767 codice
2484 2709 2551 2763 de
2586 2718 2765 2763 vestro
2793 2723 2957 2777 Opere
3003 2717 3105 2772 est,
3151 2706 3278 2761 alibi
3330 2721 3436 2761 non
3468 2708 3641 2763 ltabc-.

2053 2815 2193 2863 tuus,
2226 2801 2359 2855 satis
2391 2801 2533 2854 scire
2569 2799 2798 2869 potestis
2827 2799 2953 2869 quid
2992 2813 3088 2851 vos
3113 2797 3403 2869 aliquando
3433 2797 3637 2857 factum

2053 2890 2133 2946 ire
2162 2892 2554 2947 desideremus.

2521 3002 2853 3059 EPISTOLA
2890 3004 3040 3058 LVIII
3073 3005 3160 3059 ¹⁸⁶.

2649 3110 2715 3148 AD
2742 3110 3030 3149 “ENRICL'SI.

2124 3185 2331 3239 Domno
2380 3194 2437 3240 et
2492 3185 2667 3241 amico
2715 3186 3058 3246 cbarissimo.
3117 3188 3416 3242 reverenda
3469 3187 3639 3258 priori

2054 3275 2293 3330 Ilenmco
2350 3278 2520 3330 frater
2570 3280 2869 3339 Anseutus,
2913 3278 2967 3331 in
3009 3288 3155 3333 terra
3190 3279 3477 3334 seminare-
3504 3294 3632 3335 san-

2053 3367 2319 3433 ctitatem,
2354 3366 2407 3419 in
2440 3367 2579 3423 cosio
2609 3374 2814 3421 metere
2846 3366 3185 3422 felicitatem.

2462 3479 2531 3532 Ei
2560 3482 2884 3534 commemlm
2924 3481 3237 3537 Osbcrnum.

2124 3572 2360 3627 Dilectus
2413 3587 2566 3627 meus
2616 3572 2848 3627 domnus
2882 3570 3156 3628 Osbcrnus
3188 3583 3390 3640 vester,
3422 3579 3514 3646 qui
3568 3573 3636 3631 ad
3674 3645 3677 3648 ν

2054 3676 2150 3734 vos
2173 3661 2313 3715 redit
2336 3660 2427 3726 ⁸⁸⁷,
2467 3651 2548 3715 εἰς
2592 3661 2833 3730 pristina:
2857 3662 2981 3715 vitae
3008 3662 3414 3731 perversitatem
3446 3673 3639 3734 sponte

2055 3732 2277 3805 accusat
2327 3757 2383 3804 et
2430 3757 2751 3803 exsecratur
2794 3765 2809 3814 ;
2868 3756 3050 3817 atque,
3084 3749 3402 3818 inquantum
3452 3732 3519 3807 ex
3573 3770 3637 3809 ea

2054 3857 2217 3911 quam
2266 3839 2545 3895 nobiscum
2598 3839 2788 3894 habuit
2818 3837 3233 3893 conversatione
3274 3840 3449 3909 palam
3480 3851 3641 3897 etse-

2052 3938 2203 3984 crete
2256 3929 2491 3997 experiri
2554 3928 2728 3995 potui,
2784 3942 2863 3982 sic
2927 3929 3050 3982 vita:
3112 3928 3399 3983 laudabilis
3454 3945 3639 3985 amore

2054 4019 2394 4084 accenditur,
2454 4026 2645 4072 utnon
2680 4019 2951 4073 immerito
2981 4021 3209 4075 interior
3237 4020 3401 4076 homo
3442 4022 3560 4090 ejus
3583 4024 3634 4076 in

2055 4108 2245 4163 melius
2300 4117 2395 4163 aut
2438 4109 2547 4179 jam
2595 4118 2854 4173 mutatus,
2903 4120 2997 4165 aut
3043 4111 3233 4181 procul
3280 4113 3442 4167 dubio
3479 4113 3635 4169 facile

2056 4200 2345 4254 mutandus
2367 4201 2726 4255 existimetur.
2760 4202 2826 4255 Et
2853 4212 3047 4257 vestra:
3069 4204 3288 4272 quidem
3336 4216 3519 4259 uotum
3549 4216 3636 4260 est

380 4283 456 4340 De
495 4284 793 4365 Lanfrqaco
848 4288 1206 4365 nepolobong
1253 4292 1506 4365 πεσεηξὺὶς,
1549 4309 1662 4365 Amo
1722 4313 1824 4351 non
1892 4298 1956 4351 de
1988 4270 2354 4360 Dprudentiae
2409 4291 2534 4359 quia
2585 4307 2857 4360 nunquam
2910 4302 3052 4346 tanta
3089 4270 3441 4365 benignitatis
3503 4311 3636 4365 opus

599 4354 849 4413 Osbcrno.
880 4356 945 4409 Et
980 4359 1137 4410 mittit
1161 4358 1226 4411 Β.
1252 4359 1409 4413 Pauli
1460 4354 1741 4429 Epistolas.

451 4466 680 4519 Domino
708 4476 763 4521 et
788 4467 933 4521 Patri
965 4484 1062 4523 suo
1099 4472 1412 4526 reverentia:
1470 4475 1694 4539 honore,
1725 4488 1778 4532 et
1806 4493 1955 4532 amo—

379 4572 457 4609 I'IS
504 4558 693 4610 allecto
742 4560 900 4612 matri
951 4561 1227 4615 catholicae
1276 4564 1500 4619 colendo
1545 4569 1951 4639 archiepiscopo

380 4644 695 4702 Laxrnaaco
720 4649 884 4703 frater
924 4651 1206 4707 Asseenus
1236 4669 1385 4717 suus,
1420 4658 1561 4725 quod
1586 4674 1736 4713 suus.

454 4740 604 4793 Licet
629 4742 803 4794 rarius
833 4758 995 4810 quam
1022 4744 1210 4799 debeat
1260 4748 1575 4805 humilitatis
1592 4766 1723 4806 mea:
1743 4752 1951 4808 litteras

381 4842 603 4898 paterna
629 4831 888 4884 sanctitas
916 4844 1094 4886 vestra
1120 4838 1394 4905 suscipiat,
1435 4840 1743 4897 ﬁdelitatem
1774 4854 1948 4899 tamen

386 4922 534 4973 vobis
565 4922 799 4974 debitam
836 4937 929 4973 cor
953 4938 1127 4975 meum
1180 4940 1283 4977 non
1332 4927 1457 4982 alibi
1488 4946 1650 4999 quam
1680 4932 1730 4985 in
1773 4933 1951 5003 seipse

384 5017 649 5082 scriptam
692 5018 952 5082 integram
1008 5027 1203 5070 servat.
1248 5017 1322 5071 De
1342 5020 1662 5075 charissimo
1708 5038 1825 5078 meo
1853 5040 1949 5078 nc-

382 5115 506 5172 pote
550 5112 726 5156 vestro
772 5106 1039 5173 copiosius
1090 5108 1307 5161 nuntius
1355 5120 1548 5175 vester,
1594 5114 1681 5181 qui
1732 5128 1793 5168 ea
1833 5129 1952 5183 quae

2056 4392 2141 4435 est
2169 4381 2524 4446 exhibitione,
2564 4392 2762 4451 quanta
2805 4384 2856 4437 in
2905 4399 3041 4438 nova
3068 4393 3123 4439 et
3148 4385 3264 4437 rudi
3293 4386 3359 4439 de
3391 4388 3635 4455 reprobis

2057 4472 2125 4525 ad
2168 4472 2366 4540 probos
2417 4478 2597 4527 mores
2649 4475 3020 4537 conversione,
3098 4489 3167 4529 ne
3214 4476 3351 4529 bona
3410 4487 3622 4546 incepta

2054 4578 2175 4631 qua:
2202 4564 2395 4616 nutriri
2435 4574 2489 4618 et
2518 4567 2583 4618 ad
2615 4566 2911 4631 profectum
2959 4566 3080 4619 duci
3136 4576 3365 4632 possunt
3420 4584 3517 4635 per
3556 4569 3629 4623 [ος

2054 4663 2236 4707 menta
2268 4655 2634 4724 benignitatis,
2670 4658 3031 4725 impediantur
3079 4668 3173 4711 aut
3220 4668 3368 4711 rertc
3420 4662 3635 4730 fragan-

2059 4752 2147 4797 tur
2181 4758 2277 4813 per
2322 4746 2696 4798 austeritatem
2740 4746 3068 4799 severitatis.
3111 4746 3311 4802 Precor
3372 4748 3535 4817 igitur
3554 4749 3635 4803 di-

2058 4834 2254 4889 lectam
2285 4819 2521 4889 vestram
2546 4836 2920 4899 sanctitatcn‘t,
2944 4847 3233 4904 quatenus.
3290 4838 3429 4891 sicut
3465 4840 3630 4893 vestri

2058 4924 2214 4979 decet
2263 4925 2643 4979 discretionem
2674 4926 2954 4995 regimiuis
3012 4936 3067 4980 et
3097 4926 3318 4995 pra-fato
3352 4928 3504 4981 fratri
3530 4944 3592 4980 ex
3630 4964 3631 4967 η

2056 5017 2225 5087 pedit,
2257 5032 2468 5071 omnem
2496 5017 2779 5086 praeterita:
2822 5019 3195 5086 perversitatis
3233 5018 3350 5088 ejus
3380 5019 3631 5082 dissimu-

2059 5110 2235 5165 lantes
2279 5110 2348 5139 ’"
2395 5109 2733 5173 mollioriam,
2786 5108 2925 5161 Iaclc
2981 5110 3276 5178 perspicua:
3328 5108 3630 5161 dilt‘02iottis

1654 5284 1880 5341 VARle
1922 5281 2316 5341 LECTIONES.

456 5389 525 5421 ’³³
555 5388 685 5439 Cum
735 5404 839 5440 uno
870 5404 966 5440 ms.
994 5459 999 5460 ί
1030 5388 1292 5444 Victorino
1346 5393 1399 5445 in
1452 5392 1643 5447 Codice
1670 5392 1761 5460 EI.
1783 5394 1873 5449 20.
1900 5396 2094 5450 collata
2136 5430 2141 5435 -

389 5460 457 5490 ’⁵³
483 5460 799 5511 chcrilatis
825 5459 1180 5527 nis.7alicujus
1202 5464 1503 5517 severitatis
1574 5464 1644 5494 ³⁸⁸
1672 5459 1803 5519 Cum
1832 5468 2011 5521 cedent
2052 5484 2151 5522 ms.
2184 5466 2377 5522 collata
2454 5465 2521 5495 ⁸⁵⁷
2561 5462 2719 5517 Redit
2766 5480 2861 5516 ms.
2896 5465 3169 5519 reducitur

390 5530 550 5581 lautis
576 5544 675 5579 ms.
702 5526 1106 5583 dissimulantes

566 5618 838 5679 I‘nnoc.
886 5617 1153 5681 CLVIII.

2195 5397 2269 5428 ³⁸⁸
2294 5393 2466 5449 Velim
2493 5392 2835 5447 subtrahere.
2864 5410 2958 5444 ms.
2999 5396 3165 5449 Velim
3197 5375 3267 5443 illi
3312 5387 3627 5441 subtrahere.

2195 5466 2377 5509 mllum
2454 5465 2521 5495 ⁸⁵⁷
2562 5462 2719 5509 Redit
2766 5480 2860 5509 ms-
2896 5465 3169 5509 reducitur
3266 5459 3336 5491 ⁸⁵⁸
3370 5458 3625 5509 Dissitttu-

3417 5474 3625 5511 155111113-

3232 5619 3311 5677 36
