4214 6190
555 226 582 282 1
597 222 685 281 l3!

1084 220 1141 277 S.
1182 215 1476 274 ANSELMI
1531 213 1880 272 CANTUAR.
1920 210 2236 268 ARCHIEP.
2274 209 2425 268 OPP.
2468 209 2644 266 PARS
2686 210 2769 266 Ill.
2800 242 2870 254 —
2896 196 3270 271 EPISTOLAL‘.

3653 220 3791 279 1132

553 336 813 409 propositi
868 332 1118 386 nutriatis
1172 327 1410 387 melioris
1458 326 1760 392 infantiam,
1810 325 1914 380 nisi
1945 326 2124 388 forte,
2159 342 2203 396 Α
2234 326 2584 391 visitavimus,
2642 330 2890 395 quoniam
2922 329 2987 383 de
3028 329 3299 385 soliditate
3350 340 3547 384 mature
3591 347 3792 393 nostra

551 414 693 499 quod
736 432 838 480 non
880 430 1033 492 puto,
1084 421 1139 475 in
1182 421 1468 490 pristinam
1518 434 1624 474 non
1689 434 1756 473 ex
1806 416 2121 472 infirmitate

550 514 866 577 ostenderit,
899 511 991 566 sed
1020 525 1093 567 ex
1118 510 1394 565 voluntate
1433 510 1652 572 redierit
1678 508 1958 563 malitiam.
1988 506 2121 560 Nul-

548 604 757 660 latenus
790 601 933 654 enim
979 598 1051 654 illi
1084 599 1441 669 Opportunius
1487 596 1726 669 probatis
1775 594 1997 649 latuisse
2039 593 2121 647 di.

546 695 830 748 lectionem
873 692 973 747 sub
1022 690 1315 746 severitate
1359 704 1519 757 quam
1577 687 1747 741 sensit
1793 686 1847 741 in
1907 701 2118 748 errore,

546 798 710 854 quam
740 792 784 838 si
815 768 939 838 tunc
971 781 1205 852 patuerit
1229 781 1282 834 in
1314 780 1517 835 erroris
1546 777 1903 832 correctione.
1956 779 2114 831 Dcui-

544 891 671 947 que,
703 883 762 929 ut
785 872 915 928 mihi
947 872 1179 936 videtur,
1209 871 1277 925 ad
1321 880 1482 924 rectae
1510 870 1640 923 vita:
1672 868 1944 922 tramitem
1993 867 2118 921 nul-

545 967 632 1023 lus
660 966 829 1022 debet
858 963 1082 1035 impelli,
1131 962 1233 1016 nisi
1265 961 1356 1031 qui
1386 976 1493 1015 non
1528 968 1703 1031 potest
1733 959 1956 1013 attrahi.
1990 959 2120 1013 Pre-

542 1072 638 1112 cor
665 1055 852 1121 etiam,
881 1069 998 1121 seu,
1052 1053 1232 1123 potius
1280 1052 1440 1121 exigo
1481 1066 1549 1107 ex
1599 1050 1799 1115 debito,
1844 1050 1984 1119 quod
2016 1050 2118 1105 sibi

540 1148 773 1204 invicem
806 1147 1005 1203 debent
1039 1145 1222 1210 amici,
1245 1144 1467 1199 utsicut
1491 1151 1684 1197 omnes
1716 1142 1925 1198 dilecte
1978 1142 2112 1196 mihi

545 1237 867 1293 fraternitati
906 1245 1098 1291 vestra:
1153 1235 1375 1289 dilectos
1411 1233 1533 1288 volo
1589 1233 1836 1303 diligere,
1887 1232 1968 1287 sic
2016 1234 2115 1288 do-

540 1339 699 1383 mnus
741 1326 1017 1384 Osbernus
1072 1326 1124 1380 in
1172 1324 1517 1397 adipiscendo
1558 1337 1734 1378 meam
1776 1321 2117 1378 dilectionem

539 1418 765 1473 multum
799 1416 900 1472 sibi
941 1416 1139 1488 gaudet
1162 1424 1398 1469 vestram
1433 1413 1690 1469 crevisse.
1720 1413 1932 1467 (valete.

1036 1504 1363 1563 EPISTOLA
1394 1504 1510 1559 LIX
1540 1504 1632 1558 ¹⁸⁹.

1112 1613 1179 1650 ιι)
1215 1611 1554 1652 ςοκουιῐυιι.

530 1716 613 1770 Pe
636 1719 937 1771 muneribus
958 1719 1022 1769 ab
1050 1719 1160 1784 ipso
1188 1715 1359 1770 missis
1381 1699 1579 1783 gratias
1606 1714 1712 1781 agit
1740 1727 1833 1763 suo
1856 1719 1902 1763 et
1929 1707 1977 1761 11
1986 1725 2110 1779 ago-

939 1788 1017 1839 nir
1040 1783 1193 1855 atque
1220 1784 1436 1837 Basilus
1471 1783 1697 1836 nomine.

608 1880 720 1937 Suo
773 1880 1014 1944 domino,
1057 1895 1154 1933 suo
1205 1878 1384 1940 fratri,
1424 1891 1521 1931 suo
1575 1877 1750 1931 amico
1790 1870 2113 1927 eharissimo

534 1976 737 2027 domno
762 1971 1055 2045 Gonoquo
1086 1970 1254 2023 frater
1276 1970 1578 2032 ANSELMUS,
1635 1977 1777 2037 quod
1810 1982 1930 2031 suo,
1962 1981 2112 2021 suus.

596 2062 742 2117 Cum
807 2071 863 2116 tu
905 2076 1013 2117 non
1056 2070 1210 2131 potes
1264 2069 1517 2129 precmus
1580 2072 1799 2113 monere
1843 2057 2113 2127 pigritiam

527 2165 712 2206 'meam
736 2159 793 2206 ut
822 2152 918 2207 tibi
967 2151 1315 2206 salutatorias
1362 2148 1569 2203 litteras
1621 2147 1852 2211 mittam,
1893 2160 2114 2201 conver-

542 2242 612 2296 tis
638 2248 690 2295 te
720 2244 785 2295 ad
811 2241 957 2295 aliud
984 2236 1295 2306 consilium,
1324 2248 1379 2293 et
1397 2238 1579 2308 pulsas
1607 2252 1693 2292 me
1722 2238 1828 2291 tuis
1848 2237 2028 2301 donis,
2056 2246 2117 2289 ut

534 2331 620 2387 vel
646 2330 850 2403 gratias
889 2331 1161 2385 remittam
1196 2345 1212 2393 ;
1244 2338 1302 2383 et
1324 2342 1485 2399 quem
1529 2327 1805 2382 blanditia:
1839 2333 2115 2396 nequeunt

498 2472 501 2475 .
536 2422 605 2477 ad
640 2421 989 2478 scribendum
1038 2421 1337 2487 attrahere,
1388 2419 1579 2474 saltem
1634 2418 1807 2488 pudor
1849 2426 2012 2486 queat
2046 2415 2114 2469 ad

536 2513 744 2584 gratias
788 2513 1052 2584 agendum
1100 2494 1399 2580 impellere.
1460 2511 1576 2579 Ago
1619 2509 1785 2578 igitur
1842 2517 1945 2562 tuae
1983 2491 2116 2562 dile-

534 2604 727 2672 ctioni,
756 2588 875 2675 quae
903 2603 1075 2659 dulcis
1112 2611 1193 2658 est
1216 2603 1368 2658 cordi
1393 2617 1535 2668 meo,
1554 2601 1777 2671 gratias,
1809 2616 1915 2653 non
1942 2614 2117 2668 quaa-

537 2704 654 2749 tum
696 2693 829 2748 mihi
851 2694 1016 2748 chara
1049 2701 1175 2747 sunt
1210 2692 1346 2747 dona
1382 2700 1470 2745 tua
1508 2731 1524 2756 ,
1565 2691 1660 2745 sed
1694 2700 1954 2759 quantum
1986 2690 2115 2743 mihi

501 2828 505 2833 .
536 2786 753 2841 charior
775 2792 858 2840 est
880 2784 1122 2839 charitas
1149 2791 1261 2848 tua,
1289 2798 1393 2852 qua
1430 2786 1566 2836 liunt
1592 2791 1647 2836 et
1680 2782 2027 2844 condiuntur,
2061 2789 2116 2833 et

535 2892 698 2947 quam
743 2876 874 2931 mihi
930 2876 1147 2944 sapiunt
1207 2888 1430 2928 munera
1496 2882 1605 2926 tua.
1657 2870 1830 2924 Tanto
1880 2882 2114 2937 namque

534 2967 752 3021 charisr
780 2974 863 3020 est
894 2964 1025 3019 mihi
1058 2964 1298 3019 eharitas
1326 2972 1440 3027 tua,
1469 2977 1628 3031 quam
1672 2959 1935 3030 quidquid
1977 2959 2109 3012 mihi

528 3048 737 3112 donare
788 3065 940 3127 potes
970 3095 986 3121 ,
1050 3064 1254 3124 quanto
1298 3069 1360 3108 ea
1410 3068 1530 3123 qua:
1588 3053 1757 3107 donas
1804 3058 2016 3121 potesa
2064 3058 2114 3103 te

532 3148 693 3219 longe
744 3148 1137 3213 transmittere,
1184 3154 1240 3201 et
1284 3146 1607 3200 charitatem
1658 3154 1764 3197 uOn
1821 3150 2031 3211 potesa
2062 3150 2115 3194 te

534 3229 828 3296 dimittere.
874 3240 967 3293 illa
1020 3238 1166 3293 enim
1205 3246 1432 3307 possunt
1477 3236 1596 3291 sine
1636 3250 1792 3289 mare
1842 3233 2111 3297 transire;

534 3334 631 3389 sed
672 3329 775 3388 ista
803 3346 908 3387 non
944 3338 1121 3400 potest
1142 3331 1211 3385 de
1246 3328 1411 3384 corde
1431 3328 1584 3382 exire
1631 3334 1763 3380 tuo:
1805 3324 1946 3378 hanc
1966 3332 2115 3377 certe

532 3432 653 3484 sive
676 3429 868 3492 dones,
918 3428 1032 3482 sive
1062 3425 1389 3481 nou'dones
1445 3423 1598 3486 mihi,
1648 3419 1846 3489 aliquid
1902 3432 2115 3487 semper

538 3523 659 3576 scio
690 3520 740 3591 in
770 3528 821 3575 te
847 3519 1058 3573 fervere
1089 3534 1105 3583 ;
1132 3516 1257 3571 huic
1282 3516 1396 3569 sive
1419 3514 1607 3583 loquar
1634 3512 1723 3577 m,
1749 3511 1861 3565 sive
1884 3519 2111 3572 taceam,

532 3625 750 3681 semper
774 3611 913 3665 scito
942 3624 1037 3664 cor
1063 3612 1243 3662 meum
1296 3605 1458 3663 simili
1507 3603 1696 3658 affectu
1760 3601 2109 3671 respondere.

537 3702 795 3757 Dominus
824 3699 974 3769 llugo
1004 3706 1057 3752 et
1084 3694 1302 3752 domina
1348 3694 1544 3747 Basilia
1573 3707 1710 3746 uxor
1753 3686 1868 3758 ejus
1891 3701 2114 3757 magnas

534 3795 635 3850 \ibi
666 3793 871 3864 gratias
921 3782 1088 3861 agunt
1142 3803 1239 3859 pro
1283 3788 1476 3859 gratiis
1534 3786 1640 3839 tuis
1688 3797 1822 3852 quas
1863 3780 2113 3843 mandas,

532 3898 638 3953 pro
688 3884 844 3938 donis
893 3882 998 3936 tuis
1048 3895 1169 3951 qua:
1230 3879 1421 3944 mittis,
1473 3892 1571 3944 pro
1614 3870 1955 3929 orationibus
2007 3871 2114 3923 tuis

534 3991 681 4055 quas
728 3990 826 4044 pro
856 3975 937 4029 eis
982 3972 1141 4038 facis,
1170 3980 1225 4026 et
1247 3981 1383 4040 quas
1408 3971 1487 4023 eis
1510 3958 1803 4036 promittis.
1838 3962 1950 4031 Ego
2000 3960 2115 4029 ipse

534 4069 855 4139 praesentari
896 4069 975 4123 eis
1000 4082 1222 4121 munera
1250 4076 1359 4124 tua.
1399 4072 1455 4117 et
1498 4061 1601 4130 legi
1631 4060 1842 4113 litteras
1887 4065 2027 4118 tuas,
2056 4064 2113 4109 et

452 4228 460 4238 Ο
537 4158 695 4215 retuli
720 4159 883 4213 verba
909 4167 997 4212 tua
1023 4172 1039 4210 :
1064 4171 1183 4226 qua:
1213 4153 1392 4209 omnia
1420 4149 1726 4222 gratissime
1755 4154 1809 4201 et
1833 4143 2110 4202 latissime

537 4254 907 4317 susceperunt.

945 4332 1109 4428 33:,
1135 4354 1459 4410 EPISTOLA
1489 4351 1579 4405 Lx
1609 4351 1698 4403 εει.

1122 4466 1188 4504 ΑΙ)
1224 4461 1547 4503 ιιλυιιιτιωι.

536 4544 719 4617 Exigit
756 4543 820 4596 ab
869 4558 927 4596 eo
980 4539 1226 4617 epistolas
1258 4549 1351 4617 ;_et
1385 4552 1503 4589 eum
1550 4532 1815 4617 collaudat
1863 4527 2002 4587 quod
2046 4526 2111 4579 ab

959 4611 1196 4664 omnibus
1234 4610 1423 4676 ubique
1464 4614 1686 4658 ametur.

607 4705 816 4759 Domno
860 4712 913 4757 et
960 4699 1311 4756 dilectissimo
1371 4696 1523 4751 fratri
1574 4703 1629 4749 et
1679 4692 1788 4747 filio
1839 4690 2114 4745 Manutrto

538 4805 704 4850 irater
752 4796 1055 4855 Ausuuus,
1098 4788 1360 4859 sapientia
1385 4797 1436 4843 et
1466 4785 1637 4858 gratia
1677 4782 1941 4854 proﬁcere
1977 4780 2117 4850 apud

540 4888 708 4943 Deum
735 4898 789 4942 et
819 4887 1080 4941 homines.

616 4980 717 5034 Diu
768 4988 851 5033 est
891 4978 1034 5046 quod
1076 4973 1280 5029 nostris
1338 4988 1435 5027 nos
1475 4970 1704 5026 invicem
1759 4964 1955 5021 litteris
2008 4976 2114 5015 non

2221 416 2528 471 dilectionis
2576 433 2684 471 nou
2729 418 3091 471 dubitavimus
3120 434 3133 479 ;
3160 410 3237 471 ὀι
3276 419 3400 488 quia
3475 422 3790 480 nuntiorum

2220 507 2574 571 sermonibus,
2604 522 2727 561 cum
2757 515 3114 578 Opportunum
3143 506 3259 573 fuit,
3290 524 3389 562 nos
3412 509 3792 569 salutavimus.

2221 594 2325 649 Sed
2348 612 2412 649 ne
2438 612 2543 664 qua
2567 597 2850 651 occasione
2894 613 3047 652 amor
3101 598 3212 666 ipse
3243 595 3312 650 ab
3345 598 3526 668 aliquo
3572 609 3796 668 putetur

2221 695 2400 765 tepere
2430 727 2445 751 ,
2476 686 2731 754 expedire
2759 695 2888 755 puto
2918 696 2975 738 ut
3002 685 3290 753 aliquando
3316 687 3609 753 schedulis,
3633 687 3790 757 quasi

2218 776 2468 831 scintillis
2497 777 2566 830 ab
2591 776 2821 831 invicem
2849 778 3226 842 emicantibus,
3273 778 3517 831 videatur
3559 779 3787 834 fervere.

2219 865 2331 921 Hoc
2353 867 2497 921 enim
2530 867 2647 937 ipso
2684 868 2809 936 quia
2856 867 3253 922 desiderantem
3291 869 3361 898 “’
3386 880 3436 923 te
3477 870 3794 927 desidemns

2219 959 2419 1014 habere
2446 974 2653 1013 mecum
2676 974 2780 1014 non
2810 974 3021 1029 possunt
3048 975 3065 1024 ;
3091 974 3427 1028 nequaquam
3461 960 3662 1028 minus,
3691 961 3789 1016 sed

2218 1049 2392 1120 magis
2424 1061 2473 1104 te
2495 1049 2701 1120 diligo;
2732 1050 2856 1119 quia
2886 1064 3006 1104 eum
3050 1060 3103 1103 te
3135 1050 3216 1103 sic
3266 1049 3412 1119 diligi
3439 1064 3470 1103 a
3496 1050 3792 1119 majoribus

2216 1146 2269 1193 et
2302 1139 2614 1193 melioribus
2662 1155 2747 1193 me
2773 1140 2862 1202 η’,
2891 1147 2949 1192 ιιι
2982 1147 3033 1193 te
3053 1138 3325 1193 dimittere
3370 1138 3561 1202 nolint,
3590 1139 3787 1207 video;

2218 1228 2335 1299 plus
2359 1239 2412 1285 te
2442 1229 2768 1299 diligendum
2827 1227 3088 1297 intelligo.
3147 1226 3297 1283 Unde
3343 1228 3403 1281 fit
3430 1237 3488 1282 ut
3514 1242 3650 1297 pene
3688 1230 3793 1282 du-

2216 1315 2362 1370 bium
2407 1317 2537 1371 mihi
2569 1317 2645 1372 sit
2683 1328 2862 1370 utrum
2894 1318 3020 1385 quia
3069 1317 3148 1371 sic
3194 1326 3245 1371 te
3291 1316 3425 1372 facis
3473 1317 3787 1381 amabilem,

2218 1406 2335 1475 plus
2355 1406 2648 1475 gaudeam;
2678 1421 2745 1460 an
2771 1406 2895 1476 quia
2919 1418 3027 1460 tam
3055 1405 3271 1460 amabili
3294 1405 3396 1459 frui
3418 1419 3524 1461 non
3543 1420 3787 1476 possum,

2218 1498 2338 1566 plus
2365 1497 2592 1553 doleam.
2620 1497 2821 1553 Verum
2850 1497 3104 1569 quoniam
3138 1497 3252 1552 seio
3272 1497 3397 1567 quia
3441 1512 3547 1552 non
3578 1506 3788 1552 tantum

2220 1598 2437 1658 propter
2479 1604 2564 1643 me
2591 1597 2853 1658 quantum
2885 1597 3188 1658 propterte
3213 1602 3245 1641 ιι
3268 1601 3353 1643 me
3386 1586 3551 1643 debes
3564 1587 3745 1661 putari
3766 1601 3789 1640 :

2144 1673 2187 1728 ll
2216 1678 2386 1732 soluta
2424 1679 2722 1747 quaestione
2774 1686 2983 1733 certum
3033 1687 3117 1732 est
3157 1677 3284 1745 quia
3335 1676 3475 1745 plus
3513 1676 3685 1731 debeo
3716 1674 3787 1729 de

2216 1770 2481 1825 bonorum
2540 1772 2828 1838 praesentia
2874 1784 2995 1839 qua:
3035 1778 3210 1823 tecum
3265 1776 3351 1823 est
3395 1767 3792 1836 congratulari,

2216 1874 2376 1928 quam
2401 1858 2465 1912 de
2487 1858 2731 1926 corporis
2758 1855 2834 1909 tui
2873 1855 3115 1909 absentia
3145 1870 3263 1924 qua:
3291 1869 3501 1928 meeum
3528 1862 3614 1908 est
3649 1866 3789 1907 cou-

2220 1950 2441 2004 tristari.
2468 1949 2704 2017 Denique
2740 1962 2972 2017 semper,
2994 1954 3051 1999 ut
3080 1945 3189 1999 Deo
3209 1954 3264 1999 et
3290 1943 3447 1999 bonis
3468 1914 3793 1997 [hominibus

2217 2039 2465 2093 amabilis
2483 2053 2653 2101 esses,
2683 2034 3013 2100 desideravi,
3041 2044 3096 2091 et
3127 2049 3222 2103 pro
3254 2047 3385 2087 mea.
3400 2031 3787 2101 possibilitate,

2219 2140 2276 2182 ιιι
2303 2130 2431 2184 mihi
2463 2130 2713 2184 conscius
2742 2142 2827 2194 cs,
2850 2126 3028 2181 studui
3076 2123 3311 2193 quandiu
3339 2137 3551 2179 mecum
3578 2120 3729 2176 fuisti
3767 2135 3783 2175 :

2217 2236 2317 2275 nec
2347 2229 2526 2275 tamen
2557 2219 2884 2275 desiderium
2933 2219 3133 2274 idcirco
3156 2216 3341 2288 tepuit,
3396 2216 3522 2285 quia
3548 2214 3803 2270 studium

2214 2310 2429 2378 operari
2487 2324 2590 2362 nou
2636 2309 2809 2376 potuit
2859 2309 2980 2378 plus
3024 2323 3184 2379 quam
3236 2320 3471 2372 mecum,
3502 2320 3624 2360 cum
3676 2319 3787 2359 non

2215 2400 2362 2455 fuisti
2395 2416 2410 2452 :
2440 2413 2624 2452 verum
2660 2414 2764 2452 non
2797 2398 3101 2466 ubicunque
3151 2397 3371 2460 amaris,
3420 2409 3543 2449 esse
3585 2403 3784 2463 potes;

2215 2492 2307 2547 sed
2342 2491 2648 2560 ubicunque
2701 2490 2797 2552 sis,
2838 2489 3007 2543 amari
3039 2495 3094 2543 et
3140 2489 3314 2542 bonus
3357 2499 3480 2541 esse
3508 2494 3681 2554 potes.
3718 2482 3791 2537 Ut

2217 2583 2379 2653 igitur
2404 2581 2474 2635 ibi
2492 2590 2545 2635 et
2576 2580 2695 2634 talis
2719 2580 2817 2645 sis,
2839 2579 2929 2634 ubi
2956 2586 3010 2632 et
3030 2576 3244 2647 qualem
3273 2584 3323 2630 te
3347 2588 3469 2630 esse
3492 2573 3602 2627 vult
3622 2572 3787 2635 Dens,

2216 2684 2271 2728 et
2301 2672 2399 2727 tibi
2432 2671 2670 2740 expedit,
2725 2669 2875 2724 salvo
2924 2678 3103 2722 tamen
3168 2675 3355 2720 mutuo
3408 2671 3617 2727 nostro,
3644 2659 3790 2730 quod

2217 2765 2391 2835 exigit
2443 2772 2663 2817 mutuus
2711 2776 2884 2824 amor,
2932 2758 3199 2813 desiderio
3228 2796 3255 2821 ,,
3297 2743 3554 2811 exoretur
3599 2753 3739 2807 Deus
3768 2766 3789 2805 :

2214 2866 2269 2909 et
2297 2854 2552 2924 quoniam
2573 2858 2711 2920 jam,
2739 2850 3051 2920 ubicunque,
3095 2849 3207 2919 sis,
3246 2846 3402 2901 bonis
3427 2843 3711 2899 amabilem
3735 2850 3791 2896 te

2218 2947 2713 3009 fecitbenedietus
2787 2946 2951 2998 Deus.
3004 2943 3190 2998 Saluta
3243 2942 3469 2996 dilectos
3516 2939 3713 2993 fratres
3734 2943 3793 2991 et

2141 3015 2187 3079 ο
2219 3038 2453 3091 3111Ῐὲ08”
2490 3044 2708 3091 nostros
2754 3035 3007 3089 domuum
3068 3030 3381 3084 llerlniuum
3431 3038 3487 3083 et
3529 3029 3789 3083 domuum

2216 3127 2514 3181 Guidouem
2548 3127 2641 3192 ⁸⁵⁸,
2668 3125 2922 3180 domuum
2980 3121 3249 3175 Elmerum
3276 3129 3331 3174 et
3368 3119 3620 3174 domuum
3651 3114 3792 3171 Bul-

2217 3224 2457 3278 wardum
2480 3221 2862 3278 consobrinum
2893 3217 3077 3272 domui
3104 3215 3363 3271 Osberui.

2712 3326 3044 3385 EPISTULA
3074 3324 3187 3380 LXI
3217 3325 3292 3357 “‘

2672 3425 2901 3476 possunt
2931 3432 2999 3470 an
3030 3429 3331 3470 usuusu.

2216 3514 2357 3568 Laus
2396 3511 2797 3567 Meditutionunt
2846 3507 3098 3627 Ansiintil,
3126 3523 3156 3626 ῗ
3180 3521 3279 3574 quo
3308 3502 3466 3571 exigit
3507 3498 3573 3555 Β.
3624 3499 3794 3554 Paulo

2969 3592 3070 3627 .ms
3097 3591 3125 3627 ο
3151 3592 3228 3627 as.
3300 3618 3303 3621 λ

2969 3591 3228 3643 ιριδιοιαε.
3300 3618 3303 3621 λ

2285 3674 2569 3729 Dunannus
2621 3669 2734 3726 sola
2779 3665 3086 3737 dignatione
3136 3661 3230 3716 Dei
3287 3660 3454 3715 abbas
3499 3655 3781 3713 Casa-Dei

2215 3763 2432 3817 domino
2453 3762 2706 3814 Aassuto
2734 3765 2993 3809 mteruam
3020 3750 3266 3805 salutem.

2285 3850 2604 3919 Bajocenses
2626 3849 2731 3903 duo
2764 3846 2960 3900 litteris
2987 3842 3198 3905 imbuti,
3241 3839 3468 3908 juvenes
3497 3834 3781 3906 praeclara:

2216 3941 2544 3999 habitudinis
2567 3940 2619 3993 in
2648 3937 2793 3993 omni
2825 3934 2981 3990 modo
3009 3948 3066 3988 se
3087 3930 3317 3986 habendi
3345 3946 3359 3993 ;
3391 3929 3569 3983 minor
3589 3940 3785 3982 eorum

2214 4035 2473 4092 vocabulo
2518 4044 2601 4087 est
2646 4030 2921 4100 Rogerius,
2984 4026 3119 4080 alter
3157 4033 3238 4078 est
3279 4020 3625 4077 Willelmus:
3672 4018 3785 4072 duo

2215 4127 2312 4191 illi,
2328 4134 2382 4179 et
2406 4133 2597 4192 ιιι-αξιοι·
2617 4136 2729 4184 eos,
2758 4119 2956 4188 plures,
2979 4117 3073 4170 sed
3097 4114 3326 4168 maxime
3349 4111 3423 4164 illi
3446 4109 3784 4192 distillarunt

2215 4217 2434 4271 auribus
2486 4213 2683 4267 nostris
2710 4211 2885 4264 oleum
2926 4218 2979 4262 et
3003 4207 3319 4261 suavitatem
3353 4203 3427 4256 tui
3472 4209 3527 4255 et
3555 4184 3790 4254 noniinis

2216 4320 2269 4362 et
2292 4304 2583 4376 religionis.
2635 4300 2836 4354 Deinde
2871 4317 2883 4349 :
2920 4297 3093 4350 Terret
3122 4312 3200 4348 me
3246 4295 3346 4347 rita
3377 4308 3533 4354 mea;
3566 4303 3789 4357 namque

2138 4365 2189 4425 Β
2217 4400 2332 4469 (l8)
2357 4365 2627 4465 diligenter
2677 4391 2909 4444 discussa
2943 4387 3031 4453 ⁸⁵⁸,
3063 4401 3183 4439 cum
3218 4399 3283 4439 eo
3333 4382 3474 4452 quod
3518 4378 3785 4469 sequitur,

2219 4464 2476 4558 scriptum
2509 4485 2628 4545 hoc,
2661 4489 2715 4533 et
2760 4488 2954 4549 praeter
2988 4478 3111 4540 hoc,
3159 4474 3263 4528 alia
3301 4464 3632 4542 piissime’de
3657 4480 3799 4521 cou-

2224 4555 2348 4635 trito
2395 4577 2585 4648 spiritu
2618 4584 2730 4639 tuo,
2760 4579 2813 4625 et
2854 4571 2919 4624 de
2958 4569 3157 4637 pietate
3203 4564 3420 4645 contriti
3478 4562 3554 4615 tui
3605 4555 3788 4613 cordis

2220 4673 2361 4727 edita
2389 4678 2445 4725 et
2468 4667 2689 4735 scripta,
2712 4663 2827 4732 pias
2853 4667 3110 4729 prrcstant
3149 4657 3304 4710 nobis
3340 4654 3609 4723 lacrymas
3666 4658 3787 4703 tua:

2219 4765 2415 4832 legere,
2457 4768 2667 4813 nostras
2691 4756 2849 4805 edere
2880 4767 2897 4814 ;
2926 4750 2994 4802 ita
3028 4757 3084 4800 ut
3112 4758 3397 4814 utrumque
3455 4743 3710 4797 miremur
3729 4747 3788 4793 et

2220 4861 2273 4912 in
2304 4854 2465 4911 corde
2489 4863 2579 4905 tuo
2613 4848 2909 4903 redundare
2947 4853 3109 4896 tanta:
3142 4854 3316 4893 rorem
3369 4832 3783 4893 benedictionis,

2219 4960 2273 5005 et
2316 4948 2434 5002 sine
2483 4956 2708 4998 susurro
2739 4937 3063 4994 descendere
3094 4932 3214 4986 inde
3241 4930 3413 4983 rivum
3452 4926 3505 4977 in
3532 4920 3785 4977 cordibus

1820 5112 2049 5171 VARUE
2088 5104 2482 5164 LECTIONES.

612 5250 682 5281 ¹⁹⁹
696 5244 826 5299 Cum
852 5242 1028 5297 eodem
1053 5255 1150 5291 ms.
1180 5237 1370 5291 collata
1427 5236 1494 5266 ²⁶⁰
1523 5232 1648 5288 Sive
1670 5232 1862 5298 loquor
1884 5223 2129 5299 ηιξ-...δῖνα
2153 5220 2349 5299 loquar
2396 5216 2461 5247 ’⁸⁸
2489 5210 2812 5299 gum‘eode'm
2834 5222 3005 5259 ms.co

544 5281 937 5375 desid‘eg'tnt‘ein
1013 5309 1084 5340 εδδ
1114 5307 1280 5375 Diligo
1304 5322 1331 5357 a
1362 5305 1655 5375 majoribus
1685 5281 1770 5353 me
1790 5314 1893 5375 nnis.
1918 5293 2064 5375 diligi
2090 5306 2119 5343 a
2146 5281 2435 5375 "ﬂoribus
2462 5281 2952 5375 et'nieliqr-ibu‘snni’e

537 5346 1028 5445 ἓῖῗῖξῖδῖδὲξῖιᾛηω.
1066 5346 1480 5432 ιιῖτιᾶἲωωῖἇ
1510 5372 1765 5424 domuum
1796 5346 2096 5422 CuidonEm
2174 5346 2243 5396 ιθί
2270 5355 2396 5410 Cum
2431 5353 2608 5407 eodem
2660 5365 2759 5401 ms.
2802 5346 2992 5399 collata

533 5444 640 5512 uls.
668 5465 713 5510 et
739 5444 883 5507 Edit.
924 5452 1037 5505 Pic.
1070 5448 1357 5516 diligenter
1387 5444 1625 5497 discussa

3011 5202 3137 5255 Nam
3210 5201 3279 5231 ¹⁶²
3296 5196 3657 5261 Desultantem
3677 5213 3778 5253 me.

3014 5272 3082 5304 ²⁶δ
3098 5271 3406 5324 llerluiuutn
3425 5278 3480 5321 et
3502 5268 3781 5323 dominum

3066 5341 3135 5373 '“
3170 5341 3400 5411 Diligeul
3438 5346 3496 5393 el
3537 5339 3786 5394 discus“

1750 5545 1917 5603 “MN
1930 5544 2031 5599 Νῐὸ
2070 5539 2332 5596 ινιιῖΑιιιη
2374 5533 2599 5588 ΝΟΤᾺΕ.

606 5598 725 5712 (ιε)
766 5635 1033 5726 Μέάίιαιὶο
1054 5630 1113 5696 ‘2,
1139 5643 1317 5695 supra,
1340 5641 1390 5693 ρ.
1420 5622 1543 5676 ἳο7.

3880 5882 3887 5891 ⁴
3952 5882 3975 5897 ι.

3618 5882 4099 6089 Α

3718 5926 3789 5949 γ’.
