4214 6206
860 260 873 289 ι

355 364 494 418 “33

1617 352 1739 407 LIII.
1776 354 1815 416 l,
1859 351 2076 407 EPIST.
2118 349 2295 405 LXIII.

3448 348 3583 402 ιιδι

352 477 565 531 ηοδινίδ.
604 478 735 526 Nam
769 482 839 526 ita
872 480 954 526 est
985 485 1107 524 vere
1141 487 1153 521 :
1204 476 1375 536 pictas
1421 474 1630 535 scriptae
1658 476 1760 518 tua:
1788 480 1907 518 ora-
1946 474 1983 519 Α
2016 462 2283 529 diligendo
2317 468 2467 513 orate
2520 468 2577 513 ut
2639 459 2760 513 sim.
2827 457 2915 512 Sic
2972 458 3112 511 enim
3168 466 3345 509 vectra
3400 455 3501 508 erit
3530 464 3583 508 et

352 566 513 619 tionis
543 565 741 617 excitat
780 566 831 618 in
857 562 1008 616 nobis
1038 561 1290 629 pietatem
1332 557 1515 624 sopita:
1545 554 1915 624 compunctiu-

350 656 434 710 nis
457 672 471 719 ;
494 655 626 708 adeo
649 664 704 708 ut
730 655 879 723 quasi
906 661 1082 705 mente
1109 649 1431 721 prosiliendo
1450 648 1910 716 ‘congaudeamns,

347 740 712 817 ea'diligendo
740 740 789 799 in
819 755 893 803 te,
922 742 1005 795 vel
1035 741 1213 809 potius
1244 740 1295 793 in
1323 739 1401 793 eis
1436 747 1485 791 te
1516 754 1529 801 ;
1556 749 1715 803 super
1739 749 1801 787 ea
1820 734 1912 794 "7,

348 852 404 898 et
432 857 528 911 per
556 855 617 893 ea
646 838 811 891 Deum
837 842 891 887 et
921 842 994 886 te.
1036 831 1310 886 lntereede
1346 828 1527 898 igitur,
1573 826 1695 893 quia
1749 824 1915 876 inter-

349 932 544 985 cedere
562 936 733 997 potes,
757 937 854 993 pro
878 921 1031 975 nobis
1053 917 1503 974 intercedentibus
1530 927 1624 981 pro
1643 921 1693 964 te
1711 919 1770 963 ut
1790 923 1917 977 pos-

348 1034 535 1076 sumus
562 1033 581 1081 ;
608 1024 661 1070 et
695 1014 850 1068 mitte
900 1011 1021 1073 alia,
1065 1011 1110 1065 si
1151 1024 1256 1079 qua
1306 1007 1524 1064 habeas,
1551 1017 1581 1055 a
1612 1009 1664 1054 te
1693 1000 1915 1067 scripta,

346 1108 467 1178 qna:
495 1121 602 1161 non
648 1104 964 1165 habeamus,
996 1110 1154 1155 notus
1187 1108 1239 1153 et
1270 1104 1489 1167 rogatus
1518 1094 1570 1145 in
1602 1090 1913 1151 dilectione,

349 1212 469 1266 qua:
498 1194 751 1250 continua
787 1201 868 1247 est
905 1189 1059 1245 nobis
1105 1187 1408 1255 utrobique.
1457 1182 1726 1277 litigamus
1755 1177 1918 1232 etiam

272 1356 275 1359 δ
347 1290 401 1342 in
434 1302 661 1357 corpore
704 1288 821 1353 ipso
850 1277 1280 1350 congregationis
1312 1269 1573 1329 unitatem
1620 1269 1916 1331 societatis,

346 1385 403 1430 et
447 1385 499 1430 te
539 1389 637 1444 pro
687 1372 842 1426 nobis
886 1371 939 1423 in
984 1383 1049 1423 eo
1099 1365 1246 1436 fungi
1295 1363 1562 1434 legatione
1612 1360 1920 1424 mittimus;

347 1464 474 1534 quia
526 1462 831 1518 redundans
875 1469 930 1514 tu
981 1457 1245 1513 charitate
1298 1453 1525 1508 fideliter
1565 1450 1767 1522 poteris
1818 1449 1921 1504 hoc

345 1567 563 1627 rogare,
589 1560 645 1607 et
688 1559 871 1620 regata
914 1549 1030 1618 ipse
1078 1547 1227 1601 dare.
1279 1542 1459 1597 Parati
1505 1542 1670 1597 etiam
1723 1549 1922 1594 nostrzc

349 1641 655 1697 dilectionis
683 1641 815 1695 dare
869 1639 1084 1708 pignus,
1142 1636 1333 1705 pignus
1383 1632 1645 1702 exigimus
1672 1645 1702 1683 a
1729 1630 1920 1684 vobis:

348 1749 446 1789 vos
467 1733 647 1804 eligite
672 1731 815 1802 quod
863 1741 1167 1798 possumus,
1213 1731 1241 1779 a
1286 1725 1479 1788 nobis;
1532 1737 1631 1776 nos
1674 1720 1921 1791 eligimus

2020 568 2143 629 vera
2171 553 2236 605 de
2260 568 2345 616 nte
2368 552 2670 614 mstimatio,
2700 560 2752 605 ct
2777 566 2894 603 vera
2946 564 3069 619 erga
3124 563 3209 601 me
3265 545 3501 608 dilectio,
3530 557 3585 600 et

2016 658 2206 697 secura
2233 642 2360 695 mihi
2393 643 2457 695 de
2488 652 2663 695 vestro
2688 656 2871 694 amore
2912 639 3224 695 exsultatio.
3282 637 3429 705 Rogo
3456 637 3584 690 fita-

2016 751 2140 802 qur,
2171 743 2367 802 quanta
2398 747 2611 801 possunt
2664 731 2981 791 humilitate,
3015 728 3363 783 reverendam
3409 734 3583 794 pater-

2019 824 2239 875 n'tatem
2263 832 2516 884 vestram,
2545 822 2685 891 agite
2708 823 2907 875 sanctis
2934 821 3127 873 vestris
3150 818 3418 887 precibus,
3444 832 3581 886 qua-

2023 918 2177 962 tenus
2206 921 2257 963 et
2287 914 2428 978 quod
2467 927 2566 981 ego
2593 912 2769 964 adhuc
2829 908 2986 961 noxie
3014 900 3153 969 sitm,
3193 922 3221 959 a
3268 924 3351 960 me
3374 908 3585 960 aufera-

2024 1008 2130 1060 tnr,
2159 1000 2371 1065 etquod
2402 1001 2631 1052 nondum
2658 1000 2860 1052 utiliter
2889 1012 3029 1061 stnn,
3088 998 3219 1049 mihi
3270 998 3534 1051 tribuatur
3566 1038 3580 1058 ,

2021 1095 2076 1139 et
2127 1086 2300 1148 vobis,
2359 1087 2498 1152 quod
2557 1076 2974 1141 misericorditer
3038 1085 3291 1153 indigenti
3338 1088 3584 1155 proximo
3654 1134 3657 1137 γ

2024 1177 2337 1245 impenditis
2365 1177 2457 1238 Ψ,
2494 1178 2841 1230 retribuatur.
2876 1178 3097 1233 Nostras
3122 1192 3255 1232 vero
3295 1194 3391 1247 pro
3433 1178 3583 1233 vobis

2021 1268 2315 1331 orationes,
2370 1266 2493 1335 quia
2542 1266 2771 1334 perviles
2824 1276 2968 1328 sunt,
3033 1268 3340 1321 reverenda:
3393 1276 3587 1322 vestras

2020 1359 2341 1414 beatitudini
2380 1359 2694 1427 promittere
2748 1371 2853 1410 non
2902 1354 3109 1420 audeo;
3158 1360 3249 1411 sed
3293 1374 3405 1422 eas,
3459 1360 3584 1427 quia

2021 1464 2240 1520 poscere
2290 1448 2608 1519 dignamini,
2669 1462 2865 1514 negare
2914 1462 3018 1501 non
3080 1446 3265 1499 debeo.
3318 1446 3494 1512 Quare
3539 1446 3585 1502 si

2022 1540 2221 1610 aliquid
2253 1539 2333 1594 vel
2371 1549 2515 1604 sant,
2546 1537 2628 1593 vel
2653 1538 2846 1593 vestris
2894 1535 3315 1605 suifragantibus
3381 1535 3589 1591 meritis

2023 1629 2216 1683 futura:
2244 1637 2369 1683 sunt
2402 1670 2416 1693 ,
2466 1629 2519 1682 in
2566 1642 2693 1691 vera
2731 1627 2997 1681 charitate
3028 1625 3097 1657 ²⁷³
3122 1633 3317 1681 vestrae
3366 1626 3494 1689 sint,
3534 1633 3590 1678 et

2025 1734 2355 1787 sanctorum,
2391 1723 2479 1790 qui
2501 1722 2811 1775 monasterii
2836 1720 2986 1775 vobis
3035 1720 3291 1775 divinitus
3316 1702 3587 1774 εοιιιιιιίδέἱ

351 1823 426 1854 ’⁸⁸
459 1799 729 1891 Epistolas
768 1818 918 1872 Pauli
948 1832 978 1870 a
1011 1816 1183 1869 vobis.
1236 1813 1419 1882 Neque
1458 1811 1839 1883 praetendimus
1868 1809 1918 1862 in

2036 1818 2104 1871 vel
2132 1828 2275 1881 sunt,
2316 1816 2400 1868 vel
2431 1815 2594 1867 futuri
2649 1823 2790 1867 sunt.
2827 1815 2891 1867 Et
2919 1814 3163 1887 quamvis
3215 1821 3308 1866 aut
3361 1812 3586 1887 nimium

349 1925 417 1966 eo
445 1910 596 1965 dolos
616 1909 771 1979 quasi
814 1906 973 1977 primi
1021 1905 1194 1975 parati
1228 1905 1492 1973 accipere,
1526 1912 1712 1957 etnon
1758 1900 1918 1968 primi

347 2000 523 2071 parati
562 1999 713 2065 dare,
755 1997 895 2069 quod
926 1994 1342 2051 remotissimum
1369 2002 1455 2048 est
1498 2008 1531 2047 a
1581 1998 1921 2047 sacramento

348 2089 679 2165 dilectionis,
708 2103 827 2157 qua:
852 2087 993 2142 Deus
1018 2095 1120 2140 est.
1146 2085 1344 2141 Verum
1371 2083 1625 2137 ardentes
1656 2080 1922 2135 charitate

348 2194 456 2235 non
486 2179 845 2250 prmvidemus
881 2175 1363 2248 quomodoeunque
1412 2173 1762 2243 postulemus,
1809 2186 1922 2225 0m-

348 2269 511 2325 nlbus
554 2275 757 2322 sancta:
805 2267 961 2335 hujus
1007 2263 1357 2335 professionis
1394 2260 1567 2333 parati
1609 2273 1706 2316 n‘os
1736 2269 1790 2315 et
1828 2274 1921 2314 no-

348 2366 466 2413 atra
496 2357 777 2413 commode
804 2356 969 2426 petita
1003 2370 1108 2421 non
1133 2369 1351 2425 negare.
1382 2352 1446 2407 lli
1475 2353 1638 2425 igitur
1666 2354 1772 2407 duo
1810 2351 1920 2405 fra-

349 2457 465 2502 tres
489 2448 563 2502 tui
603 2447 868 2507 desiderio
899 2447 1111 2502 accensi
1140 2453 1191 2500 te
1211 2444 1556 2515 epitulantem
1587 2442 1656 2475 ’⁸⁸
1688 2443 1923 2497 habeant

349 2534 408 2593 in
432 2539 701 2605 omnibus,
733 2539 859 2609 quia
889 2539 955 2594 de
987 2548 1037 2592 te
1062 2538 1260 2606 pendet
1296 2535 1544 2591 voluntas
1594 2534 1834 2588 omnium
1867 2532 1919 2585 in

351 2629 621 2686 munibus.

821 2719 1148 2775 EPISTULA
1182 2718 1316 2773 LXII
1344 2720 1435 2771 "’°.

942 2825 1005 2862 AD
1038 2822 1341 2862 υυιιΑΝῡωι.

801 2899 1088 2967 Respondet
1137 2899 1465 2967 praecedenti.

430 2990 661 3047 Domino
691 2997 743 3042 et
782 2987 928 3041 Patri
984 2986 1178 3040 merito
1217 2986 1538 3050 sanctitatis,
1581 3000 1701 3039 cum
1742 2999 1926 3039 antore
1956 2996 1983 3017 ο

354 3082 670 3142 reverenda,
720 3094 839 3134 cum
891 3079 1187 3133 reverentia
1231 3078 1480 3141 amando,
1530 3077 1784 3130 DURANDO
1829 3076 1925 3128 ab-

354 3173 465 3227 bati
518 3170 749 3225 coenobii
824 3169 965 3238 quod
1013 3169 1207 3223 dicitur
1245 3156 1503 3223 Casa-Dei
1535 3166 1703 3221 frater
1721 3166 1924 3219 ANSIL-
1952 3142 1994 3200 (ἶ

353 3277 460 3317 Ilus
512 3261 818 3326 Beccensis,
889 3261 995 3313 vita
1053 3268 1323 3329 peccator,
1368 3259 1551 3313 habitu
1600 3258 1921 3312 monachus:

354 3350 437 3404 sic
464 3352 515 3403 in
546 3350 648 3403 hac
678 3350 783 3402 vita
813 3363 1160 3417 perseverare
1198 3349 1250 3401 in
1286 3346 1587 3417 proficienti
1617 3346 1923 3410 sanctitate,

357 3448 419 3492 ut
458 3440 509 3491 in
548 3437 723 3493 futura
755 3440 984 3508 gaudeat
1025 3440 1075 3491 in
1108 3438 1387 3492 sufficienti
1421 3437 1690 3491 felicitate.

432 3530 636 3584 Vestra:
668 3530 1010 3597 paternitatis
1052 3529 1275 3596 cpistola
1339 3540 1610 3596 percepta,
1674 3543 1925 3597 magnum

357 3634 419 3675 se
447 3621 594 3675 cordi
640 3635 759 3674 meo
817 3620 1066 3690 gaudium
1130 3618 1361 3673 infudit:
1393 3619 1489 3673 sed
1526 3620 1634 3671 vita
1684 3635 1801 3672 mea
1841 3633 1924 3670 re-

356 3721 564 3781 speCta,
603 3728 707 3765 non
736 3712 907 3766 solum
950 3710 1088 3765 idem
1113 3725 1171 3765 se
1193 3698 1439 3780 gaudium
1492 3710 1605 3764 fere
1660 3717 1827 3762 totum
1859 3710 1925 3763 de

357 3803 523 3859 corde
580 3818 700 3856 meo
749 3801 990 3865 refudit;
1037 3800 1129 3855 sed
1192 3802 1408 3868 insuper
1473 3801 1665 3870 dignus
1727 3814 1926 3853 nimror

358 3905 594 3952 tuentem
630 3910 801 3948 meam
852 3894 1085 3962 graviter
1141 3892 1394 3962 perfudit.
1442 3890 1574 3944 Nam
1604 3902 1669 3944 ex
1699 3905 1763 3945 eo
1784 3889 1926 3959 quod

359 3996 596 4038 vestram
627 3983 967 4035 sanctitatem
1000 3998 1083 4035 me
1111 3982 1352 4051 ignotum
1381 3980 1761 4033 homunculum
1793 3985 1927 4034 adeo

358 4073 611 4129 dilexisse
654 4072 904 4141 cognovi,
951 4080 1010 4123 ut
1054 4086 1139 4123 me
1180 4071 1293 4122 suis
1346 4069 1539 4122 litteris
1579 4070 1643 4122 de
1675 4080 1779 4121 tam
1814 4070 1926 4122 Ion-

358 4164 557 4237 ginquo
597 4163 815 4217 visitare
843 4173 896 4237 et
917 4161 1149 4217 salutare
1202 4162 1535 4230 dignaretur,
1585 4175 1689 4213 non
1739 4160 1925 4215 imme-

358 4254 463 4308 rito
492 4236 591 4306 sibi
620 4253 729 4305 visa
758 4263 840 4306 est
870 4236 993 4323 inea
1019 4250 1213 4305 debere
1239 4250 1510 4304 exsultare
1532 4252 1593 4281 ⁸⁷³
1626 4248 1921 4303 lniinllitas.

360 4344 491 4407 Sed,
518 4359 639 4398 cum
664 4343 946 4397 considero
987 4357 1071 4396 me
1111 4356 1445 4411 nequaquam
1490 4355 1518 4393 a
1566 4340 1717 4393 vobis
1756 4339 1921 4408 diligi,

2020 1910 2170 1977 quiil,
2198 1916 2292 1962 aut
2342 1906 2472 1959 nihil
2514 1906 2584 1959 sit
2615 1907 2755 1974 quod
2786 1907 2934 1960 vobis
2957 1922 3020 1960 ex
3052 1922 3135 1959 me
3177 1905 3413 1960 concedo
3440 1944 3456 1971 ,
3486 1903 3585 1957 ali-

2020 2001 2151 2070 quid
2202 2008 2379 2052 tamen
2420 2011 2670 2066 magnum
2700 2012 2727 2048 a
2760 1996 2911 2067 vobis
2953 1997 3237 2064 deposcere
3268 1994 3426 2065 335
3452 2010 3590 2063 υνδε-
3666 2036 3667 2039 η

2021 2086 2520 2146 sumo.Prosternit
2555 2088 2733 2155 itaque
2756 2102 2812 2140 se
2856 2100 3005 2139 mens
3055 2102 3167 2139 mea
3217 2100 3398 2139 coram
3440 2093 3591 2139 reve-

2023 2179 2394 2233 rend'a'vestra
2436 2176 2786 2245 paterizitate,
2817 2184 2870 2227 et
2908 2187 3089 2227 coram
3135 2172 3382 2227 onmibus
3402 2182 3593 2228 vestra:

2020 2278 2222 2324 sanctae
2272 2265 2706 2337 congregationis
2759 2263 3033 2326 fratribus,
3089 2262 3276 2317 humili
3327 2262 3596 2331 supplica-

2023 2363 2166 2415 tione
2196 2374 2415 2428 rogans,
2462 2366 2732 2427 quatenus
2758 2372 2842 2409 me
2870 2370 3083 2410 servum
3116 2363 3373 2417 vestrum,
3430 2352 3592 2407 vestri

2023 2451 2334 2505 monasterii
2385 2449 2625 2512 fratrem,
2656 2446 2801 2500 velut
2842 2460 3005 2499 unmn
3029 2460 3093 2499 ex
3125 2444 3273 2498 vobis
3306 2444 3356 2497 in
3395 2456 3592 2510 perpe-

2025 2548 2174 2592 tuum
2236 2537 2592 2599 concedatis,
2645 2546 2701 2588 et
2754 2548 2948 2587 nomen
2996 2548 3171 2585 meum
3223 2533 3470 2585 ultimum
3501 2531 3592 2585 uhi

2023 2638 2205 2684 vestra
2252 2628 2451 2697 scripta
2498 2635 2623 2680 sunt
2679 2624 2893 2679 nomina
2943 2621 3209 2676 subscribi
3263 2620 3486 2675 faciatis.
3517 2619 3593 2675 Ea

2026 2736 2174 2785 vero,
2236 2706 2355 2789 qua:
2412 2718 2604 2772 vestris
2660 2716 2927 2771 mandatis
2986 2714 3375 2783 rcspondentnr
3395 2720 3448 2766 et
3478 2727 3598 2780 qua:

2027 2813 2373 2875 mandantur,
2410 2809 2690 2865 reverendi
2739 2808 2942 2862 domini
2970 2816 3026 2861 et
3054 2807 3250 2860 fratres
3299 2805 3469 2859 nostri
3501 2804 3595 2859 lilii

2025 2901 2190 2959 vestri
2218 2902 2309 2969 qui
2358 2900 2425 2953 ad
2458 2915 2553 2953 nos
2576 2906 2859 2962 venerunt,
2913 2895 3104 2950 melius
3141 2895 3406 2959 loquendo
3433 2908 3594 2964 quam
3650 2936 3666 2947 .

2029 3010 2126 3049 nos
2154 2992 2445 3047 scribendo
2488 2992 2806 3046 narrabant.
2852 2988 3201 3057 Omnipotens
3224 2987 3363 3041 Deus
3385 2987 3466 3041 sic
3499 2987 3623 3040 vos

2030 3084 2119 3135 det
2143 3081 2449 3157 conversari
2502 3081 2555 3133 in
2594 3078 2857 3133 Casa-Dei
2889 3078 2939 3130 in
2973 3078 3075 3131 hoc
3116 3076 3331 3138 stimulo,
3365 3083 3422 3128 ut
3456 3075 3597 3128 inter

2026 3174 2208 3227 beatos
2224 3173 2322 3241 qui
2364 3170 2608 3227 habitant
2645 3172 2694 3224 in
2736 3170 2893 3224 domo
2928 3170 3016 3222 Dei
3049 3170 3098 3222 in
3133 3168 3324 3223 sarcula
3375 3164 3596 3224 Sicci-Jo-

2027 3280 2144 3316 rum
2201 3264 2427 3335 laudetis
2484 3263 2676 3323 Deum,
2723 3262 2939 3317 domine
2990 3261 3170 3324 Pater,
3216 3271 3271 3313 ct
3318 3259 3519 3315 domini
3543 3259 3593 3313 in
3668 3242 3671 3245 ἱ

2027 3355 2238 3421 Christo
2267 3354 2477 3409 fratres.
2517 3356 2708 3407 Amen.

2137 3444 2146 3449 ’
2499 3445 2828 3502 ΕΡΙΒΤΟΙΑ
2873 3443 3029 3499 LXIII
3057 3444 3145 3496 ⁸⁷⁸.

2576 3553 2644 3590 an
2683 3539 3049 3590 itsrntscuu.

2241 3624 2315 3703 Ut,
2341 3618 2596 3678 examinet
2632 3627 2825 3677 editum
2854 3606 2886 3675 rt
2929 3639 2983 3677 se
3016 3622 3387 3692 Monologium.

2099 3715 2324 3792 Domino
2369 3730 2579 3778 servus,
2614 3712 2757 3767 Patri
2806 3714 2965 3778 ﬁlius,
2999 3715 3291 3787 reverenda
3336 3712 3599 3783 archiepi-

2027 3821 2188 3875 scopo
2211 3806 2522 3860 I..\xruasco
2548 3808 2715 3859 frater
2750 3806 3047 3858 ANSELIIUS.

2098 3895 2214 3965 (I9)
2234 3895 2701 3964 Opusculumillnd
2731 3900 2870 3965 quod
2888 3909 3125 3967 paternm
3151 3903 3339 3950 vestrm
3357 3908 3600 3949 censum:
3660 3942 3663 3943 ν
3752 3924 3775 3959 (ν

2030 3986 2172 4050 misi,
2206 3987 2457 4040 libentius
2492 3988 2822 4055 ipsemet,‘si
2869 3998 3227 4058 opportunum
3270 3987 3478 4050 fuisset,
3503 3986 3599 4042 eo;

2030 4090 2142 4127 ram
2172 4076 2284 4143 ipsa
2313 4076 2729 4129 examinandum
2744 4074 2812 4108 ³⁷³
2834 4078 3100 4148 legissem.
3128 4077 3278 4151 Quod
3308 4076 3431 4145 quia
3462 4089 3600 4127 nunc

2027 4177 2146 4217 esse
2181 4179 2283 4217 non
2327 4164 2524 4231 petest,
2573 4165 2759 4219 vellem
2816 4167 3039 4219 mnltmn
3082 4166 3289 4235 pxecar‘i
3336 4173 3602 4233 qnatenus

2027 4249 2197 4305 dulcis
2225 4250 2354 4305 mihi
2396 4260 2616 4320 paterna
2657 4263 2835 4307 vestra
2883 4254 3163 4321 prudentia
3192 4254 3321 4307 ιΙΙιιιΙ
3366 4269 3470 4307 non
3507 4253 3601 4308 de-

2028 4340 2344 4409 dignaretur
2379 4341 2461 4395 vel
2497 4327 2735 4410 qnolibet
2773 4343 2879 4396 alio
2905 4344 3111 4414 legente
3138 4334 3341 4408 audire,
3369 4351 3424 4398 et
3456 4341 3598 4411 quod

357 4437 461 4491 nisi
483 4436 607 4505 quia
633 4434 951 4490 existimatis
973 4450 1063 4512 me.
1084 4434 1283 4501 aliquid
1315 4447 1455 4492 esse,
1495 4448 1617 4487 cum
1645 4430 1774 4483 nihil
1801 4431 1923 4496 sint,
1960 4458 2003 4514 ι)
2031 4444 2096 4481 ex
2123 4443 2188 4481 eo
2217 4429 2330 4482 fieri
2352 4429 2571 4484 deberet
2598 4433 3022 4501 pra-cipere,nisi
3049 4432 3293 4487 timerem
3316 4432 3600 4489 indiscrete

358 4526 601 4594 intelligo
627 4525 751 4595 quia
781 4540 885 4577 non
936 4522 1154 4592 diligitis
1194 4524 1351 4577 vilem
1384 4531 1436 4576 et
1459 4520 1922 4587 contemptibilem

354 4630 539 4671 ceram
566 4614 673 4670 Deo
695 4624 749 4669 et
780 4614 1081 4667 hominibus
1111 4627 1393 4681 personam
1440 4610 1601 4678 (quod
1634 4624 1732 4678 ego
1762 4608 1921 4679 smn),

358 4707 452 4762 sed
478 4716 754 4759 strenuum
786 4712 839 4757 et
880 4702 1105 4767 alicujus
1154 4703 1366 4754 virtutis
1407 4701 1601 4765 virum,
1636 4700 1777 4767 quod
1827 4714 1926 4766 ego

306 4822 307 4825 η
360 4798 545 4866 utique
572 4812 675 4850 non
707 4810 845 4849 sum.
885 4793 1222 4859 QuaprOpter
1265 4790 1460 4844 timens
1513 4806 1617 4843 non
1663 4803 1832 4843 sotum
1861 4805 1924 4840 ne

359 4887 491 4941 tnihi
524 4888 767 4941 nihilant
796 4901 984 4954 parum
1013 4882 1183 4952 prosit
1208 4892 1386 4935 vester
1434 4897 1607 4944 amor,
1652 4880 1776 4949 quia
1818 4896 1923 4934 non

360 4989 479 5029 sum
503 4976 643 5038 quod
681 4974 917 5041 diligitis,
973 4975 1067 5027 sed
1099 4989 1165 5026 ne
1191 4964 1325 5025 mihi
1362 4971 1585 5024 nimium
1608 4970 1749 5024 obsrt
1777 4984 1926 5024 meus

362 5077 533 5134 tepor,
562 5081 718 5134 quem
748 5064 799 5117 in
834 5080 916 5119 me
947 5080 1055 5117 non
1086 5063 1410 5133 cognoscitis
1440 5079 1455 5127 ;
1506 5075 1719 5131 precor,
1766 5062 1923 5116 obse-

360 5166 530 5210 cront
579 5172 663 5209 me
712 5155 910 5222 putetis
956 5162 1049 5207 aut
1094 5153 1308 5216 ametis,
1366 5153 1521 5221 quasi
1564 5151 1679 5222 jam
1703 5152 1928 5219 alicujus

362 5247 654 5317 spiritualis
684 5255 971 5315 provectus
1007 5246 1107 5300 sim
1139 5262 1154 5309 ;
1190 5245 1285 5299 sed
1314 5244 1380 5298 ad
1434 5244 1536 5298 hoc
1579 5258 1664 5297 me
1692 5243 1919 5311 diligite,

2031 4519 2286 4574 molestus
2309 4535 2427 4575 esse
2453 4522 2696 4591 dignitati
2727 4534 2942 4589 vestrae,
2968 4539 3126 4593 quam
3165 4523 3348 4578 multis
3375 4522 3603 4592 magnis-

2029 4625 2133 4678 que
2168 4625 2348 4664 rermn
2401 4612 2668 4680 majorum
2709 4615 3194 4669 consultationibus
3240 4614 3603 4667 indesinenter

2026 4686 2356 4767 oceupatam‘
2378 4714 2483 4753 non
2512 4700 2717 4754 dubito.
2761 4702 3119 4770 Quapmpter,
3165 4703 3417 4769 quoniam
3466 4700 3597 4754 nihil

2027 4790 2105 4843 sic
2138 4790 2268 4843 tnihi
2314 4780 2435 4844 volo
2464 4792 2696 4859 placere,
2730 4802 2786 4844 nt
2831 4793 2980 4846 vobis
3008 4792 3306 4861 displiceat,
3340 4794 3481 4845 sicut
3511 4788 3600 4843 ao-

2029 4878 2130 4934 lius
2160 4889 2245 4933 est
2283 4890 2471 4935 vestra:
2523 4882 2864 4950 experientia:
2908 4882 3171 4951 judicare,
3199 4894 3457 4950 quantum
3507 4896 3600 4933 vos

2033 4970 2115 5024 his
2142 4969 2245 5023 hoc
2279 4970 2419 5037 quod
2450 4985 2536 5023 me
2564 4971 2787 5024 inultum
2825 4972 2959 5025 velle
3000 4972 3263 5040 significo,
3294 4970 3491 5034 liceat;
3525 4970 3595 5023 ita

2032 5062 2104 5115 sit
2140 5061 2301 5115 vestri
2331 5061 2537 5115 arbitrii
2568 5062 2767 5132 eligere
2792 5073 2968 5117 utrum
3006 5064 3155 5117 vobis
3186 5062 3235 5115 id
3275 5062 3458 5116 libeat.
3490 5062 3599 5115 lloe

2038 5162 2212 5208 tamen
2259 5154 2422 5207 etiam
2461 5170 2581 5208 cum
2630 5156 3033 5223 importunitate
3072 5172 3101 5207 a
3151 5163 3324 5207 vestra
3365 5152 3599 5205 auctori--

2034 5254 2142 5298 tate
2180 5245 2563 5300 non'dcsinam
2593 5247 2825 5315 exigere,
2855 5255 3116 5313 quatenus
3152 5246 3214 5297 de
3240 5244 3425 5296 eodem
3461 5256 3595 5309 Opu-

1620 5332 1860 5386 -νΑῐζΙΔΕ
1899 5328 2299 5388 LECTIONES.
2377 5358 2381 5361 ·
2440 5340 2447 5347 ’

432 5406 498 5436 ³⁸⁷
530 5406 755 5472 Semper
780 5420 843 5459 ea
873 5422 970 5459 ms.
994 5419 1155 5474 super
1182 5418 1243 5459 ea
1295 5404 1388 5474 ξδ’
1409 5402 1639 5472 Eligite..
1664 5403 1913 5474 eligimus
1935 5419 2031 5455 ms.
2058 5407 2243 5456 rectius
2266 5405 2508 5473 exigite”
2538 5407 2803 5474 exigimus
2876 5406 2943 5435 ’⁸⁸
2972 5404 3277 5473 Opitnlante
3304 5412 3593 5474 ms.opitn—

363 5474 557 5527 Iantem
630 5477 696 5506 "°
725 5474 855 5528 Cum
888 5472 1185 5527 codcm'ms.
1222 5473 1413 5529 collata
1460 5473 1554 5543 ί²⁷¹
1586 5472 1839 5525 Exnltare
1869 5487 1964 5525 ms.
1994 5473 2232 5543 exaltare
2314 5472 2389 5504 ³⁷³
2431 5472 2791 5543 [inpendentis
2812 5492 2906 5527 ms.
2936 5472 3239 5539 impenditis

3314 5474 3382 5503 ’⁷³
3407 5473 3459 5524 In
3486 5471 3589 5524 vita

363 5544 623 5599 charitatc
643 5560 739 5597 ms.
776 5546 828 5599 in
857 5559 976 5597 vera
1003 5545 1264 5598 charitatc
1336 5545 1405 5576 ’⁷⁵
1430 5542 1561 5597 Cum
1584 5543 1763 5596 eodem
1795 5558 1891 5593 ms.
1938 5542 2129 5594 collata
2204 5544 2272 5573 ’⁷⁸
2323 5542 2684 5597 Examinanda
2714 5563 2807 5599 ms.
2840 5542 3252 5595 t‘\.‘lttll:t:tlltItl3lt

1572 5632 1851 5691 JOANNIS
1883 5631 2148 5688 PICARDI
2179 5635 2403 5691 NOT/E.

434 5703 550 5774 (10)
592 5704 715 5759 Vide
740 5716 889 5775 eptst.
920 5706 1008 5772 Ἠ,
1041 5705 1199 5775 infra.
