  <div class='ocr_page' id='page_1' title='image "/cluster/home/n/w/nwhite01/storage/ocr_20150623/158/uva.x000829800/569.png"; bbox 0 0 4214 6230; ppageno 0'>
   <div class='ocr_carea' id='block_1_1' title="bbox 611 257 748 311">
    <p class='ocr_par' dir='ltr' id='par_1_1' title="bbox 611 257 748 311">
     <span class='ocr_line' id='line_1_1' title="bbox 611 257 748 311; baseline 0.015 -1"><span class='ocrx_word' id='word_1_1' title='bbox 611 257 748 311; x_wconf 71' lang='grc'><strong>1135</strong></span> 
     </span>
    </p>
   </div>
   <div class='ocr_carea' id='block_1_2' title="bbox 1143 242 3282 306">
    <p class='ocr_par' dir='ltr' id='par_1_2' title="bbox 1143 242 3282 306">
     <span class='ocr_line' id='line_1_2' title="bbox 1143 242 3282 306; baseline -0.004 -1"><span class='ocrx_word' id='word_1_2' title='bbox 1143 253 1198 306; x_wconf 84' lang='grc'><strong>5.</strong></span> <span class='ocrx_word' id='word_1_3' title='bbox 1233 247 1525 303; x_wconf 79' lang='lat' dir='ltr'><strong>ANSELMI</strong></span> <span class='ocrx_word' id='word_1_4' title='bbox 1563 246 1912 302; x_wconf 73' lang='lat' dir='ltr'><strong>CANTUAB.</strong></span> <span class='ocrx_word' id='word_1_5' title='bbox 1951 243 2270 300; x_wconf 78' lang='lat' dir='ltr'><strong>ARClllEP.</strong></span> <span class='ocrx_word' id='word_1_6' title='bbox 2309 242 2458 299; x_wconf 80' lang='lat' dir='ltr'><strong>OPP.</strong></span> <span class='ocrx_word' id='word_1_7' title='bbox 2492 242 2671 298; x_wconf 78' lang='lat' dir='ltr'><strong>PARS</strong></span> <span class='ocrx_word' id='word_1_8' title='bbox 2704 243 2790 299; x_wconf 90' lang='lat' dir='ltr'><strong>lll.</strong></span> <span class='ocrx_word' id='word_1_9' title='bbox 2819 245 3282 302; x_wconf 63' lang='lat' dir='ltr'><strong>~EPlSTOl./E.</strong></span> 
     </span>
    </p>
   </div>
   <div class='ocr_carea' id='block_1_3' title="bbox 3712 239 3922 310">
    <p class='ocr_par' dir='ltr' id='par_1_3' title="bbox 3712 239 3922 310">
     <span class='ocr_line' id='line_1_3' title="bbox 3712 239 3922 310; baseline 0.029 -6"><span class='ocrx_word' id='word_1_10' title='bbox 3712 252 3836 310; x_wconf 71' lang='lat' dir='ltr'><strong>H56</strong></span> <span class='ocrx_word' id='word_1_11' title='bbox 3913 239 3922 248; x_wconf 81' lang='grc'><em>’</em></span> 
     </span>
    </p>
   </div>
   <div class='ocr_carea' id='block_1_4' title="bbox 608 360 3839 440">
    <p class='ocr_par' dir='ltr' id='par_1_4' title="bbox 608 360 3839 440">
     <span class='ocr_line' id='line_1_4' title="bbox 608 360 3839 440; baseline -0 -12"><span class='ocrx_word' id='word_1_12' title='bbox 608 371 781 435; x_wconf 80' lang='lat' dir='ltr'><strong>sculo,</strong></span> <span class='ocrx_word' id='word_1_13' title='bbox 807 371 919 423; x_wconf 99' lang='lat' dir='ltr'><strong>sive</strong></span> <span class='ocrx_word' id='word_1_14' title='bbox 940 367 1138 428; x_wconf 85' lang='lat' dir='ltr'><strong>audito,</strong></span> <span class='ocrx_word' id='word_1_15' title='bbox 1163 365 1274 417; x_wconf 86' lang='lat' dir='ltr'><strong>sive</strong></span> <span class='ocrx_word' id='word_1_16' title='bbox 1299 363 1561 440; x_wconf 85' lang='lat' dir='ltr'><strong>inaudito,</strong></span> <span class='ocrx_word' id='word_1_17' title='bbox 1589 362 1678 430; x_wconf 96' lang='lat' dir='ltr'><strong>qui</strong></span> <span class='ocrx_word' id='word_1_18' title='bbox 1711 360 1825 414; x_wconf 86' lang='lat' dir='ltr'><strong>fieri</strong></span> <span class='ocrx_word' id='word_1_19' title='bbox 1850 361 2059 425; x_wconf 87' lang='lat' dir='ltr'><strong>debeat,</strong></span> <span class='ocrx_word' id='word_1_20' title='bbox 2089 375 2180 412; x_wconf 84' lang='lat' dir='ltr'><strong>ve-</strong></span> <span class='ocrx_word' id='word_1_21' title='bbox 2208 371 2252 428; x_wconf 77' lang='grc' dir='ltr'><strong>Λ</strong></span> <span class='ocrx_word' id='word_1_22' title='bbox 2282 360 2522 420; x_wconf 85' lang='lat' dir='ltr'><strong>obediat,</strong></span> <span class='ocrx_word' id='word_1_23' title='bbox 2553 360 2692 429; x_wconf 90' lang='lat' dir='ltr'><strong>quod</strong></span> <span class='ocrx_word' id='word_1_24' title='bbox 2739 371 2822 413; x_wconf 84' lang='lat' dir='ltr'><strong>est</strong></span> <span class='ocrx_word' id='word_1_25' title='bbox 2857 363 3222 415; x_wconf 89' lang='lat' dir='ltr'><strong>coronandmn</strong></span> <span class='ocrx_word' id='word_1_26' title='bbox 3257 380 3271 414; x_wconf 93' lang='lat'><strong>:</strong></span> <span class='ocrx_word' id='word_1_27' title='bbox 3309 364 3406 417; x_wconf 85' lang='lat' dir='ltr'><strong>hoc</strong></span> <span class='ocrx_word' id='word_1_28' title='bbox 3447 367 3714 435; x_wconf 67' lang='lat' dir='ltr'><strong>praecipit.</strong></span> <span class='ocrx_word' id='word_1_29' title='bbox 3747 374 3839 428; x_wconf 86' lang='lat' dir='ltr'><strong>boe</strong></span> 
     </span>
    </p>
   </div>
   <div class='ocr_carea' id='block_1_5' title="bbox 609 454 2174 518">
    <p class='ocr_par' dir='ltr' id='par_1_5' title="bbox 609 454 2174 518">
     <span class='ocr_line' id='line_1_5' title="bbox 609 454 2174 518; baseline -0.006 -1"><span class='ocrx_word' id='word_1_30' title='bbox 609 474 720 518; x_wconf 82' lang='lat' dir='ltr'><strong>stra</strong></span> <span class='ocrx_word' id='word_1_31' title='bbox 748 464 1000 516; x_wconf 91' lang='lat' dir='ltr'><strong>decernat</strong></span> <span class='ocrx_word' id='word_1_32' title='bbox 1025 457 1341 510; x_wconf 68' lang='lat' dir='ltr'><strong>auctoritas.</strong></span> <span class='ocrx_word' id='word_1_33' title='bbox 1368 457 1604 510; x_wconf 83' lang='lat' dir='ltr'><strong>&#39;l‘itulum</strong></span> <span class='ocrx_word' id='word_1_34' title='bbox 1656 467 1833 509; x_wconf 88' lang='lat' dir='ltr'><strong>autem</strong></span> <span class='ocrx_word' id='word_1_35' title='bbox 1861 455 2062 509; x_wconf 89' lang='lat' dir='ltr'><strong>nnllmn</strong></span> <span class='ocrx_word' id='word_1_36' title='bbox 2106 454 2174 508; x_wconf 87' lang='lat' dir='ltr'>illi</span> 
     </span>
    </p>
   </div>
   <div class='ocr_carea' id='block_1_6' title="bbox 608 548 2193 629">
    <p class='ocr_par' dir='ltr' id='par_1_6' title="bbox 608 548 2193 629">
     <span class='ocr_line' id='line_1_6' title="bbox 608 548 2193 629; baseline -0.004 -24"><span class='ocrx_word' id='word_1_37' title='bbox 608 551 869 623; x_wconf 75' lang='lat' dir='ltr'><strong>pnrposui</strong></span> <span class='ocrx_word' id='word_1_38' title='bbox 898 568 910 600; x_wconf 91' lang='lat'>:</span> <span class='ocrx_word' id='word_1_39' title='bbox 935 549 1130 616; x_wconf 90' lang='lat' dir='ltr'><strong>quippe</strong></span> <span class='ocrx_word' id='word_1_40' title='bbox 1160 550 1298 616; x_wconf 92' lang='lat' dir='ltr'><strong>quod</strong></span> <span class='ocrx_word' id='word_1_41' title='bbox 1330 565 1661 618; x_wconf 90' lang='lat' dir='ltr'><strong>nequaquam</strong></span> <span class='ocrx_word' id='word_1_42' title='bbox 1688 549 1816 602; x_wconf 87' lang='lat' dir='ltr'><strong>tanti</strong></span> <span class='ocrx_word' id='word_1_43' title='bbox 1847 548 2193 629; x_wconf 39' lang='lat' dir='ltr'><strong>existimavi,‘</strong></span> 
     </span>
    </p>
   </div>
   <div class='ocr_carea' id='block_1_7' title="bbox 605 637 2174 707">
    <p class='ocr_par' dir='ltr' id='par_1_7' title="bbox 605 637 2174 707">
     <span class='ocr_line' id='line_1_7' title="bbox 605 637 2174 707; baseline -0.001 -13"><span class='ocrx_word' id='word_1_44' title='bbox 605 650 665 695; x_wconf 85' lang='lat' dir='ltr'><strong>ut</strong></span> <span class='ocrx_word' id='word_1_45' title='bbox 692 638 819 693; x_wconf 89' lang='lat' dir='ltr'><strong>illud</strong></span> <span class='ocrx_word' id='word_1_46' title='bbox 848 653 946 690; x_wconf 86' lang='lat' dir='ltr'><strong>suo</strong></span> <span class='ocrx_word' id='word_1_47' title='bbox 984 637 1199 691; x_wconf 84' lang='lat' dir='ltr'><strong>nomine</strong></span> <span class='ocrx_word' id='word_1_48' title='bbox 1247 639 1515 705; x_wconf 76' lang='lat' dir='ltr'><strong>dignarer.</strong></span> <span class='ocrx_word' id='word_1_49' title='bbox 1569 638 1624 690; x_wconf 77' lang='lat' dir='ltr'><strong>Si</strong></span> <span class='ocrx_word' id='word_1_50' title='bbox 1672 639 1834 707; x_wconf 90' lang='lat' dir='ltr'><strong>igitur</strong></span> <span class='ocrx_word' id='word_1_51' title='bbox 1875 647 2056 691; x_wconf 80' lang='lat' dir='ltr'><strong>vestro</strong></span> <span class='ocrx_word' id='word_1_52' title='bbox 2087 653 2174 692; x_wconf 77' lang='lat' dir='ltr'><strong>se-</strong></span> 
     </span>
    </p>
   </div>
   <div class='ocr_carea' id='block_1_8' title="bbox 607 728 2174 796">
    <p class='ocr_par' dir='ltr' id='par_1_8' title="bbox 607 728 2174 796">
     <span class='ocr_line' id='line_1_8' title="bbox 607 728 2174 796; baseline -0.002 -11"><span class='ocrx_word' id='word_1_53' title='bbox 607 731 742 785; x_wconf 90' lang='lat' dir='ltr'><strong>derit</strong></span> <span class='ocrx_word' id='word_1_54' title='bbox 776 728 999 781; x_wconf 86' lang='lat' dir='ltr'><strong>arbitrio</strong></span> <span class='ocrx_word' id='word_1_55' title='bbox 1034 737 1087 781; x_wconf 94' lang='lat' dir='ltr'><strong>ut</strong></span> <span class='ocrx_word' id='word_1_56' title='bbox 1119 729 1259 795; x_wconf 91' lang='lat' dir='ltr'><strong>quod</strong></span> <span class='ocrx_word' id='word_1_57' title='bbox 1287 729 1477 796; x_wconf 86' lang='lat' dir='ltr'><strong>scripsi</strong></span> <span class='ocrx_word' id='word_1_58' title='bbox 1514 729 1853 796; x_wconf 88' lang='lat' dir='ltr'><strong>scripserim;</strong></span> <span class='ocrx_word' id='word_1_59' title='bbox 1883 743 1910 780; x_wconf 90' lang='lat' dir='ltr'><strong>a</strong></span> <span class='ocrx_word' id='word_1_60' title='bbox 1943 745 2048 796; x_wconf 92' lang='lat' dir='ltr'><strong>quo</strong></span> <span class='ocrx_word' id='word_1_61' title='bbox 2079 729 2174 782; x_wconf 83' lang='lat' dir='ltr'><strong>ba-</strong></span> 
     </span>
    </p>
   </div>
   <div class='ocr_carea' id='block_1_9' title="bbox 514 818 2176 888">
    <p class='ocr_par' dir='ltr' id='par_1_9' title="bbox 514 818 2176 888">
     <span class='ocr_line' id='line_1_9' title="bbox 514 818 2176 888; baseline -0.002 -13"><span class='ocrx_word' id='word_1_62' title='bbox 514 842 516 846; x_wconf 61' lang='grc' dir='ltr'><strong><em>τ</em></strong></span> <span class='ocrx_word' id='word_1_63' title='bbox 603 819 744 875; x_wconf 82' lang='lat' dir='ltr'><strong>bebit</strong></span> <span class='ocrx_word' id='word_1_64' title='bbox 775 818 1102 881; x_wconf 81' lang='lat' dir='ltr'><strong>ﬁrmitatem,</strong></span> <span class='ocrx_word' id='word_1_65' title='bbox 1130 819 1197 870; x_wconf 85' lang='lat' dir='ltr'><strong>ab</strong></span> <span class='ocrx_word' id='word_1_66' title='bbox 1223 833 1286 870; x_wconf 89' lang='lat' dir='ltr'><strong>eo</strong></span> <span class='ocrx_word' id='word_1_67' title='bbox 1314 819 1509 872; x_wconf 88' lang='lat' dir='ltr'><strong>habeat</strong></span> <span class='ocrx_word' id='word_1_68' title='bbox 1533 829 1587 872; x_wconf 89' lang='lat' dir='ltr'><strong>et</strong></span> <span class='ocrx_word' id='word_1_69' title='bbox 1615 833 1806 873; x_wconf 84' lang='lat' dir='ltr'><strong>nomen</strong></span> <span class='ocrx_word' id='word_1_70' title='bbox 1843 836 1855 870; x_wconf 92' lang='lat'><strong>:</strong></span> <span class='ocrx_word' id='word_1_71' title='bbox 1887 828 1940 871; x_wconf 90' lang='lat' dir='ltr'><strong>et</strong></span> <span class='ocrx_word' id='word_1_72' title='bbox 1960 835 2057 888; x_wconf 89' lang='lat' dir='ltr'><strong>per</strong></span> <span class='ocrx_word' id='word_1_73' title='bbox 2083 834 2176 872; x_wconf 86' lang='lat' dir='ltr'><strong>vos</strong></span> 
     </span>
    </p>
   </div>
   <div class='ocr_carea' id='block_1_10' title="bbox 603 907 2175 971">
    <p class='ocr_par' dir='ltr' id='par_1_10' title="bbox 603 907 2175 971">
     <span class='ocr_line' id='line_1_10' title="bbox 603 907 2175 971; baseline 0.001 -9"><span class='ocrx_word' id='word_1_74' title='bbox 603 909 761 962; x_wconf 83' lang='lat' dir='ltr'><strong>detur</strong></span> <span class='ocrx_word' id='word_1_75' title='bbox 789 923 946 962; x_wconf 88' lang='lat' dir='ltr'><strong>servo</strong></span> <span class='ocrx_word' id='word_1_76' title='bbox 992 919 1191 971; x_wconf 83' lang='lat' dir='ltr'><strong>vestro,</strong></span> <span class='ocrx_word' id='word_1_77' title='bbox 1223 907 1416 962; x_wconf 88' lang='lat' dir='ltr'><strong>dilecto</strong></span> <span class='ocrx_word' id='word_1_78' title='bbox 1461 908 1615 962; x_wconf 79' lang='lat' dir='ltr'><strong>fratri</strong></span> <span class='ocrx_word' id='word_1_79' title='bbox 1642 919 1708 962; x_wconf 83' lang='lat' dir='ltr'><strong>et</strong></span> <span class='ocrx_word' id='word_1_80' title='bbox 1741 924 2004 963; x_wconf 88' lang='lat' dir='ltr'><strong>conservo</strong></span> <span class='ocrx_word' id='word_1_81' title='bbox 2055 925 2175 963; x_wconf 90' lang='lat' dir='ltr'><strong>meo</strong></span> 
     </span>
    </p>
   </div>
   <div class='ocr_carea' id='block_1_11' title="bbox 603 997 2176 1068">
    <p class='ocr_par' dir='ltr' id='par_1_11' title="bbox 603 997 2176 1068">
     <span class='ocr_line' id='line_1_11' title="bbox 603 997 2176 1068; baseline -0.001 -15"><span class='ocrx_word' id='word_1_82' title='bbox 603 999 801 1053; x_wconf 88' lang='lat' dir='ltr'><strong>domno</strong></span> <span class='ocrx_word' id='word_1_83' title='bbox 848 997 1116 1060; x_wconf 77' lang='lat' dir='ltr'><strong>Mauritio,</strong></span> <span class='ocrx_word' id='word_1_84' title='bbox 1147 998 1236 1066; x_wconf 91' lang='lat' dir='ltr'><strong>qui</strong></span> <span class='ocrx_word' id='word_1_85' title='bbox 1280 1013 1415 1051; x_wconf 85' lang='lat' dir='ltr'><strong>unus</strong></span> <span class='ocrx_word' id='word_1_86' title='bbox 1446 1008 1526 1053; x_wconf 89' lang='lat' dir='ltr'><strong>est</strong></span> <span class='ocrx_word' id='word_1_87' title='bbox 1557 1013 1622 1052; x_wconf 84' lang='lat' dir='ltr'><strong>ex</strong></span> <span class='ocrx_word' id='word_1_88' title='bbox 1667 998 1770 1053; x_wconf 90' lang='lat' dir='ltr'><strong>illis</strong></span> <span class='ocrx_word' id='word_1_89' title='bbox 1805 1014 2032 1068; x_wconf 88' lang='lat' dir='ltr'><strong>quorum</strong></span> <span class='ocrx_word' id='word_1_90' title='bbox 2069 1014 2176 1052; x_wconf 89' lang='lat' dir='ltr'><strong>ma-</strong></span> 
     </span>
    </p>
   </div>
   <div class='ocr_carea' id='block_1_12' title="bbox 603 1090 2176 1145">
    <p class='ocr_par' dir='ltr' id='par_1_12' title="bbox 603 1090 2176 1145">
     <span class='ocr_line' id='line_1_12' title="bbox 603 1090 2176 1145; baseline -0.001 -1"><span class='ocrx_word' id='word_1_91' title='bbox 603 1090 752 1145; x_wconf 76' lang='lat' dir='ltr'><strong>xime</strong></span> <span class='ocrx_word' id='word_1_92' title='bbox 780 1090 978 1143; x_wconf 87' lang='lat' dir='ltr'><strong>factum</strong></span> <span class='ocrx_word' id='word_1_93' title='bbox 1021 1098 1097 1142; x_wconf 75' lang='lat' dir='ltr'><strong>est</strong></span> <span class='ocrx_word' id='word_1_94' title='bbox 1137 1091 1414 1142; x_wconf 80' lang='lat' dir='ltr'><strong>instantia.</strong></span> <span class='ocrx_word' id='word_1_95' title='bbox 1450 1092 1505 1143; x_wconf 81' lang='lat' dir='ltr'><strong>Si</strong></span> <span class='ocrx_word' id='word_1_96' title='bbox 1560 1099 1740 1144; x_wconf 90' lang='lat' dir='ltr'><strong>autem</strong></span> <span class='ocrx_word' id='word_1_97' title='bbox 1797 1091 1955 1142; x_wconf 86' lang='lat' dir='ltr'><strong>aliter</strong></span> <span class='ocrx_word' id='word_1_98' title='bbox 1998 1100 2176 1143; x_wconf 87' lang='lat' dir='ltr'><strong>vestro</strong></span> 
     </span>
    </p>
   </div>
   <div class='ocr_carea' id='block_1_13' title="bbox 601 1180 2175 1250">
    <p class='ocr_par' dir='ltr' id='par_1_13' title="bbox 601 1180 2175 1250">
     <span class='ocr_line' id='line_1_13' title="bbox 601 1180 2175 1250; baseline -0.001 -17"><span class='ocrx_word' id='word_1_99' title='bbox 601 1181 869 1250; x_wconf 83' lang='lat' dir='ltr'><strong>placuerit</strong></span> <span class='ocrx_word' id='word_1_100' title='bbox 919 1182 1172 1242; x_wconf 79' lang='lat' dir='ltr'><strong>examini,</strong></span> <span class='ocrx_word' id='word_1_101' title='bbox 1211 1181 1488 1248; x_wconf 67' lang='lat' dir='ltr'><strong>exemplar</strong></span> <span class='ocrx_word' id='word_1_102' title='bbox 1515 1181 1654 1250; x_wconf 91' lang='lat' dir='ltr'><strong>quod</strong></span> <span class='ocrx_word' id='word_1_103' title='bbox 1694 1180 1842 1232; x_wconf 86' lang='lat' dir='ltr'><strong>vobis</strong></span> <span class='ocrx_word' id='word_1_104' title='bbox 1874 1180 2046 1241; x_wconf 91' lang='lat' dir='ltr'><strong>mitto,</strong></span> <span class='ocrx_word' id='word_1_105' title='bbox 2077 1194 2175 1231; x_wconf 91' lang='lat' dir='ltr'><strong>nec</strong></span> 
     </span>
    </p>
   </div>
   <div class='ocr_carea' id='block_1_14' title="bbox 604 1267 2173 1337">
    <p class='ocr_par' dir='ltr' id='par_1_14' title="bbox 604 1267 2173 1337">
     <span class='ocr_line' id='line_1_14' title="bbox 604 1267 2173 1337; baseline -0.001 -14"><span class='ocrx_word' id='word_1_106' title='bbox 604 1269 734 1323; x_wconf 87' lang='lat' dir='ltr'><strong>mihi</strong></span> <span class='ocrx_word' id='word_1_107' title='bbox 786 1284 884 1322; x_wconf 87' lang='lat' dir='ltr'><strong>nec</strong></span> <span class='ocrx_word' id='word_1_108' title='bbox 932 1267 1155 1336; x_wconf 76' lang='lat' dir='ltr'><strong>pra-fato</strong></span> <span class='ocrx_word' id='word_1_109' title='bbox 1196 1269 1346 1325; x_wconf 90' lang='lat' dir='ltr'><strong>fratri</strong></span> <span class='ocrx_word' id='word_1_110' title='bbox 1391 1272 1668 1332; x_wconf 80' lang='lat' dir='ltr'><strong>reddatur;</strong></span> <span class='ocrx_word' id='word_1_111' title='bbox 1703 1269 1794 1321; x_wconf 86' lang='lat' dir='ltr'><strong>sed</strong></span> <span class='ocrx_word' id='word_1_112' title='bbox 1844 1268 2023 1337; x_wconf 87' lang='lat' dir='ltr'><strong>aliquo</strong></span> <span class='ocrx_word' id='word_1_113' title='bbox 2062 1268 2173 1322; x_wconf 85' lang='lat' dir='ltr'><strong>ele-</strong></span> 
     </span>
    </p>
   </div>
   <div class='ocr_carea' id='block_1_15' title="bbox 598 1356 2174 1423">
    <p class='ocr_par' dir='ltr' id='par_1_15' title="bbox 598 1356 2174 1423">
     <span class='ocr_line' id='line_1_15' title="bbox 598 1356 2174 1423; baseline -0.001 -10"><span class='ocrx_word' id='word_1_114' title='bbox 598 1368 782 1415; x_wconf 87' lang='lat' dir='ltr'><strong>mento</strong></span> <span class='ocrx_word' id='word_1_115' title='bbox 824 1367 917 1412; x_wconf 92' lang='lat' dir='ltr'><strong>aut</strong></span> <span class='ocrx_word' id='word_1_116' title='bbox 964 1357 1239 1423; x_wconf 88' lang='lat' dir='ltr'><strong>obrutum,</strong></span> <span class='ocrx_word' id='word_1_117' title='bbox 1268 1356 1364 1412; x_wconf 82' lang='lat' dir='ltr'><strong>aut</strong></span> <span class='ocrx_word' id='word_1_118' title='bbox 1412 1362 1732 1422; x_wconf 88' lang='lat' dir='ltr'><strong>demersum,</strong></span> <span class='ocrx_word' id='word_1_119' title='bbox 1785 1369 1878 1412; x_wconf 87' lang='lat' dir='ltr'><strong>aut</strong></span> <span class='ocrx_word' id='word_1_120' title='bbox 1923 1375 2174 1413; x_wconf 83' lang='lat' dir='ltr'><strong>consum-</strong></span> 
     </span>
    </p>
   </div>
   <div class='ocr_carea' id='block_1_16' title="bbox 598 1449 2170 1520">
    <p class='ocr_par' dir='ltr' id='par_1_16' title="bbox 598 1449 2170 1520">
     <span class='ocr_line' id='line_1_16' title="bbox 598 1449 2170 1520; baseline 0.001 -18"><span class='ocrx_word' id='word_1_121' title='bbox 598 1459 770 1520; x_wconf 88' lang='lat' dir='ltr'><strong>ptum,</strong></span> <span class='ocrx_word' id='word_1_122' title='bbox 803 1459 893 1503; x_wconf 79' lang='lat' dir='ltr'><strong>aut</strong></span> <span class='ocrx_word' id='word_1_123' title='bbox 921 1451 1219 1519; x_wconf 85' lang='lat' dir='ltr'><strong>dispersum</strong></span> <span class='ocrx_word' id='word_1_124' title='bbox 1244 1450 1309 1504; x_wconf 90' lang='lat' dir='ltr'><strong>de</strong></span> <span class='ocrx_word' id='word_1_125' title='bbox 1353 1451 1526 1503; x_wconf 88' lang='lat' dir='ltr'><strong>medio</strong></span> <span class='ocrx_word' id='word_1_126' title='bbox 1551 1450 1660 1502; x_wconf 84' lang='lat' dir='ltr'><strong>fiat.</strong></span> <span class='ocrx_word' id='word_1_127' title='bbox 1690 1449 1958 1517; x_wconf 80' lang='lat' dir='ltr'><strong>Quidquid</strong></span> <span class='ocrx_word' id='word_1_128' title='bbox 1990 1460 2170 1503; x_wconf 89' lang='lat' dir='ltr'><strong>autem</strong></span> 
     </span>
    </p>
   </div>
   <div class='ocr_carea' id='block_1_17' title="bbox 598 1537 2172 1607">
    <p class='ocr_par' dir='ltr' id='par_1_17' title="bbox 598 1537 2172 1607">
     <span class='ocr_line' id='line_1_17' title="bbox 598 1537 2172 1607; baseline -0.001 -14"><span class='ocrx_word' id='word_1_129' title='bbox 598 1541 725 1594; x_wconf 87' lang='lat' dir='ltr'><strong>inde</strong></span> <span class='ocrx_word' id='word_1_130' title='bbox 749 1549 930 1593; x_wconf 89' lang='lat' dir='ltr'><strong>vestro</strong></span> <span class='ocrx_word' id='word_1_131' title='bbox 978 1539 1242 1607; x_wconf 81' lang='lat' dir='ltr'><strong>placuerit</strong></span> <span class='ocrx_word' id='word_1_132' title='bbox 1283 1537 1505 1606; x_wconf 90' lang='lat' dir='ltr'><strong>judicio,</strong></span> <span class='ocrx_word' id='word_1_133' title='bbox 1533 1547 1590 1590; x_wconf 93' lang='lat' dir='ltr'><strong>ut</strong></span> <span class='ocrx_word' id='word_1_134' title='bbox 1621 1537 1750 1590; x_wconf 90' lang='lat' dir='ltr'><strong>mibi</strong></span> <span class='ocrx_word' id='word_1_135' title='bbox 1797 1538 1982 1606; x_wconf 91' lang='lat' dir='ltr'><strong>aliquo</strong></span> <span class='ocrx_word' id='word_1_136' title='bbox 2016 1539 2172 1591; x_wconf 87' lang='lat' dir='ltr'><strong>modo</strong></span> 
     </span>
    </p>
   </div>
   <div class='ocr_carea' id='block_1_18' title="bbox 597 1627 2173 1704">
    <p class='ocr_par' dir='ltr' id='par_1_18' title="bbox 597 1627 2173 1704">
     <span class='ocr_line' id='line_1_18' title="bbox 597 1627 2173 1704; baseline -0.002 -21"><span class='ocrx_word' id='word_1_137' title='bbox 597 1637 781 1704; x_wconf 84' lang='lat' dir='ltr'><strong>notum</strong></span> <span class='ocrx_word' id='word_1_138' title='bbox 819 1630 932 1682; x_wconf 81' lang='lat' dir='ltr'><strong>fieri</strong></span> <span class='ocrx_word' id='word_1_139' title='bbox 968 1628 1222 1697; x_wconf 84' lang='lat' dir='ltr'><strong>jnbeatis,</strong></span> <span class='ocrx_word' id='word_1_140' title='bbox 1266 1627 1501 1696; x_wconf 84' lang='lat' dir='ltr'><strong>etllagito</strong></span> <span class='ocrx_word' id='word_1_141' title='bbox 1533 1645 1549 1682; x_wconf 91' lang='lat'><strong>:</strong></span> <span class='ocrx_word' id='word_1_142' title='bbox 1603 1636 1866 1696; x_wconf 76' lang='lat' dir='ltr'><strong>quatenus</strong></span> <span class='ocrx_word' id='word_1_143' title='bbox 1899 1627 2173 1697; x_wconf 76' lang='lat' dir='ltr'><strong>exemplar</strong></span> 
     </span>
    </p>
   </div>
   <div class='ocr_carea' id='block_1_19' title="bbox 2277 451 3838 528">
    <p class='ocr_par' dir='ltr' id='par_1_19' title="bbox 2277 451 3838 528">
     <span class='ocr_line' id='line_1_19' title="bbox 2277 451 3838 528; baseline 0.007 -24"><span class='ocrx_word' id='word_1_144' title='bbox 2277 467 2407 520; x_wconf 82' lang='lat' dir='ltr'><strong>ergo</strong></span> <span class='ocrx_word' id='word_1_145' title='bbox 2441 451 2608 504; x_wconf 79' lang='lat' dir='ltr'><strong>frater</strong></span> <span class='ocrx_word' id='word_1_146' title='bbox 2631 461 2685 506; x_wconf 91' lang='lat' dir='ltr'><strong>ct</strong></span> <span class='ocrx_word' id='word_1_147' title='bbox 2711 463 2923 505; x_wconf 84' lang='lat' dir='ltr'><strong>amator</strong></span> <span class='ocrx_word' id='word_1_148' title='bbox 2939 468 3113 506; x_wconf 84' lang='lat' dir='ltr'><strong>vester</strong></span> <span class='ocrx_word' id='word_1_149' title='bbox 3135 455 3353 508; x_wconf 86' lang='lat' dir='ltr'><strong>consulo</strong></span> <span class='ocrx_word' id='word_1_150' title='bbox 3383 465 3435 509; x_wconf 91' lang='lat' dir='ltr'><strong>et</strong></span> <span class='ocrx_word' id='word_1_151' title='bbox 3461 458 3664 528; x_wconf 85' lang='lat' dir='ltr'><strong>ﬂagito,</strong></span> <span class='ocrx_word' id='word_1_152' title='bbox 3687 472 3737 512; x_wconf 92' lang='lat' dir='ltr'><strong>ut</strong></span> <span class='ocrx_word' id='word_1_153' title='bbox 3767 470 3838 516; x_wconf 72' lang='lat' dir='ltr'><strong>to~</strong></span> 
     </span>
    </p>
   </div>
   <div class='ocr_carea' id='block_1_20' title="bbox 2282 541 3839 611">
    <p class='ocr_par' dir='ltr' id='par_1_20' title="bbox 2282 541 3839 611">
     <span class='ocr_line' id='line_1_20' title="bbox 2282 541 3839 611; baseline 0.009 -20"><span class='ocrx_word' id='word_1_154' title='bbox 2282 541 2385 593; x_wconf 87' lang='lat' dir='ltr'><strong>tius</strong></span> <span class='ocrx_word' id='word_1_155' title='bbox 2410 541 2530 593; x_wconf 78' lang='lat' dir='ltr'><strong>vita:</strong></span> <span class='ocrx_word' id='word_1_156' title='bbox 2557 551 2730 595; x_wconf 91' lang='lat' dir='ltr'><strong>status</strong></span> <span class='ocrx_word' id='word_1_157' title='bbox 2755 541 2839 595; x_wconf 89' lang='lat' dir='ltr'><strong>bis</strong></span> <span class='ocrx_word' id='word_1_158' title='bbox 2862 543 3068 597; x_wconf 85' lang='lat' dir='ltr'><strong>duabus</strong></span> <span class='ocrx_word' id='word_1_159' title='bbox 3098 544 3301 597; x_wconf 84' lang='lat' dir='ltr'><strong>nitatur</strong></span> <span class='ocrx_word' id='word_1_160' title='bbox 3329 545 3616 611; x_wconf 88' lang='lat' dir='ltr'><strong>colmnnis,</strong></span> <span class='ocrx_word' id='word_1_161' title='bbox 3640 549 3839 605; x_wconf 84' lang='lat' dir='ltr'><strong>scilicet</strong></span> 
     </span>
    </p>
   </div>
   <div class='ocr_carea' id='block_1_21' title="bbox 2276 630 3839 705">
    <p class='ocr_par' dir='ltr' id='par_1_21' title="bbox 2276 630 3839 705">
     <span class='ocr_line' id='line_1_21' title="bbox 2276 630 3839 705; baseline 0.01 -23"><span class='ocrx_word' id='word_1_162' title='bbox 2276 630 2578 684; x_wconf 88' lang='lat' dir='ltr'><strong>obedientia</strong></span> <span class='ocrx_word' id='word_1_163' title='bbox 2612 641 2665 698; x_wconf 89' lang='lat' dir='ltr'><strong>et</strong></span> <span class='ocrx_word' id='word_1_164' title='bbox 2687 632 2965 700; x_wconf 88' lang='lat' dir='ltr'><strong>patientia.</strong></span> <span class='ocrx_word' id='word_1_165' title='bbox 2995 635 3061 686; x_wconf 84' lang='lat' dir='ltr'><strong>Et</strong></span> <span class='ocrx_word' id='word_1_166' title='bbox 3081 636 3293 702; x_wconf 85' lang='lat' dir='ltr'><strong>quidem</strong></span> <span class='ocrx_word' id='word_1_167' title='bbox 3325 635 3391 690; x_wconf 89' lang='lat' dir='ltr'><strong>de</strong></span> <span class='ocrx_word' id='word_1_168' title='bbox 3416 639 3692 705; x_wconf 87' lang='lat' dir='ltr'><strong>patientia.</strong></span> <span class='ocrx_word' id='word_1_169' title='bbox 3711 642 3839 697; x_wconf 85' lang='lat' dir='ltr'><strong>bene</strong></span> 
     </span>
    </p>
   </div>
   <div class='ocr_carea' id='block_1_22' title="bbox 2275 719 3841 800">
    <p class='ocr_par' dir='ltr' id='par_1_22' title="bbox 2275 719 3841 800">
     <span class='ocr_line' id='line_1_22' title="bbox 2275 719 3841 800; baseline 0.008 -28"><span class='ocrx_word' id='word_1_170' title='bbox 2275 719 2655 774; x_wconf 85' lang='lat' dir='ltr'><strong>novitdilectio</strong></span> <span class='ocrx_word' id='word_1_171' title='bbox 2680 733 2860 776; x_wconf 85' lang='lat' dir='ltr'><strong>vestra</strong></span> <span class='ocrx_word' id='word_1_172' title='bbox 2889 723 3029 791; x_wconf 82' lang='lat' dir='ltr'><strong>quod</strong></span> <span class='ocrx_word' id='word_1_173' title='bbox 3053 739 3157 776; x_wconf 91' lang='lat' dir='ltr'><strong>non</strong></span> <span class='ocrx_word' id='word_1_174' title='bbox 3181 725 3352 778; x_wconf 84' lang='lat' dir='ltr'><strong>solum</strong></span> <span class='ocrx_word' id='word_1_175' title='bbox 3369 742 3487 779; x_wconf 91' lang='lat' dir='ltr'><strong>eum</strong></span> <span class='ocrx_word' id='word_1_176' title='bbox 3511 731 3733 783; x_wconf 76' lang='lat' dir='ltr'><strong>meritus</strong></span> <span class='ocrx_word' id='word_1_177' title='bbox 3752 749 3841 800; x_wconf 79' lang='lat' dir='ltr'><strong>pu-</strong></span> 
     </span>
    </p>
   </div>
   <div class='ocr_carea' id='block_1_23' title="bbox 2275 810 3843 888">
    <p class='ocr_par' dir='ltr' id='par_1_23' title="bbox 2275 810 3843 888">
     <span class='ocr_line' id='line_1_23' title="bbox 2275 810 3843 888; baseline 0.008 -26"><span class='ocrx_word' id='word_1_178' title='bbox 2275 810 2442 873; x_wconf 81' lang='lat' dir='ltr'><strong>nitur,</strong></span> <span class='ocrx_word' id='word_1_179' title='bbox 2466 811 2726 866; x_wconf 89' lang='lat' dir='ltr'><strong>violenter</strong></span> <span class='ocrx_word' id='word_1_180' title='bbox 2751 821 2831 865; x_wconf 80' lang='lat' dir='ltr'><strong>est</strong></span> <span class='ocrx_word' id='word_1_181' title='bbox 2873 813 3159 888; x_wconf 72' lang='lat' dir='ltr'><strong>exigenda,</strong></span> <span class='ocrx_word' id='word_1_182' title='bbox 3191 814 3283 868; x_wconf 91' lang='lat' dir='ltr'><strong>sed</strong></span> <span class='ocrx_word' id='word_1_183' title='bbox 3309 815 3470 868; x_wconf 74' lang='lat' dir='ltr'><strong>etiam</strong></span> <span class='ocrx_word' id='word_1_184' title='bbox 3506 832 3625 870; x_wconf 88' lang='lat' dir='ltr'><strong>eum</strong></span> <span class='ocrx_word' id='word_1_185' title='bbox 3666 820 3843 875; x_wconf 83' lang='lat' dir='ltr'><strong>innue-</strong></span> 
     </span>
    </p>
   </div>
   <div class='ocr_carea' id='block_1_24' title="bbox 2276 896 3839 968">
    <p class='ocr_par' dir='ltr' id='par_1_24' title="bbox 2276 896 3839 968">
     <span class='ocr_line' id='line_1_24' title="bbox 2276 896 3839 968; baseline 0.011 -20"><span class='ocrx_word' id='word_1_186' title='bbox 2276 897 2411 951; x_wconf 89' lang='lat' dir='ltr'><strong>ritus</strong></span> <span class='ocrx_word' id='word_1_187' title='bbox 2439 896 2690 968; x_wconf 84' lang='lat' dir='ltr'><strong>allligitur</strong></span> <span class='ocrx_word' id='word_1_188' title='bbox 2727 900 2956 954; x_wconf 85' lang='lat' dir='ltr'><strong>libenter</strong></span> <span class='ocrx_word' id='word_1_189' title='bbox 2977 911 3059 955; x_wconf 90' lang='lat' dir='ltr'><strong>est</strong></span> <span class='ocrx_word' id='word_1_190' title='bbox 3079 901 3402 958; x_wconf 80' lang='lat' dir='ltr'><strong>exhibenda.</strong></span> <span class='ocrx_word' id='word_1_191' title='bbox 3422 906 3493 960; x_wconf 88' lang='lat' dir='ltr'><strong>lbi</strong></span> <span class='ocrx_word' id='word_1_192' title='bbox 3514 908 3656 961; x_wconf 89' lang='lat' dir='ltr'><strong>enim</strong></span> <span class='ocrx_word' id='word_1_193' title='bbox 3687 923 3839 965; x_wconf 79' lang='lat' dir='ltr'><strong>exse-</strong></span> 
     </span>
    </p>
   </div>
   <div class='ocr_carea' id='block_1_25' title="bbox 2275 987 3840 1058">
    <p class='ocr_par' dir='ltr' id='par_1_25' title="bbox 2275 987 3840 1058">
     <span class='ocr_line' id='line_1_25' title="bbox 2275 987 3840 1058; baseline 0.012 -20"><span class='ocrx_word' id='word_1_194' title='bbox 2275 987 2473 1040; x_wconf 89' lang='lat' dir='ltr'><strong>cranda</strong></span> <span class='ocrx_word' id='word_1_195' title='bbox 2495 997 2578 1041; x_wconf 79' lang='lat' dir='ltr'><strong>est</strong></span> <span class='ocrx_word' id='word_1_196' title='bbox 2612 989 2971 1058; x_wconf 84' lang='lat' dir='ltr'><strong>impatientia,</strong></span> <span class='ocrx_word' id='word_1_197' title='bbox 3004 1007 3070 1044; x_wconf 91' lang='lat' dir='ltr'><strong>ne</strong></span> <span class='ocrx_word' id='word_1_198' title='bbox 3100 1007 3301 1047; x_wconf 91' lang='lat' dir='ltr'><strong>noeens</strong></span> <span class='ocrx_word' id='word_1_199' title='bbox 3330 994 3600 1052; x_wconf 81' lang='lat' dir='ltr'><strong>infelicius</strong></span> <span class='ocrx_word' id='word_1_200' title='bbox 3629 1001 3840 1056; x_wconf 57' lang='lat' dir='ltr'><strong>tiamne.</strong></span> 
     </span>
    </p>
   </div>
   <div class='ocr_carea' id='block_1_26' title="bbox 2275 1079 3842 1150">
    <p class='ocr_par' dir='ltr' id='par_1_26' title="bbox 2275 1079 3842 1150">
     <span class='ocr_line' id='line_1_26' title="bbox 2275 1079 3842 1150; baseline 0.011 -22"><span class='ocrx_word' id='word_1_201' title='bbox 2275 1086 2364 1129; x_wconf 87' lang='lat' dir='ltr'><strong>tur</strong></span> <span class='ocrx_word' id='word_1_202' title='bbox 2392 1095 2407 1130; x_wconf 83' lang='lat'><strong>:</strong></span> <span class='ocrx_word' id='word_1_203' title='bbox 2434 1079 2524 1132; x_wconf 90' lang='lat' dir='ltr'><strong>bic</strong></span> <span class='ocrx_word' id='word_1_204' title='bbox 2558 1083 2821 1134; x_wconf 82' lang='lat' dir='ltr'><strong>servanda</strong></span> <span class='ocrx_word' id='word_1_205' title='bbox 2851 1091 2934 1135; x_wconf 85' lang='lat' dir='ltr'><strong>est</strong></span> <span class='ocrx_word' id='word_1_206' title='bbox 2963 1083 3317 1150; x_wconf 86' lang='lat' dir='ltr'><strong>patientia,ut</strong></span> <span class='ocrx_word' id='word_1_207' title='bbox 3354 1086 3607 1143; x_wconf 81' lang='lat' dir='ltr'><strong>innocens</strong></span> <span class='ocrx_word' id='word_1_208' title='bbox 3642 1089 3842 1145; x_wconf 66' lang='lat' dir='ltr'><strong>felicius</strong></span> 
     </span>
    </p>
   </div>
   <div class='ocr_carea' id='block_1_27' title="bbox 2274 1169 3843 1234">
    <p class='ocr_par' dir='ltr' id='par_1_27' title="bbox 2274 1169 3843 1234">
     <span class='ocr_line' id='line_1_27' title="bbox 2274 1169 3843 1234; baseline 0.01 -16"><span class='ocrx_word' id='word_1_209' title='bbox 2274 1177 2582 1229; x_wconf 74' lang='lat' dir='ltr'><strong>coronetur.</strong></span> <span class='ocrx_word' id='word_1_210' title='bbox 2614 1169 2688 1224; x_wconf 89' lang='lat' dir='ltr'><strong>De</strong></span> <span class='ocrx_word' id='word_1_211' title='bbox 2713 1171 3018 1224; x_wconf 89' lang='lat' dir='ltr'><strong>obcdieutia</strong></span> <span class='ocrx_word' id='word_1_212' title='bbox 3069 1188 3195 1227; x_wconf 77' lang='lat' dir='ltr'><strong>vero</strong></span> <span class='ocrx_word' id='word_1_213' title='bbox 3232 1175 3332 1228; x_wconf 92' lang='lat' dir='ltr'><strong>boc</strong></span> <span class='ocrx_word' id='word_1_214' title='bbox 3379 1179 3595 1229; x_wconf 85' lang='lat' dir='ltr'><strong>mandat</strong></span> <span class='ocrx_word' id='word_1_215' title='bbox 3623 1182 3843 1234; x_wconf 72' lang='lat' dir='ltr'><strong>domnus</strong></span> 
     </span>
    </p>
   </div>
   <div class='ocr_carea' id='block_1_28' title="bbox 2275 1255 3840 1338">
    <p class='ocr_par' dir='ltr' id='par_1_28' title="bbox 2275 1255 3840 1338">
     <span class='ocr_line' id='line_1_28' title="bbox 2275 1255 3840 1338; baseline 0.008 -30"><span class='ocrx_word' id='word_1_216' title='bbox 2275 1255 2462 1323; x_wconf 88' lang='lat' dir='ltr'><strong>abbas,</strong></span> <span class='ocrx_word' id='word_1_217' title='bbox 2486 1259 2628 1326; x_wconf 90' lang='lat' dir='ltr'><strong>quod</strong></span> <span class='ocrx_word' id='word_1_218' title='bbox 2669 1269 2766 1313; x_wconf 88' lang='lat' dir='ltr'><strong>nec</strong></span> <span class='ocrx_word' id='word_1_219' title='bbox 2795 1261 3045 1316; x_wconf 89' lang='lat' dir='ltr'><strong>dubitare</strong></span> <span class='ocrx_word' id='word_1_220' title='bbox 3073 1262 3142 1292; x_wconf 75' lang='grc'><strong>³⁷⁸</strong></span> <span class='ocrx_word' id='word_1_221' title='bbox 3168 1277 3263 1316; x_wconf 87' lang='lat' dir='ltr'><strong>vos</strong></span> <span class='ocrx_word' id='word_1_222' title='bbox 3299 1264 3564 1329; x_wconf 86' lang='lat' dir='ltr'><strong>arbitror;</strong></span> <span class='ocrx_word' id='word_1_223' title='bbox 3594 1268 3840 1338; x_wconf 31' lang='lat' dir='ltr'><strong>quoniam</strong></span> 
     </span>
    </p>
   </div>
   <div class='ocr_carea' id='block_1_29' title="bbox 2272 1344 3846 1424">
    <p class='ocr_par' dir='ltr' id='par_1_29' title="bbox 2272 1344 3846 1424">
     <span class='ocr_line' id='line_1_29' title="bbox 2272 1344 3846 1424; baseline 0.011 -30"><span class='ocrx_word' id='word_1_224' title='bbox 2272 1344 2528 1414; x_wconf 81' lang='lat' dir='ltr'><strong>quidquid</strong></span> <span class='ocrx_word' id='word_1_225' title='bbox 2573 1352 2870 1424; x_wconf 75' lang='lat' dir='ltr'><strong>reverenda</strong></span> <span class='ocrx_word' id='word_1_226' title='bbox 2907 1352 3123 1406; x_wconf 88' lang='lat' dir='ltr'><strong>domino</strong></span> <span class='ocrx_word' id='word_1_227' title='bbox 3151 1368 3212 1406; x_wconf 89' lang='lat' dir='ltr'><strong>ac</strong></span> <span class='ocrx_word' id='word_1_228' title='bbox 3245 1352 3387 1407; x_wconf 85' lang='lat' dir='ltr'><strong>Patri</strong></span> <span class='ocrx_word' id='word_1_229' title='bbox 3433 1369 3616 1410; x_wconf 85' lang='lat' dir='ltr'><strong>nostro</strong></span> <span class='ocrx_word' id='word_1_230' title='bbox 3673 1360 3846 1412; x_wconf 76' lang='lat' dir='ltr'><strong>arclii-</strong></span> 
     </span>
    </p>
   </div>
   <div class='ocr_carea' id='block_1_30' title="bbox 2272 1431 3847 1516">
    <p class='ocr_par' dir='ltr' id='par_1_30' title="bbox 2272 1431 3847 1516">
     <span class='ocr_line' id='line_1_30' title="bbox 2272 1431 3847 1516; baseline 0.01 -29"><span class='ocrx_word' id='word_1_231' title='bbox 2272 1431 2524 1510; x_wconf 56' lang='lat' dir='ltr'><strong>episcopo</strong></span> <span class='ocrx_word' id='word_1_232' title='bbox 2562 1437 2865 1494; x_wconf 86' lang='lat' dir='ltr'><strong>Laufrauco</strong></span> <span class='ocrx_word' id='word_1_233' title='bbox 2891 1442 3158 1503; x_wconf 31' lang='lat' dir='ltr'><strong>obeditis,‘</strong></span> <span class='ocrx_word' id='word_1_234' title='bbox 3182 1443 3257 1496; x_wconf 88' lang='lat' dir='ltr'><strong>sic</strong></span> <span class='ocrx_word' id='word_1_235' title='bbox 3289 1445 3415 1498; x_wconf 83' lang='lat' dir='ltr'><strong>illud</strong></span> <span class='ocrx_word' id='word_1_236' title='bbox 3460 1448 3674 1516; x_wconf 73' lang='lat' dir='ltr'><strong>accipit,</strong></span> <span class='ocrx_word' id='word_1_237' title='bbox 3705 1450 3847 1502; x_wconf 88' lang='lat' dir='ltr'><strong>velut</strong></span> 
     </span>
    </p>
   </div>
   <div class='ocr_carea' id='block_1_31' title="bbox 2273 1526 3844 1605">
    <p class='ocr_par' dir='ltr' id='par_1_31' title="bbox 2273 1526 3844 1605">
     <span class='ocr_line' id='line_1_31' title="bbox 2273 1526 3844 1605; baseline 0.009 -27"><span class='ocrx_word' id='word_1_238' title='bbox 2273 1526 2318 1579; x_wconf 85' lang='lat' dir='ltr'><strong>si</strong></span> <span class='ocrx_word' id='word_1_239' title='bbox 2341 1527 2441 1580; x_wconf 87' lang='lat' dir='ltr'><strong>sibi</strong></span> <span class='ocrx_word' id='word_1_240' title='bbox 2484 1529 2795 1584; x_wconf 85' lang='lat' dir='ltr'><strong>obediretnr</strong></span> <span class='ocrx_word' id='word_1_241' title='bbox 2835 1550 2848 1587; x_wconf 91' lang='lat'><strong>:</strong></span> <span class='ocrx_word' id='word_1_242' title='bbox 2891 1533 2996 1585; x_wconf 89' lang='lat' dir='ltr'><strong>imo</strong></span> <span class='ocrx_word' id='word_1_243' title='bbox 3044 1542 3192 1586; x_wconf 88' lang='lat' dir='ltr'><strong>tanto</strong></span> <span class='ocrx_word' id='word_1_244' title='bbox 3234 1537 3438 1603; x_wconf 85' lang='lat' dir='ltr'><strong>gratius</strong></span> <span class='ocrx_word' id='word_1_245' title='bbox 3462 1554 3620 1605; x_wconf 89' lang='lat' dir='ltr'><strong>quam</strong></span> <span class='ocrx_word' id='word_1_246' title='bbox 3657 1541 3700 1591; x_wconf 89' lang='lat' dir='ltr'><strong>si</strong></span> <span class='ocrx_word' id='word_1_247' title='bbox 3747 1539 3844 1592; x_wconf 76' lang='lat' dir='ltr'><strong>sibi</strong></span> 
     </span>
    </p>
   </div>
   <div class='ocr_carea' id='block_1_32' title="bbox 2272 1617 3848 1692">
    <p class='ocr_par' dir='ltr' id='par_1_32' title="bbox 2272 1617 3848 1692">
     <span class='ocr_line' id='line_1_32' title="bbox 2272 1617 3848 1692; baseline 0.006 -18"><span class='ocrx_word' id='word_1_248' title='bbox 2272 1617 2584 1686; x_wconf 88' lang='lat' dir='ltr'><strong>obediretis,</strong></span> <span class='ocrx_word' id='word_1_249' title='bbox 2614 1632 2816 1689; x_wconf 92' lang='lat' dir='ltr'><strong>quanto</strong></span> <span class='ocrx_word' id='word_1_250' title='bbox 2863 1623 2976 1692; x_wconf 87' lang='lat' dir='ltr'><strong>ipse</strong></span> <span class='ocrx_word' id='word_1_251' title='bbox 3011 1639 3109 1692; x_wconf 88' lang='lat' dir='ltr'><strong>per</strong></span> <span class='ocrx_word' id='word_1_252' title='bbox 3151 1636 3320 1679; x_wconf 88' lang='lat' dir='ltr'><strong>semet</strong></span> <span class='ocrx_word' id='word_1_253' title='bbox 3350 1626 3422 1680; x_wconf 91' lang='lat' dir='ltr'><strong>illi</strong></span> <span class='ocrx_word' id='word_1_254' title='bbox 3467 1630 3581 1682; x_wconf 63' lang='lat' dir='ltr'><strong>obe.</strong></span> <span class='ocrx_word' id='word_1_255' title='bbox 3607 1629 3686 1682; x_wconf 80' lang='lat' dir='ltr'><strong>ire</strong></span> <span class='ocrx_word' id='word_1_256' title='bbox 3715 1629 3848 1682; x_wconf 84' lang='lat' dir='ltr'><strong>desi-</strong></span> 
     </span>
    </p>
   </div>
   <div class='ocr_carea' id='block_1_33' title="bbox 599 1701 3882 1787">
    <p class='ocr_par' dir='ltr' id='par_1_33' title="bbox 599 1701 3882 1787">
     <span class='ocr_line' id='line_1_33' title="bbox 599 1701 3882 1787; baseline 0 -16"><span class='ocrx_word' id='word_1_257' title='bbox 599 1701 739 1786; x_wconf 88' lang='lat' dir='ltr'><strong>quod</strong></span> <span class='ocrx_word' id='word_1_258' title='bbox 770 1718 966 1771; x_wconf 89' lang='lat' dir='ltr'><strong>retinui</strong></span> <span class='ocrx_word' id='word_1_259' title='bbox 999 1733 1101 1771; x_wconf 91' lang='lat' dir='ltr'><strong>non</strong></span> <span class='ocrx_word' id='word_1_260' title='bbox 1151 1717 1307 1770; x_wconf 88' lang='lat' dir='ltr'><strong>aliam</strong></span> <span class='ocrx_word' id='word_1_261' title='bbox 1354 1720 1614 1772; x_wconf 88' lang='lat' dir='ltr'><strong>sortiatur</strong></span> <span class='ocrx_word' id='word_1_262' title='bbox 1642 1718 1980 1780; x_wconf 88' lang='lat' dir='ltr'><strong>sententiam,</strong></span> <span class='ocrx_word' id='word_1_263' title='bbox 2012 1734 2170 1787; x_wconf 90' lang='lat' dir='ltr'><strong>quam</strong></span> <span class='ocrx_word' id='word_1_264' title='bbox 2205 1701 2248 1760; x_wconf 78' lang='grc' dir='ltr'><strong><em>Β</em></strong></span> <span class='ocrx_word' id='word_1_265' title='bbox 2275 1705 2456 1771; x_wconf 63' lang='lat' dir='ltr'><strong>der-11;</strong></span> <span class='ocrx_word' id='word_1_266' title='bbox 2489 1716 2540 1762; x_wconf 77' lang='lat' dir='ltr'><strong>el</strong></span> <span class='ocrx_word' id='word_1_267' title='bbox 2561 1722 2762 1777; x_wconf 76' lang='lat' dir='ltr'><strong>quanto</strong></span> <span class='ocrx_word' id='word_1_268' title='bbox 2791 1713 2843 1764; x_wconf 83' lang='lat' dir='ltr'><strong>in</strong></span> <span class='ocrx_word' id='word_1_269' title='bbox 2873 1727 2938 1764; x_wconf 66' lang='grc' dir='ltr'><strong>(το</strong></span> <span class='ocrx_word' id='word_1_270' title='bbox 2972 1714 3110 1779; x_wconf 78' lang='lat' dir='ltr'><strong>quod</strong></span> <span class='ocrx_word' id='word_1_271' title='bbox 3154 1729 3259 1766; x_wconf 85' lang='lat' dir='ltr'><strong>non</strong></span> <span class='ocrx_word' id='word_1_272' title='bbox 3301 1714 3471 1768; x_wconf 83' lang='lat' dir='ltr'><strong>solum</strong></span> <span class='ocrx_word' id='word_1_273' title='bbox 3506 1715 3628 1782; x_wconf 82' lang='lat' dir='ltr'><strong>ipsi,</strong></span> <span class='ocrx_word' id='word_1_274' title='bbox 3660 1717 3756 1771; x_wconf 89' lang='lat' dir='ltr'><strong>sed</strong></span> <span class='ocrx_word' id='word_1_275' title='bbox 3795 1727 3847 1771; x_wconf 89' lang='lat' dir='ltr'><strong>et</strong></span> <span class='ocrx_word' id='word_1_276' title='bbox 3877 1713 3882 1722; x_wconf 90' lang='grc'><em>’</em></span> 
     </span>
    </p>
   </div>
   <div class='ocr_carea' id='block_1_34' title="bbox 599 1809 2240 1888">
    <p class='ocr_par' dir='ltr' id='par_1_34' title="bbox 599 1809 2240 1888">
     <span class='ocr_line' id='line_1_34' title="bbox 599 1809 2240 1888; baseline -0.003 -25"><span class='ocrx_word' id='word_1_277' title='bbox 599 1809 724 1863; x_wconf 87' lang='lat' dir='ltr'><strong>illud</strong></span> <span class='ocrx_word' id='word_1_278' title='bbox 757 1809 898 1878; x_wconf 88' lang='lat' dir='ltr'><strong>quod</strong></span> <span class='ocrx_word' id='word_1_279' title='bbox 929 1809 1072 1862; x_wconf 87' lang='lat' dir='ltr'><strong>misi.</strong></span> <span class='ocrx_word' id='word_1_280' title='bbox 1103 1809 1179 1863; x_wconf 82' lang='lat' dir='ltr'><strong>De</strong></span> <span class='ocrx_word' id='word_1_281' title='bbox 1213 1809 1564 1863; x_wconf 88' lang='lat' dir='ltr'><strong>dilectissimo</strong></span> <span class='ocrx_word' id='word_1_282' title='bbox 1605 1825 1744 1873; x_wconf 90' lang='lat' dir='ltr'><strong>meo,</strong></span> <span class='ocrx_word' id='word_1_283' title='bbox 1765 1819 1955 1876; x_wconf 78' lang='lat' dir='ltr'><strong>nepote</strong></span> <span class='ocrx_word' id='word_1_284' title='bbox 1977 1821 2175 1874; x_wconf 84' lang='lat' dir='ltr'><strong>vestro,</strong></span> <span class='ocrx_word' id='word_1_285' title='bbox 2231 1879 2240 1888; x_wconf 37' lang='lat'><strong><em>.</em></strong></span> 
     </span>
    </p>
   </div>
   <div class='ocr_carea' id='block_1_35' title="bbox 597 1898 2179 1967">
    <p class='ocr_par' dir='ltr' id='par_1_35' title="bbox 597 1898 2179 1967">
     <span class='ocr_line' id='line_1_35' title="bbox 597 1898 2179 1967; baseline 0 -15"><span class='ocrx_word' id='word_1_286' title='bbox 597 1907 653 1952; x_wconf 89' lang='lat' dir='ltr'><strong>et</strong></span> <span class='ocrx_word' id='word_1_287' title='bbox 681 1899 841 1954; x_wconf 85' lang='lat' dir='ltr'><strong>corde</strong></span> <span class='ocrx_word' id='word_1_288' title='bbox 869 1905 924 1952; x_wconf 88' lang='lat' dir='ltr'><strong>et</strong></span> <span class='ocrx_word' id='word_1_289' title='bbox 947 1912 1040 1953; x_wconf 91' lang='lat' dir='ltr'><strong>ore</strong></span> <span class='ocrx_word' id='word_1_290' title='bbox 1080 1907 1133 1951; x_wconf 84' lang='lat' dir='ltr'><strong>et</strong></span> <span class='ocrx_word' id='word_1_291' title='bbox 1162 1898 1410 1967; x_wconf 88' lang='lat' dir='ltr'><strong>epistola,</strong></span> <span class='ocrx_word' id='word_1_292' title='bbox 1439 1905 1699 1966; x_wconf 89' lang='lat' dir='ltr'><strong>quantum</strong></span> <span class='ocrx_word' id='word_1_293' title='bbox 1729 1912 1966 1966; x_wconf 88' lang='lat' dir='ltr'><strong>possum,</strong></span> <span class='ocrx_word' id='word_1_294' title='bbox 1992 1900 2179 1967; x_wconf 76' lang='lat' dir='ltr'><strong>thpzc-</strong></span> 
     </span>
    </p>
   </div>
   <div class='ocr_carea' id='block_1_36' title="bbox 597 1988 2178 2058">
    <p class='ocr_par' dir='ltr' id='par_1_36' title="bbox 597 1988 2178 2058">
     <span class='ocr_line' id='line_1_36' title="bbox 597 1988 2178 2058; baseline 0.001 -17"><span class='ocrx_word' id='word_1_295' title='bbox 597 1997 776 2041; x_wconf 88' lang='lat' dir='ltr'><strong>corut</strong></span> <span class='ocrx_word' id='word_1_296' title='bbox 814 2003 935 2041; x_wconf 87' lang='lat' dir='ltr'><strong>cum</strong></span> <span class='ocrx_word' id='word_1_297' title='bbox 986 1989 1218 2058; x_wconf 83' lang='lat' dir='ltr'><strong>primum</strong></span> <span class='ocrx_word' id='word_1_298' title='bbox 1253 1988 1401 2044; x_wconf 87' lang='lat' dir='ltr'><strong>illum</strong></span> <span class='ocrx_word' id='word_1_299' title='bbox 1442 1989 1725 2041; x_wconf 88' lang='lat' dir='ltr'><strong>sanitatem</strong></span> <span class='ocrx_word' id='word_1_300' title='bbox 1778 1989 2042 2057; x_wconf 83' lang='lat' dir='ltr'><strong>recepisse</strong></span> <span class='ocrx_word' id='word_1_301' title='bbox 2088 2006 2178 2043; x_wconf 83' lang='lat' dir='ltr'><strong>co-</strong></span> 
     </span>
    </p>
   </div>
   <div class='ocr_carea' id='block_1_37' title="bbox 597 2076 2177 2148">
    <p class='ocr_par' dir='ltr' id='par_1_37' title="bbox 597 2076 2177 2148">
     <span class='ocr_line' id='line_1_37' title="bbox 597 2076 2177 2148; baseline 0 -18"><span class='ocrx_word' id='word_1_302' title='bbox 597 2079 915 2148; x_wconf 80' lang='lat' dir='ltr'><strong>gnoveritis,</strong></span> <span class='ocrx_word' id='word_1_303' title='bbox 960 2093 1297 2147; x_wconf 68' lang='lat' dir='ltr'><strong>irequaquam</strong></span> <span class='ocrx_word' id='word_1_304' title='bbox 1346 2076 1460 2144; x_wconf 85' lang='lat' dir='ltr'><strong>ejus</strong></span> <span class='ocrx_word' id='word_1_305' title='bbox 1491 2093 1575 2131; x_wconf 85' lang='lat' dir='ltr'><strong>me</strong></span> <span class='ocrx_word' id='word_1_306' title='bbox 1632 2078 1846 2130; x_wconf 90' lang='lat' dir='ltr'><strong>amabili</strong></span> <span class='ocrx_word' id='word_1_307' title='bbox 1891 2092 2177 2132; x_wconf 84' lang='lat' dir='ltr'><strong>conversa-</strong></span> 
     </span>
    </p>
   </div>
   <div class='ocr_carea' id='block_1_38' title="bbox 598 2167 2169 2234">
    <p class='ocr_par' dir='ltr' id='par_1_38' title="bbox 598 2167 2169 2234">
     <span class='ocr_line' id='line_1_38' title="bbox 598 2167 2169 2234; baseline 0 -14"><span class='ocrx_word' id='word_1_308' title='bbox 598 2169 744 2222; x_wconf 84' lang='lat' dir='ltr'><strong>tione</strong></span> <span class='ocrx_word' id='word_1_309' title='bbox 790 2169 991 2222; x_wconf 87' lang='lat' dir='ltr'><strong>diutius</strong></span> <span class='ocrx_word' id='word_1_310' title='bbox 1029 2183 1216 2221; x_wconf 85' lang='lat' dir='ltr'><strong>carere</strong></span> <span class='ocrx_word' id='word_1_311' title='bbox 1265 2168 1495 2220; x_wconf 87' lang='lat' dir='ltr'><strong>faciatis.</strong></span> <span class='ocrx_word' id='word_1_312' title='bbox 1553 2167 1747 2219; x_wconf 86' lang='lat' dir='ltr'><strong>Verum</strong></span> <span class='ocrx_word' id='word_1_313' title='bbox 1797 2167 1996 2234; x_wconf 89' lang='lat' dir='ltr'><strong>quippe</strong></span> <span class='ocrx_word' id='word_1_314' title='bbox 2049 2167 2169 2220; x_wconf 87' lang='lat' dir='ltr'><strong>dico</strong></span> 
     </span>
    </p>
   </div>
   <div class='ocr_carea' id='block_1_39' title="bbox 593 2257 2175 2322">
    <p class='ocr_par' dir='ltr' id='par_1_39' title="bbox 593 2257 2175 2322">
     <span class='ocr_line' id='line_1_39' title="bbox 593 2257 2175 2322; baseline -0.001 -10"><span class='ocrx_word' id='word_1_315' title='bbox 593 2259 768 2322; x_wconf 81' lang='lat' dir='ltr'><strong>vobis,</strong></span> <span class='ocrx_word' id='word_1_316' title='bbox 806 2260 964 2312; x_wconf 86' lang='lat' dir='ltr'><strong>talem</strong></span> <span class='ocrx_word' id='word_1_317' title='bbox 993 2272 1052 2311; x_wconf 88' lang='lat' dir='ltr'><strong>se</strong></span> <span class='ocrx_word' id='word_1_318' title='bbox 1082 2257 1328 2311; x_wconf 76' lang='lat' dir='ltr'><strong>exhibuit</strong></span> <span class='ocrx_word' id='word_1_319' title='bbox 1368 2257 1521 2322; x_wconf 91' lang='lat' dir='ltr'><strong>mibi,</strong></span> <span class='ocrx_word' id='word_1_320' title='bbox 1544 2265 1597 2310; x_wconf 90' lang='lat' dir='ltr'><strong>et</strong></span> <span class='ocrx_word' id='word_1_321' title='bbox 1621 2257 1830 2310; x_wconf 90' lang='lat' dir='ltr'><strong>eunetis</strong></span> <span class='ocrx_word' id='word_1_322' title='bbox 1860 2257 2055 2311; x_wconf 83' lang='lat' dir='ltr'><strong>nostris</strong></span> <span class='ocrx_word' id='word_1_323' title='bbox 2081 2259 2175 2311; x_wconf 84' lang='lat' dir='ltr'><strong>bo-</strong></span> 
     </span>
    </p>
   </div>
   <div class='ocr_carea' id='block_1_40' title="bbox 594 2346 2174 2422">
    <p class='ocr_par' dir='ltr' id='par_1_40' title="bbox 594 2346 2174 2422">
     <span class='ocr_line' id='line_1_40' title="bbox 594 2346 2174 2422; baseline 0 -20"><span class='ocrx_word' id='word_1_324' title='bbox 594 2362 693 2403; x_wconf 87' lang='lat' dir='ltr'><strong>nos</strong></span> <span class='ocrx_word' id='word_1_325' title='bbox 716 2348 1023 2402; x_wconf 90' lang='lat' dir='ltr'><strong>amantibus</strong></span> <span class='ocrx_word' id='word_1_326' title='bbox 1043 2362 1222 2402; x_wconf 84' lang='lat' dir='ltr'><strong>mores</strong></span> <span class='ocrx_word' id='word_1_327' title='bbox 1247 2356 1590 2417; x_wconf 67' lang='lat' dir='ltr'><strong>praisentem,</strong></span> <span class='ocrx_word' id='word_1_328' title='bbox 1615 2356 1672 2400; x_wconf 93' lang='lat' dir='ltr'><strong>ut</strong></span> <span class='ocrx_word' id='word_1_329' title='bbox 1695 2346 1868 2410; x_wconf 91' lang='lat' dir='ltr'><strong>illum,</strong></span> <span class='ocrx_word' id='word_1_330' title='bbox 1895 2347 1939 2401; x_wconf 93' lang='lat' dir='ltr'><strong>si</strong></span> <span class='ocrx_word' id='word_1_331' title='bbox 1971 2346 2174 2422; x_wconf 87' lang='lat' dir='ltr'><strong>absque</strong></span> 
     </span>
    </p>
   </div>
   <div class='ocr_carea' id='block_1_41' title="bbox 594 2436 2170 2506">
    <p class='ocr_par' dir='ltr' id='par_1_41' title="bbox 594 2436 2170 2506">
     <span class='ocr_line' id='line_1_41' title="bbox 594 2436 2170 2506; baseline -0.002 -13"><span class='ocrx_word' id='word_1_332' title='bbox 594 2439 702 2494; x_wconf 80' lang='lat' dir='ltr'><strong>ulla</strong></span> <span class='ocrx_word' id='word_1_333' title='bbox 731 2456 829 2493; x_wconf 86' lang='lat' dir='ltr'><strong>sua</strong></span> <span class='ocrx_word' id='word_1_334' title='bbox 845 2440 916 2470; x_wconf 79' lang='grc'><strong>’⁷⁸</strong></span> <span class='ocrx_word' id='word_1_335' title='bbox 957 2438 1420 2502; x_wconf 88' lang='lat' dir='ltr'><strong>incommoditate,</strong></span> <span class='ocrx_word' id='word_1_336' title='bbox 1453 2452 1613 2506; x_wconf 89' lang='lat' dir='ltr'><strong>quam</strong></span> <span class='ocrx_word' id='word_1_337' title='bbox 1660 2436 1809 2490; x_wconf 89' lang='lat' dir='ltr'><strong>nullo</strong></span> <span class='ocrx_word' id='word_1_338' title='bbox 1836 2437 1993 2490; x_wconf 91' lang='lat' dir='ltr'><strong>modo</strong></span> <span class='ocrx_word' id='word_1_339' title='bbox 2019 2437 2170 2490; x_wconf 88' lang='lat' dir='ltr'><strong>volu-</strong></span> 
     </span>
    </p>
   </div>
   <div class='ocr_carea' id='block_1_42' title="bbox 597 2526 2137 2600">
    <p class='ocr_par' dir='ltr' id='par_1_42' title="bbox 597 2526 2137 2600">
     <span class='ocr_line' id='line_1_42' title="bbox 597 2526 2137 2600; baseline -0.004 -16"><span class='ocrx_word' id='word_1_340' title='bbox 597 2545 737 2596; x_wconf 88' lang='lat' dir='ltr'><strong>mus,</strong></span> <span class='ocrx_word' id='word_1_341' title='bbox 768 2529 947 2584; x_wconf 86' lang='lat' dir='ltr'><strong>reduci</strong></span> <span class='ocrx_word' id='word_1_342' title='bbox 992 2531 1192 2600; x_wconf 89' lang='lat' dir='ltr'><strong>possit,</strong></span> <span class='ocrx_word' id='word_1_343' title='bbox 1223 2529 1529 2583; x_wconf 88' lang='lat' dir='ltr'><strong>desiderare</strong></span> <span class='ocrx_word' id='word_1_344' title='bbox 1552 2539 1808 2596; x_wconf 77' lang='lat' dir='ltr'><strong>cogamur</strong></span> <span class='ocrx_word' id='word_1_345' title='bbox 1836 2526 2137 2580; x_wconf 90' lang='lat' dir='ltr'><strong>absentem.</strong></span> 
     </span>
    </p>
   </div>
   <div class='ocr_carea' id='block_1_43' title="bbox 1058 2615 1710 2673">
    <p class='ocr_par' dir='ltr' id='par_1_43' title="bbox 1058 2615 1710 2673">
     <span class='ocr_line' id='line_1_43' title="bbox 1058 2615 1710 2673; baseline -0.008 -1"><span class='ocrx_word' id='word_1_346' title='bbox 1058 2616 1386 2673; x_wconf 76' lang='lat' dir='ltr'><strong>El’lSTOLA</strong></span> <span class='ocrx_word' id='word_1_347' title='bbox 1435 2615 1590 2669; x_wconf 78' lang='lat' dir='ltr'><strong>LXIV</strong></span> <span class='ocrx_word' id='word_1_348' title='bbox 1619 2617 1710 2667; x_wconf 83' lang='lat'><strong>&quot;&quot;.</strong></span> 
     </span>
    </p>
   </div>
   <div class='ocr_carea' id='block_1_44' title="bbox 1189 2721 1575 2761">
    <p class='ocr_par' dir='ltr' id='par_1_44' title="bbox 1189 2721 1575 2761">
     <span class='ocr_line' id='line_1_44' title="bbox 1189 2721 1575 2761; baseline -0.005 0"><span class='ocrx_word' id='word_1_349' title='bbox 1189 2725 1256 2761; x_wconf 78' lang='lat' dir='ltr'><strong>AD</strong></span> <span class='ocrx_word' id='word_1_350' title='bbox 1287 2721 1575 2761; x_wconf 69' lang='lat' dir='ltr'><strong>llENﬂlCUII.</strong></span> 
     </span>
    </p>
   </div>
   <div class='ocr_carea' id='block_1_45' title="bbox 842 2794 1887 2860">
    <p class='ocr_par' dir='ltr' id='par_1_45' title="bbox 842 2794 1887 2860">
     <span class='ocr_line' id='line_1_45' title="bbox 842 2794 1887 2860; baseline -0.004 -7"><span class='ocrx_word' id='word_1_351' title='bbox 842 2799 1200 2853; x_wconf 79' lang='lat' dir='ltr'><strong>Obcdientiam</strong></span> <span class='ocrx_word' id='word_1_352' title='bbox 1234 2809 1279 2852; x_wconf 87' lang='lat' dir='ltr'><strong>ct</strong></span> <span class='ocrx_word' id='word_1_353' title='bbox 1309 2798 1610 2860; x_wconf 83' lang='lat' dir='ltr'><strong>patientiam</strong></span> <span class='ocrx_word' id='word_1_354' title='bbox 1646 2794 1887 2858; x_wconf 73' lang='lat' dir='ltr'><strong>consulit.</strong></span> 
     </span>
    </p>
   </div>
   <div class='ocr_carea' id='block_1_46' title="bbox 611 2884 2168 2954">
    <p class='ocr_par' dir='ltr' id='par_1_46' title="bbox 611 2884 2168 2954">
     <span class='ocr_line' id='line_1_46' title="bbox 611 2884 2168 2954; baseline -0.002 -13"><span class='ocrx_word' id='word_1_355' title='bbox 611 2931 616 2934; x_wconf 94' lang='lat'><strong>.</strong></span> <span class='ocrx_word' id='word_1_356' title='bbox 669 2887 893 2943; x_wconf 90' lang='lat' dir='ltr'><strong>Domino</strong></span> <span class='ocrx_word' id='word_1_357' title='bbox 928 2899 982 2942; x_wconf 94' lang='lat' dir='ltr'><strong>et</strong></span> <span class='ocrx_word' id='word_1_358' title='bbox 1029 2889 1184 2942; x_wconf 80' lang='lat' dir='ltr'><strong>fratri</strong></span> <span class='ocrx_word' id='word_1_359' title='bbox 1210 2888 1550 2951; x_wconf 85' lang='lat' dir='ltr'><strong>cbarissimo,</strong></span> <span class='ocrx_word' id='word_1_360' title='bbox 1589 2886 1788 2940; x_wconf 88' lang='lat' dir='ltr'><strong>domno</strong></span> <span class='ocrx_word' id='word_1_361' title='bbox 1836 2884 2002 2954; x_wconf 88' lang='lat' dir='ltr'><strong>priori</strong></span> <span class='ocrx_word' id='word_1_362' title='bbox 2034 2885 2168 2939; x_wconf 75' lang='lat' dir='ltr'><strong>&quot;EN-</strong></span> 
     </span>
    </p>
   </div>
   <div class='ocr_carea' id='block_1_47' title="bbox 597 2977 2168 3047">
    <p class='ocr_par' dir='ltr' id='par_1_47' title="bbox 597 2977 2168 3047">
     <span class='ocr_line' id='line_1_47' title="bbox 597 2977 2168 3047; baseline -0.004 -11"><span class='ocrx_word' id='word_1_363' title='bbox 597 2992 719 3036; x_wconf 80' lang='lat' dir='ltr'><strong>IICO</strong></span> <span class='ocrx_word' id='word_1_364' title='bbox 754 2977 920 3032; x_wconf 85' lang='lat' dir='ltr'><strong>frater</strong></span> <span class='ocrx_word' id='word_1_365' title='bbox 953 2979 1234 3032; x_wconf 68' lang='lat' dir='ltr'><strong>Auseeuus</strong></span> <span class='ocrx_word' id='word_1_366' title='bbox 1260 2994 1276 3043; x_wconf 90' lang='lat'><strong>;</strong></span> <span class='ocrx_word' id='word_1_367' title='bbox 1301 2993 1397 3047; x_wconf 91' lang='lat' dir='ltr'><strong>per</strong></span> <span class='ocrx_word' id='word_1_368' title='bbox 1425 2978 1736 3032; x_wconf 86' lang='lat' dir='ltr'><strong>diuturnam</strong></span> <span class='ocrx_word' id='word_1_369' title='bbox 1775 2977 1972 3031; x_wconf 85' lang='lat' dir='ltr'><strong>bonam</strong></span> <span class='ocrx_word' id='word_1_370' title='bbox 2004 2977 2168 3032; x_wconf 90' lang='lat' dir='ltr'><strong>vitam</strong></span> 
     </span>
    </p>
   </div>
   <div class='ocr_carea' id='block_1_48' title="bbox 596 3070 1533 3126">
    <p class='ocr_par' dir='ltr' id='par_1_48' title="bbox 596 3070 1533 3126">
     <span class='ocr_line' id='line_1_48' title="bbox 596 3070 1533 3126; baseline -0.003 -1"><span class='ocrx_word' id='word_1_371' title='bbox 596 3070 793 3126; x_wconf 82' lang='lat' dir='ltr'><strong>mereri</strong></span> <span class='ocrx_word' id='word_1_372' title='bbox 826 3081 1081 3124; x_wconf 61' lang='lat' dir='ltr'><strong>aeternam</strong></span> <span class='ocrx_word' id='word_1_373' title='bbox 1107 3071 1318 3124; x_wconf 82' lang='lat' dir='ltr'><strong>beatam</strong></span> <span class='ocrx_word' id='word_1_374' title='bbox 1345 3071 1533 3123; x_wconf 90' lang='lat' dir='ltr'><strong>vitam.</strong></span> 
     </span>
    </p>
   </div>
   <div class='ocr_carea' id='block_1_49' title="bbox 668 3147 2173 3227">
    <p class='ocr_par' dir='ltr' id='par_1_49' title="bbox 668 3147 2173 3227">
     <span class='ocr_line' id='line_1_49' title="bbox 668 3147 2173 3227; baseline 0 -17"><span class='ocrx_word' id='word_1_375' title='bbox 668 3156 907 3210; x_wconf 88' lang='lat' dir='ltr'><strong>Donmus</strong></span> <span class='ocrx_word' id='word_1_376' title='bbox 930 3157 1094 3211; x_wconf 82' lang='lat' dir='ltr'><strong>abbas</strong></span> <span class='ocrx_word' id='word_1_377' title='bbox 1123 3168 1176 3211; x_wconf 90' lang='lat' dir='ltr'><strong>et</strong></span> <span class='ocrx_word' id='word_1_378' title='bbox 1203 3156 1429 3211; x_wconf 87' lang='lat' dir='ltr'><strong>fratrum</strong></span> <span class='ocrx_word' id='word_1_379' title='bbox 1484 3167 1788 3211; x_wconf 89' lang='lat' dir='ltr'><strong>vestrorum</strong></span> <span class='ocrx_word' id='word_1_380' title='bbox 1825 3147 2173 3227; x_wconf 77' lang='lat' dir='ltr'><strong>congregatio</strong></span> 
     </span>
    </p>
   </div>
   <div class='ocr_carea' id='block_1_50' title="bbox 596 3247 2174 3314">
    <p class='ocr_par' dir='ltr' id='par_1_50' title="bbox 596 3247 2174 3314">
     <span class='ocr_line' id='line_1_50' title="bbox 596 3247 2174 3314; baseline -0.001 -12"><span class='ocrx_word' id='word_1_381' title='bbox 596 3247 704 3302; x_wconf 75' lang='lat' dir='ltr'><strong>lacti</strong></span> <span class='ocrx_word' id='word_1_382' title='bbox 751 3256 1122 3314; x_wconf 87' lang='lat' dir='ltr'><strong>susceperunt,</strong></span> <span class='ocrx_word' id='word_1_383' title='bbox 1174 3249 1542 3310; x_wconf 86' lang='lat' dir='ltr'><strong>laudaveruut,</strong></span> <span class='ocrx_word' id='word_1_384' title='bbox 1586 3259 1907 3302; x_wconf 85' lang='lat' dir='ltr'><strong>amaverunt</strong></span> <span class='ocrx_word' id='word_1_385' title='bbox 1951 3263 2174 3301; x_wconf 88' lang='lat' dir='ltr'><strong>munera</strong></span> 
     </span>
    </p>
   </div>
   <div class='ocr_carea' id='block_1_51' title="bbox 595 3317 2173 3410">
    <p class='ocr_par' dir='ltr' id='par_1_51' title="bbox 595 3317 2173 3410">
     <span class='ocr_line' id='line_1_51' title="bbox 595 3317 2173 3410; baseline 0.003 -22"><span class='ocrx_word' id='word_1_386' title='bbox 595 3347 792 3392; x_wconf 72' lang='lat' dir='ltr'><strong>vestra:</strong></span> <span class='ocrx_word' id='word_1_387' title='bbox 841 3337 1164 3402; x_wconf 85' lang='lat' dir='ltr'><strong>cbaritatis;</strong></span> <span class='ocrx_word' id='word_1_388' title='bbox 1220 3338 1312 3392; x_wconf 90' lang='lat' dir='ltr'><strong>sed</strong></span> <span class='ocrx_word' id='word_1_389' title='bbox 1368 3339 1536 3392; x_wconf 89' lang='lat' dir='ltr'><strong>multo</strong></span> <span class='ocrx_word' id='word_1_390' title='bbox 1558 3338 1742 3408; x_wconf 86' lang='lat' dir='ltr'><strong>utique</strong></span> <span class='ocrx_word' id='word_1_391' title='bbox 1790 3317 1961 3410; x_wconf 77' lang='lat' dir='ltr'><strong>magis</strong></span> <span class='ocrx_word' id='word_1_392' title='bbox 2006 3341 2173 3410; x_wconf 86' lang='lat' dir='ltr'><strong>ipsam</strong></span> 
     </span>
    </p>
   </div>
   <div class='ocr_carea' id='block_1_52' title="bbox 600 3413 2176 3498">
    <p class='ocr_par' dir='ltr' id='par_1_52' title="bbox 600 3413 2176 3498">
     <span class='ocr_line' id='line_1_52' title="bbox 600 3413 2176 3498; baseline 0.001 -18"><span class='ocrx_word' id='word_1_393' title='bbox 600 3428 942 3492; x_wconf 88' lang='lat' dir='ltr'><strong>cbaritatem,</strong></span> <span class='ocrx_word' id='word_1_394' title='bbox 978 3442 1097 3495; x_wconf 66' lang='lat' dir='ltr'><strong>quae</strong></span> <span class='ocrx_word' id='word_1_395' title='bbox 1142 3443 1413 3494; x_wconf 88' lang='lat' dir='ltr'><strong>nunquam</strong></span> <span class='ocrx_word' id='word_1_396' title='bbox 1477 3443 1582 3480; x_wconf 91' lang='lat' dir='ltr'><strong>non</strong></span> <span class='ocrx_word' id='word_1_397' title='bbox 1625 3428 1735 3480; x_wconf 84' lang='lat' dir='ltr'><strong>vult</strong></span> <span class='ocrx_word' id='word_1_398' title='bbox 1775 3438 2032 3496; x_wconf 91' lang='lat' dir='ltr'><strong>quantum</strong></span> <span class='ocrx_word' id='word_1_399' title='bbox 2072 3413 2176 3498; x_wconf 61' lang='grc' dir='ltr'><strong>’ρο-</strong></span> 
     </span>
    </p>
   </div>
   <div class='ocr_carea' id='block_1_53' title="bbox 589 3516 2178 3586">
    <p class='ocr_par' dir='ltr' id='par_1_53' title="bbox 589 3516 2178 3586">
     <span class='ocr_line' id='line_1_53' title="bbox 589 3516 2178 3586; baseline 0 -14"><span class='ocrx_word' id='word_1_400' title='bbox 589 3527 728 3581; x_wconf 63' lang='lat' dir='ltr'><strong>“test,</strong></span> <span class='ocrx_word' id='word_1_401' title='bbox 781 3528 832 3572; x_wconf 92' lang='lat' dir='ltr'><strong>et</strong></span> <span class='ocrx_word' id='word_1_402' title='bbox 881 3533 1093 3585; x_wconf 79' lang='lat' dir='ltr'><strong>semper</strong></span> <span class='ocrx_word' id='word_1_403' title='bbox 1140 3519 1252 3570; x_wconf 88' lang='lat' dir='ltr'><strong>vult</strong></span> <span class='ocrx_word' id='word_1_404' title='bbox 1297 3517 1580 3584; x_wconf 89' lang='lat' dir='ltr'><strong>plusquam</strong></span> <span class='ocrx_word' id='word_1_405' title='bbox 1635 3528 1832 3586; x_wconf 83' lang='lat' dir='ltr'><strong>potest.</strong></span> <span class='ocrx_word' id='word_1_406' title='bbox 1882 3516 2178 3572; x_wconf 82' lang='lat' dir='ltr'><strong>Gratanter</strong></span> 
     </span>
    </p>
   </div>
   <div class='ocr_carea' id='block_1_54' title="bbox 601 3605 2173 3678">
    <p class='ocr_par' dir='ltr' id='par_1_54' title="bbox 601 3605 2173 3678">
     <span class='ocr_line' id='line_1_54' title="bbox 601 3605 2173 3678; baseline 0 -18"><span class='ocrx_word' id='word_1_407' title='bbox 601 3623 814 3678; x_wconf 90' lang='lat' dir='ltr'><strong>quoque</strong></span> <span class='ocrx_word' id='word_1_408' title='bbox 850 3607 1089 3676; x_wconf 90' lang='lat' dir='ltr'><strong>suscepit</strong></span> <span class='ocrx_word' id='word_1_409' title='bbox 1139 3606 1370 3660; x_wconf 89' lang='lat' dir='ltr'><strong>donmus</strong></span> <span class='ocrx_word' id='word_1_410' title='bbox 1397 3605 1603 3670; x_wconf 77' lang='lat' dir='ltr'><strong>&#39;abbas,</strong></span> <span class='ocrx_word' id='word_1_411' title='bbox 1632 3616 1685 3660; x_wconf 88' lang='lat' dir='ltr'><strong>et</strong></span> <span class='ocrx_word' id='word_1_412' title='bbox 1731 3614 2010 3676; x_wconf 80' lang='lat' dir='ltr'><strong>gratanter</strong></span> <span class='ocrx_word' id='word_1_413' title='bbox 2051 3607 2173 3677; x_wconf 84' lang='lat' dir='ltr'><strong>legit</strong></span> 
     </span>
    </p>
   </div>
   <div class='ocr_carea' id='block_1_55' title="bbox 599 3698 2174 3766">
    <p class='ocr_par' dir='ltr' id='par_1_55' title="bbox 599 3698 2174 3766">
     <span class='ocr_line' id='line_1_55' title="bbox 599 3698 2174 3766; baseline -0.003 -11"><span class='ocrx_word' id='word_1_414' title='bbox 599 3710 655 3755; x_wconf 86' lang='lat' dir='ltr'><strong>et</strong></span> <span class='ocrx_word' id='word_1_415' title='bbox 677 3700 881 3753; x_wconf 75' lang='lat' dir='ltr'><strong>audivit</strong></span> <span class='ocrx_word' id='word_1_416' title='bbox 921 3713 1036 3751; x_wconf 91' lang='lat' dir='ltr'><strong>mea</strong></span> <span class='ocrx_word' id='word_1_417' title='bbox 1066 3698 1326 3766; x_wconf 87' lang='lat' dir='ltr'><strong>parvitas,</strong></span> <span class='ocrx_word' id='word_1_418' title='bbox 1357 3699 1498 3766; x_wconf 85' lang='lat' dir='ltr'><strong>quod</strong></span> <span class='ocrx_word' id='word_1_419' title='bbox 1522 3698 1801 3766; x_wconf 85' lang='lat' dir='ltr'><strong>prudentia</strong></span> <span class='ocrx_word' id='word_1_420' title='bbox 1838 3708 2012 3752; x_wconf 86' lang='lat' dir='ltr'><strong>vestra</strong></span> <span class='ocrx_word' id='word_1_421' title='bbox 2043 3714 2174 3753; x_wconf 90' lang='lat' dir='ltr'><strong>con-</strong></span> 
     </span>
    </p>
   </div>
   <div class='ocr_carea' id='block_1_56' title="bbox 602 3771 2176 3855">
    <p class='ocr_par' dir='ltr' id='par_1_56' title="bbox 602 3771 2176 3855">
     <span class='ocr_line' id='line_1_56' title="bbox 602 3771 2176 3855; baseline -0.001 -14"><span class='ocrx_word' id='word_1_422' title='bbox 602 3787 778 3842; x_wconf 81' lang='lat' dir='ltr'><strong>silium</strong></span> <span class='ocrx_word' id='word_1_423' title='bbox 807 3785 925 3854; x_wconf 80' lang='lat' dir='ltr'><strong>ejus</strong></span> <span class='ocrx_word' id='word_1_424' title='bbox 958 3796 1013 3840; x_wconf 88' lang='lat' dir='ltr'><strong>et</strong></span> <span class='ocrx_word' id='word_1_425' title='bbox 1041 3771 1232 3854; x_wconf 73' lang='lat' dir='ltr'><strong>patris,</strong></span> <span class='ocrx_word' id='word_1_426' title='bbox 1268 3795 1322 3839; x_wconf 88' lang='lat' dir='ltr'><strong>et</strong></span> <span class='ocrx_word' id='word_1_427' title='bbox 1363 3800 1536 3838; x_wconf 90' lang='lat' dir='ltr'><strong>meum</strong></span> <span class='ocrx_word' id='word_1_428' title='bbox 1569 3795 1626 3837; x_wconf 89' lang='lat' dir='ltr'><strong>ut</strong></span> <span class='ocrx_word' id='word_1_429' title='bbox 1661 3785 1844 3838; x_wconf 78' lang='lat' dir='ltr'><strong>fratris</strong></span> <span class='ocrx_word' id='word_1_430' title='bbox 1878 3785 2086 3855; x_wconf 87' lang='lat' dir='ltr'><strong>petivit,</strong></span> <span class='ocrx_word' id='word_1_431' title='bbox 2122 3795 2176 3839; x_wconf 89' lang='lat' dir='ltr'><strong>et</strong></span> 
     </span>
    </p>
   </div>
   <div class='ocr_carea' id='block_1_57' title="bbox 600 3873 2176 3945">
    <p class='ocr_par' dir='ltr' id='par_1_57' title="bbox 600 3873 2176 3945">
     <span class='ocr_line' id='line_1_57' title="bbox 600 3873 2176 3945; baseline -0.003 -11"><span class='ocrx_word' id='word_1_432' title='bbox 600 3877 894 3934; x_wconf 65' lang='lat' dir='ltr'><strong>secundum</strong></span> <span class='ocrx_word' id='word_1_433' title='bbox 924 3875 1049 3929; x_wconf 90' lang='lat' dir='ltr'><strong>illud</strong></span> <span class='ocrx_word' id='word_1_434' title='bbox 1080 3891 1175 3945; x_wconf 89' lang='lat' dir='ltr'><strong>per</strong></span> <span class='ocrx_word' id='word_1_435' title='bbox 1204 3875 1382 3928; x_wconf 87' lang='lat' dir='ltr'><strong>omnia</strong></span> <span class='ocrx_word' id='word_1_436' title='bbox 1413 3889 1470 3927; x_wconf 91' lang='lat' dir='ltr'><strong>se</strong></span> <span class='ocrx_word' id='word_1_437' title='bbox 1504 3873 1770 3927; x_wconf 83' lang='lat' dir='ltr'><strong>iacturum</strong></span> <span class='ocrx_word' id='word_1_438' title='bbox 1797 3876 2064 3943; x_wconf 91' lang='lat' dir='ltr'><strong>promisit.</strong></span> <span class='ocrx_word' id='word_1_439' title='bbox 2086 3874 2176 3930; x_wconf 65' lang='lat' dir='ltr'><strong>Sic</strong></span> 
     </span>
    </p>
   </div>
   <div class='ocr_carea' id='block_1_58' title="bbox 541 3963 2171 4034">
    <p class='ocr_par' dir='ltr' id='par_1_58' title="bbox 541 3963 2171 4034">
     <span class='ocr_line' id='line_1_58' title="bbox 541 3963 2171 4034; baseline -0.002 -13"><span class='ocrx_word' id='word_1_440' title='bbox 541 3968 544 3971; x_wconf 76' lang='grc'>’</span> <span class='ocrx_word' id='word_1_441' title='bbox 603 3981 798 4034; x_wconf 87' lang='lat' dir='ltr'><strong>nempe</strong></span> <span class='ocrx_word' id='word_1_442' title='bbox 825 3967 976 4020; x_wconf 87' lang='lat' dir='ltr'><strong>decet</strong></span> <span class='ocrx_word' id='word_1_443' title='bbox 999 3965 1317 4032; x_wconf 86' lang='lat' dir='ltr'><strong>sapientem,</strong></span> <span class='ocrx_word' id='word_1_444' title='bbox 1348 3964 1577 4034; x_wconf 81' lang='lat' dir='ltr'><strong>sapienti</strong></span> <span class='ocrx_word' id='word_1_445' title='bbox 1602 3964 1806 4017; x_wconf 89' lang='lat' dir='ltr'><strong>scilicet</strong></span> <span class='ocrx_word' id='word_1_446' title='bbox 1829 3964 1903 4015; x_wconf 87' lang='lat' dir='ltr'><strong>uti</strong></span> <span class='ocrx_word' id='word_1_447' title='bbox 1927 3963 2171 4018; x_wconf 92' lang='lat' dir='ltr'><strong>consilio.</strong></span> 
     </span>
    </p>
   </div>
   <div class='ocr_carea' id='block_1_59' title="bbox 602 4053 2174 4127">
    <p class='ocr_par' dir='ltr' id='par_1_59' title="bbox 602 4053 2174 4127">
     <span class='ocr_line' id='line_1_59' title="bbox 602 4053 2174 4127; baseline -0.003 -17"><span class='ocrx_word' id='word_1_448' title='bbox 602 4057 832 4127; x_wconf 80' lang='lat' dir='ltr'><strong>Sapiens</strong></span> <span class='ocrx_word' id='word_1_449' title='bbox 855 4057 1051 4125; x_wconf 90' lang='lat' dir='ltr'><strong>quippe</strong></span> <span class='ocrx_word' id='word_1_450' title='bbox 1079 4054 1361 4108; x_wconf 86' lang='lat' dir='ltr'><strong>consilium</strong></span> <span class='ocrx_word' id='word_1_451' title='bbox 1387 4063 1487 4118; x_wconf 89' lang='lat' dir='ltr'><strong>est,</strong></span> <span class='ocrx_word' id='word_1_452' title='bbox 1521 4054 1660 4106; x_wconf 89' lang='lat' dir='ltr'><strong>sicut</strong></span> <span class='ocrx_word' id='word_1_453' title='bbox 1687 4053 1858 4115; x_wconf 90' lang='lat' dir='ltr'><strong>scitis,</strong></span> <span class='ocrx_word' id='word_1_454' title='bbox 1883 4053 2021 4121; x_wconf 90' lang='lat' dir='ltr'><strong>quod</strong></span> <span class='ocrx_word' id='word_1_455' title='bbox 2045 4069 2174 4106; x_wconf 36' lang='lat' dir='ltr'><strong>cons</strong></span> 
     </span>
    </p>
   </div>
   <div class='ocr_carea' id='block_1_60' title="bbox 599 4138 2169 4214">
    <p class='ocr_par' dir='ltr' id='par_1_60' title="bbox 599 4138 2169 4214">
     <span class='ocr_line' id='line_1_60' title="bbox 599 4138 2169 4214; baseline -0.003 -10"><span class='ocrx_word' id='word_1_456' title='bbox 599 4149 928 4205; x_wconf 84' lang='lat' dir='ltr'><strong>snlitomnia</strong></span> <span class='ocrx_word' id='word_1_457' title='bbox 970 4147 1146 4200; x_wconf 75' lang='lat' dir='ltr'><strong>facere</strong></span> <span class='ocrx_word' id='word_1_458' title='bbox 1187 4161 1307 4199; x_wconf 90' lang='lat' dir='ltr'><strong>cum</strong></span> <span class='ocrx_word' id='word_1_459' title='bbox 1354 4138 1599 4198; x_wconf 82' lang='lat' dir='ltr'><strong>censilio.</strong></span> <span class='ocrx_word' id='word_1_460' title='bbox 1631 4145 1761 4197; x_wconf 86' lang='lat' dir='ltr'><strong>Cum</strong></span> <span class='ocrx_word' id='word_1_461' title='bbox 1811 4145 1972 4214; x_wconf 82' lang='lat' dir='ltr'><strong>igitur</strong></span> <span class='ocrx_word' id='word_1_462' title='bbox 2004 4154 2169 4200; x_wconf 92' lang='lat' dir='ltr'><strong>totum</strong></span> 
     </span>
    </p>
   </div>
   <div class='ocr_carea' id='block_1_61' title="bbox 603 4233 2173 4304">
    <p class='ocr_par' dir='ltr' id='par_1_61' title="bbox 603 4233 2173 4304">
     <span class='ocr_line' id='line_1_61' title="bbox 603 4233 2173 4304; baseline -0.002 -14"><span class='ocrx_word' id='word_1_463' title='bbox 603 4238 702 4303; x_wconf 86' lang='lat' dir='ltr'><strong>rei,</strong></span> <span class='ocrx_word' id='word_1_464' title='bbox 730 4238 792 4289; x_wconf 90' lang='lat' dir='ltr'><strong>de</strong></span> <span class='ocrx_word' id='word_1_465' title='bbox 819 4253 920 4304; x_wconf 89' lang='lat' dir='ltr'><strong>qua</strong></span> <span class='ocrx_word' id='word_1_466' title='bbox 949 4234 1336 4298; x_wconf 62' lang='lat' dir='ltr'><strong>consulitis”,</strong></span> <span class='ocrx_word' id='word_1_467' title='bbox 1368 4235 1629 4287; x_wconf 90' lang='lat' dir='ltr'><strong>consistat</strong></span> <span class='ocrx_word' id='word_1_468' title='bbox 1652 4233 1936 4286; x_wconf 88' lang='lat' dir='ltr'><strong>consilium</strong></span> <span class='ocrx_word' id='word_1_469' title='bbox 1966 4235 2016 4287; x_wconf 88' lang='lat' dir='ltr'><strong>in</strong></span> <span class='ocrx_word' id='word_1_470' title='bbox 2044 4236 2173 4289; x_wconf 90' lang='lat' dir='ltr'><strong>obe-</strong></span> 
     </span>
    </p>
   </div>
   <div class='ocr_carea' id='block_1_62' title="bbox 2276 1797 3843 1874">
    <p class='ocr_par' dir='ltr' id='par_1_62' title="bbox 2276 1797 3843 1874">
     <span class='ocr_line' id='line_1_62' title="bbox 2276 1797 3843 1874; baseline 0.009 -25"><span class='ocrx_word' id='word_1_471' title='bbox 2276 1797 2364 1850; x_wconf 89' lang='lat' dir='ltr'><strong>alii</strong></span> <span class='ocrx_word' id='word_1_472' title='bbox 2390 1814 2521 1866; x_wconf 89' lang='lat' dir='ltr'><strong>prop</strong></span> <span class='ocrx_word' id='word_1_473' title='bbox 2546 1814 2610 1853; x_wconf 87' lang='lat' dir='ltr'><strong>cr</strong></span> <span class='ocrx_word' id='word_1_474' title='bbox 2639 1800 2809 1869; x_wconf 84' lang='lat' dir='ltr'><strong>ipsum</strong></span> <span class='ocrx_word' id='word_1_475' title='bbox 2840 1802 3104 1857; x_wconf 89' lang='lat' dir='ltr'><strong>obeditis:</strong></span> <span class='ocrx_word' id='word_1_476' title='bbox 3133 1804 3386 1872; x_wconf 55' lang='lat' dir='ltr'><strong>n‘iajorcui</strong></span> <span class='ocrx_word' id='word_1_477' title='bbox 3412 1807 3579 1874; x_wconf 88' lang='lat' dir='ltr'><strong>ipsam</strong></span> <span class='ocrx_word' id='word_1_478' title='bbox 3612 1820 3843 1864; x_wconf 77' lang='lat' dir='ltr'><strong>vestram</strong></span> 
     </span>
    </p>
   </div>
   <div class='ocr_carea' id='block_1_63' title="bbox 2276 1889 3847 1966">
    <p class='ocr_par' dir='ltr' id='par_1_63' title="bbox 2276 1889 3847 1966">
     <span class='ocr_line' id='line_1_63' title="bbox 2276 1889 3847 1966; baseline 0.008 -26"><span class='ocrx_word' id='word_1_479' title='bbox 2276 1889 2634 1944; x_wconf 86' lang='lat' dir='ltr'><strong>obedientiam</strong></span> <span class='ocrx_word' id='word_1_480' title='bbox 2661 1892 2984 1946; x_wconf 85' lang='lat' dir='ltr'><strong>considerat.</strong></span> <span class='ocrx_word' id='word_1_481' title='bbox 3019 1894 3332 1963; x_wconf 81' lang='lat' dir='ltr'><strong>Quanquam</strong></span> <span class='ocrx_word' id='word_1_482' title='bbox 3374 1897 3416 1966; x_wconf 78' lang='lat' dir='ltr'><strong>si</strong></span> <span class='ocrx_word' id='word_1_483' title='bbox 3441 1899 3847 1953; x_wconf 80' lang='lat' dir='ltr'><strong>consideremus</strong></span> 
     </span>
    </p>
   </div>
   <div class='ocr_carea' id='block_1_64' title="bbox 2277 1979 3845 2050">
    <p class='ocr_par' dir='ltr' id='par_1_64' title="bbox 2277 1979 3845 2050">
     <span class='ocr_line' id='line_1_64' title="bbox 2277 1979 3845 2050; baseline 0.007 -20"><span class='ocrx_word' id='word_1_484' title='bbox 2277 1993 2376 2032; x_wconf 85' lang='lat' dir='ltr'><strong>nos</strong></span> <span class='ocrx_word' id='word_1_485' title='bbox 2399 1979 2468 2010; x_wconf 76' lang='lat'><strong>&quot;°</strong></span> <span class='ocrx_word' id='word_1_486' title='bbox 2503 1990 2555 2032; x_wconf 91' lang='lat' dir='ltr'><strong>et</strong></span> <span class='ocrx_word' id='word_1_487' title='bbox 2587 1981 2754 2047; x_wconf 88' lang='lat' dir='ltr'><strong>illttnt,</strong></span> <span class='ocrx_word' id='word_1_488' title='bbox 2803 1985 2886 2034; x_wconf 87' lang='lat' dir='ltr'><strong>ctti</strong></span> <span class='ocrx_word' id='word_1_489' title='bbox 2919 1997 3016 2037; x_wconf 74' lang='lat' dir='ltr'><strong>vos</strong></span> <span class='ocrx_word' id='word_1_490' title='bbox 3045 1986 3264 2037; x_wconf 83' lang='lat' dir='ltr'><strong>obedire</strong></span> <span class='ocrx_word' id='word_1_491' title='bbox 3308 1985 3626 2050; x_wconf 77' lang='lat' dir='ltr'><strong>invitamus,</strong></span> <span class='ocrx_word' id='word_1_492' title='bbox 3681 1989 3845 2040; x_wconf 87' lang='lat' dir='ltr'><strong>multa</strong></span> 
     </span>
    </p>
   </div>
   <div class='ocr_carea' id='block_1_65' title="bbox 2278 2071 3846 2137">
    <p class='ocr_par' dir='ltr' id='par_1_65' title="bbox 2278 2071 3846 2137">
     <span class='ocr_line' id='line_1_65' title="bbox 2278 2071 3846 2137; baseline 0.008 -18"><span class='ocrx_word' id='word_1_493' title='bbox 2278 2071 2462 2137; x_wconf 89' lang='lat' dir='ltr'><strong>procul</strong></span> <span class='ocrx_word' id='word_1_494' title='bbox 2510 2073 2671 2126; x_wconf 89' lang='lat' dir='ltr'><strong>dubio</strong></span> <span class='ocrx_word' id='word_1_495' title='bbox 2718 2074 2769 2126; x_wconf 92' lang='lat' dir='ltr'><strong>in</strong></span> <span class='ocrx_word' id='word_1_496' title='bbox 2815 2075 2967 2128; x_wconf 90' lang='lat' dir='ltr'><strong>nobis</strong></span> <span class='ocrx_word' id='word_1_497' title='bbox 3012 2085 3067 2128; x_wconf 89' lang='lat' dir='ltr'><strong>et</strong></span> <span class='ocrx_word' id='word_1_498' title='bbox 3107 2076 3158 2128; x_wconf 92' lang='lat' dir='ltr'><strong>in</strong></span> <span class='ocrx_word' id='word_1_499' title='bbox 3200 2077 3289 2129; x_wconf 90' lang='lat' dir='ltr'><strong>illo</strong></span> <span class='ocrx_word' id='word_1_500' title='bbox 3331 2078 3440 2130; x_wconf 87' lang='lat' dir='ltr'><strong>sint</strong></span> <span class='ocrx_word' id='word_1_501' title='bbox 3482 2093 3576 2131; x_wconf 83' lang='lat' dir='ltr'><strong>cur</strong></span> <span class='ocrx_word' id='word_1_502' title='bbox 3632 2095 3732 2134; x_wconf 86' lang='lat' dir='ltr'><strong>nos</strong></span> <span class='ocrx_word' id='word_1_503' title='bbox 3775 2079 3846 2132; x_wconf 87' lang='lat' dir='ltr'><strong>illi</strong></span> 
     </span>
    </p>
   </div>
   <div class='ocr_carea' id='block_1_66' title="bbox 2275 2147 3662 2233">
    <p class='ocr_par' dir='ltr' id='par_1_66' title="bbox 2275 2147 3662 2233">
     <span class='ocr_line' id='line_1_66' title="bbox 2275 2147 3662 2233; baseline 0.006 -19"><span class='ocrx_word' id='word_1_504' title='bbox 2275 2173 2468 2230; x_wconf 90' lang='lat' dir='ltr'><strong>sponte</strong></span> <span class='ocrx_word' id='word_1_505' title='bbox 2496 2166 2842 2233; x_wconf 83' lang='lat' dir='ltr'><strong>studioseque</strong></span> <span class='ocrx_word' id='word_1_506' title='bbox 2871 2167 3087 2220; x_wconf 84' lang='lat' dir='ltr'><strong>obedire</strong></span> <span class='ocrx_word' id='word_1_507' title='bbox 3127 2168 3432 2222; x_wconf 78' lang='lat' dir='ltr'><strong>debeamus.</strong></span> <span class='ocrx_word' id='word_1_508' title='bbox 3458 2147 3662 2224; x_wconf 73' lang='lat' dir='ltr'><strong>Valeic.</strong></span> 
     </span>
    </p>
   </div>
   <div class='ocr_carea' id='block_1_67' title="bbox 2759 2255 3370 2312">
    <p class='ocr_par' dir='ltr' id='par_1_67' title="bbox 2759 2255 3370 2312">
     <span class='ocr_line' id='line_1_67' title="bbox 2759 2255 3370 2312; baseline 0.005 -3"><span class='ocrx_word' id='word_1_509' title='bbox 2759 2255 3086 2312; x_wconf 78' lang='lat' dir='ltr'><strong>EPISTOLA</strong></span> <span class='ocrx_word' id='word_1_510' title='bbox 3130 2258 3264 2312; x_wconf 73' lang='lat' dir='ltr'><strong>LXV</strong></span> <span class='ocrx_word' id='word_1_511' title='bbox 3281 2261 3370 2312; x_wconf 61' lang='lat'><strong>&#39;3‘.</strong></span> 
     </span>
    </p>
   </div>
   <div class='ocr_carea' id='block_1_68' title="bbox 2846 2361 3273 2401">
    <p class='ocr_par' dir='ltr' id='par_1_68' title="bbox 2846 2361 3273 2401">
     <span class='ocr_line' id='line_1_68' title="bbox 2846 2361 3273 2401; baseline 0.002 -2"><span class='ocrx_word' id='word_1_512' title='bbox 2846 2361 2914 2399; x_wconf 82' lang='grc' dir='ltr'><strong>ΑΙ)</strong></span> <span class='ocrx_word' id='word_1_513' title='bbox 2952 2363 3273 2401; x_wconf 62' lang='grc' dir='ltr'>υιιυιειιτιωι.</span> 
     </span>
    </p>
   </div>
   <div class='ocr_carea' id='block_1_69' title="bbox 2275 2431 3851 2506">
    <p class='ocr_par' dir='ltr' id='par_1_69' title="bbox 2275 2431 3851 2506">
     <span class='ocr_line' id='line_1_69' title="bbox 2275 2431 3851 2506; baseline 0.007 -21"><span class='ocrx_word' id='word_1_514' title='bbox 2275 2431 2350 2486; x_wconf 78' lang='lat' dir='ltr'><strong>De</strong></span> <span class='ocrx_word' id='word_1_515' title='bbox 2405 2432 2644 2486; x_wconf 76' lang='lat' dir='ltr'><strong>Mauritii</strong></span> <span class='ocrx_word' id='word_1_516' title='bbox 2687 2436 2986 2506; x_wconf 71' lang='lat' dir='ltr'><strong>ea:__Aninn</strong></span> <span class='ocrx_word' id='word_1_517' title='bbox 3046 2441 3333 2490; x_wconf 71' lang='lat' dir='ltr'><strong>reversione</strong></span> <span class='ocrx_word' id='word_1_518' title='bbox 3392 2440 3648 2506; x_wconf 72' lang='lat' dir='ltr'><strong>Becrum,</strong></span> <span class='ocrx_word' id='word_1_519' title='bbox 3698 2454 3746 2494; x_wconf 83' lang='lat' dir='ltr'><strong>et</strong></span> <span class='ocrx_word' id='word_1_520' title='bbox 3787 2459 3851 2496; x_wconf 83' lang='lat' dir='ltr'><strong>ae</strong></span> 
     </span>
    </p>
   </div>
   <div class='ocr_carea' id='block_1_70' title="bbox 2729 2503 3384 2573">
    <p class='ocr_par' dir='ltr' id='par_1_70' title="bbox 2729 2503 3384 2573">
     <span class='ocr_line' id='line_1_70' title="bbox 2729 2503 3384 2573; baseline 0.005 -17"><span class='ocrx_word' id='word_1_521' title='bbox 2729 2503 3012 2573; x_wconf 81' lang='lat' dir='ltr'><strong>Monologii</strong></span> <span class='ocrx_word' id='word_1_522' title='bbox 3050 2508 3384 2560; x_wconf 75' lang='lat' dir='ltr'><strong>correctione.</strong></span> 
     </span>
    </p>
   </div>
   <div class='ocr_carea' id='block_1_71' title="bbox 2347 2612 3849 2684">
    <p class='ocr_par' dir='ltr' id='par_1_71' title="bbox 2347 2612 3849 2684">
     <span class='ocr_line' id='line_1_71' title="bbox 2347 2612 3849 2684; baseline 0.007 -20"><span class='ocrx_word' id='word_1_523' title='bbox 2347 2612 2550 2667; x_wconf 72' lang='lat' dir='ltr'><strong>flomno</strong></span> <span class='ocrx_word' id='word_1_524' title='bbox 2585 2623 2638 2667; x_wconf 92' lang='lat' dir='ltr'><strong>et</strong></span> <span class='ocrx_word' id='word_1_525' title='bbox 2670 2613 2843 2677; x_wconf 89' lang='lat' dir='ltr'><strong>fratri,</strong></span> <span class='ocrx_word' id='word_1_526' title='bbox 2875 2614 2981 2668; x_wconf 89' lang='lat' dir='ltr'><strong>lilio</strong></span> <span class='ocrx_word' id='word_1_527' title='bbox 3009 2615 3329 2669; x_wconf 80' lang='lat' dir='ltr'><strong>eliarissimo</strong></span> <span class='ocrx_word' id='word_1_528' title='bbox 3350 2616 3646 2684; x_wconf 72' lang='lat' dir='ltr'><strong>MAURI&#39;HO,</strong></span> <span class='ocrx_word' id='word_1_529' title='bbox 3681 2619 3849 2675; x_wconf 87' lang='lat' dir='ltr'><strong>frater</strong></span> 
     </span>
    </p>
   </div>
   <div class='ocr_carea' id='block_1_72' title="bbox 2275 2703 3854 2777">
    <p class='ocr_par' dir='ltr' id='par_1_72' title="bbox 2275 2703 3854 2777">
     <span class='ocr_line' id='line_1_72' title="bbox 2275 2703 3854 2777; baseline 0.006 -22"><span class='ocrx_word' id='word_1_530' title='bbox 2275 2703 2575 2768; x_wconf 74' lang='lat' dir='ltr'><strong>Auseuos,</strong></span> <span class='ocrx_word' id='word_1_531' title='bbox 2620 2706 2758 2757; x_wconf 82' lang='lat' dir='ltr'><strong>servi</strong></span> <span class='ocrx_word' id='word_1_532' title='bbox 2792 2706 3170 2771; x_wconf 88' lang='lat' dir='ltr'><strong>reverentiam,</strong></span> <span class='ocrx_word' id='word_1_533' title='bbox 3211 2706 3396 2762; x_wconf 87' lang='lat' dir='ltr'><strong>fratris</strong></span> <span class='ocrx_word' id='word_1_534' title='bbox 3442 2708 3723 2775; x_wconf 75' lang='lat' dir='ltr'><strong>allectum,</strong></span> <span class='ocrx_word' id='word_1_535' title='bbox 3758 2727 3854 2777; x_wconf 86' lang='lat' dir='ltr'><strong>pa-</strong></span> 
     </span>
    </p>
   </div>
   <div class='ocr_carea' id='block_1_73' title="bbox 2276 2792 2747 2861">
    <p class='ocr_par' dir='ltr' id='par_1_73' title="bbox 2276 2792 2747 2861">
     <span class='ocr_line' id='line_1_73' title="bbox 2276 2792 2747 2861; baseline 0.004 -17"><span class='ocrx_word' id='word_1_536' title='bbox 2276 2792 2373 2845; x_wconf 82' lang='lat' dir='ltr'><strong>tris</strong></span> <span class='ocrx_word' id='word_1_537' title='bbox 2398 2793 2747 2861; x_wconf 71' lang='lat' dir='ltr'><strong>diligentiam.</strong></span> 
     </span>
    </p>
   </div>
   <div class='ocr_carea' id='block_1_74' title="bbox 2349 2880 3854 2960">
    <p class='ocr_par' dir='ltr' id='par_1_74' title="bbox 2349 2880 3854 2960">
     <span class='ocr_line' id='line_1_74' title="bbox 2349 2880 3854 2960; baseline 0.009 -26"><span class='ocrx_word' id='word_1_538' title='bbox 2349 2880 2576 2950; x_wconf 87' lang='lat' dir='ltr'><strong>Semper</strong></span> <span class='ocrx_word' id='word_1_539' title='bbox 2619 2892 2690 2948; x_wconf 92' lang='lat' dir='ltr'><strong>te,</strong></span> <span class='ocrx_word' id='word_1_540' title='bbox 2722 2882 3068 2938; x_wconf 85' lang='lat' dir='ltr'><strong>dilectissime</strong></span> <span class='ocrx_word' id='word_1_541' title='bbox 3097 2885 3190 2950; x_wconf 87' lang='lat' dir='ltr'><strong>lili,</strong></span> <span class='ocrx_word' id='word_1_542' title='bbox 3222 2886 3491 2955; x_wconf 88' lang='lat' dir='ltr'><strong>desidero,</strong></span> <span class='ocrx_word' id='word_1_543' title='bbox 3531 2905 3854 2960; x_wconf 86' lang='lat' dir='ltr'><strong>semperque</strong></span> 
     </span>
    </p>
   </div>
   <div class='ocr_carea' id='block_1_75' title="bbox 2276 2973 3853 3048">
    <p class='ocr_par' dir='ltr' id='par_1_75' title="bbox 2276 2973 3853 3048">
     <span class='ocr_line' id='line_1_75' title="bbox 2276 2973 3853 3048; baseline 0.008 -24"><span class='ocrx_word' id='word_1_544' title='bbox 2276 2980 2327 3025; x_wconf 73' lang='lat' dir='ltr'><strong>te</strong></span> <span class='ocrx_word' id='word_1_545' title='bbox 2367 2987 2452 3044; x_wconf 83' lang='lat' dir='ltr'><strong>me</strong></span> <span class='ocrx_word' id='word_1_546' title='bbox 2485 2973 2793 3028; x_wconf 81' lang='lat' dir='ltr'><strong>desiderare</strong></span> <span class='ocrx_word' id='word_1_547' title='bbox 2825 2989 2930 3028; x_wconf 91' lang='lat' dir='ltr'><strong>non</strong></span> <span class='ocrx_word' id='word_1_548' title='bbox 2957 2977 3160 3030; x_wconf 88' lang='lat' dir='ltr'><strong>dubito.</strong></span> <span class='ocrx_word' id='word_1_549' title='bbox 3191 2979 3317 3043; x_wconf 91' lang='lat' dir='ltr'><strong>Sed,</strong></span> <span class='ocrx_word' id='word_1_550' title='bbox 3363 2982 3616 3048; x_wconf 79' lang='lat' dir='ltr'><strong>quoniam</strong></span> <span class='ocrx_word' id='word_1_551' title='bbox 3660 2995 3853 3038; x_wconf 88' lang='lat' dir='ltr'><strong>neuter</strong></span> 
     </span>
    </p>
   </div>
   <div class='ocr_carea' id='block_1_76' title="bbox 2276 3069 3854 3129">
    <p class='ocr_par' dir='ltr' id='par_1_76' title="bbox 2276 3069 3854 3129">
     <span class='ocr_line' id='line_1_76' title="bbox 2276 3069 3854 3129; baseline 0.007 -11"><span class='ocrx_word' id='word_1_552' title='bbox 2276 3074 2517 3119; x_wconf 88' lang='lat' dir='ltr'><strong>nostrum</strong></span> <span class='ocrx_word' id='word_1_553' title='bbox 2545 3080 2674 3119; x_wconf 91' lang='lat' dir='ltr'><strong>suus</strong></span> <span class='ocrx_word' id='word_1_554' title='bbox 2704 3073 2805 3129; x_wconf 87' lang='lat' dir='ltr'><strong>est,</strong></span> <span class='ocrx_word' id='word_1_555' title='bbox 2839 3082 2938 3119; x_wconf 92' lang='lat' dir='ltr'><strong>nec</strong></span> <span class='ocrx_word' id='word_1_556' title='bbox 2977 3082 3164 3122; x_wconf 88' lang='lat' dir='ltr'><strong>sumus</strong></span> <span class='ocrx_word' id='word_1_557' title='bbox 3208 3069 3436 3124; x_wconf 87' lang='lat' dir='ltr'><strong>invicem</strong></span> <span class='ocrx_word' id='word_1_558' title='bbox 3465 3072 3599 3126; x_wconf 88' lang='lat' dir='ltr'><strong>alter</strong></span> <span class='ocrx_word' id='word_1_559' title='bbox 3623 3074 3854 3129; x_wconf 82' lang='lat' dir='ltr'><strong>alterius</strong></span> 
     </span>
    </p>
   </div>
   <div class='ocr_carea' id='block_1_77' title="bbox 2277 3153 3854 3236">
    <p class='ocr_par' dir='ltr' id='par_1_77' title="bbox 2277 3153 3854 3236">
     <span class='ocr_line' id='line_1_77' title="bbox 2277 3153 3854 3236; baseline 0.006 -26"><span class='ocrx_word' id='word_1_560' title='bbox 2277 3159 2376 3211; x_wconf 88' lang='lat' dir='ltr'><strong>nisi</strong></span> <span class='ocrx_word' id='word_1_561' title='bbox 2417 3173 2511 3227; x_wconf 90' lang='lat' dir='ltr'><strong>per</strong></span> <span class='ocrx_word' id='word_1_562' title='bbox 2540 3153 2821 3214; x_wconf 56' lang='lat' dir='ltr'><strong>cliaritatﬁs</strong></span> <span class='ocrx_word' id='word_1_563' title='bbox 2851 3159 3122 3224; x_wconf 84' lang='lat' dir='ltr'><strong>affectum,</strong></span> <span class='ocrx_word' id='word_1_564' title='bbox 3172 3162 3391 3216; x_wconf 88' lang='lat' dir='ltr'><strong>consulo</strong></span> <span class='ocrx_word' id='word_1_565' title='bbox 3419 3174 3471 3216; x_wconf 92' lang='lat' dir='ltr'><strong>et</strong></span> <span class='ocrx_word' id='word_1_566' title='bbox 3501 3165 3688 3219; x_wconf 88' lang='lat' dir='ltr'><strong>hortor</strong></span> <span class='ocrx_word' id='word_1_567' title='bbox 3715 3183 3854 3236; x_wconf 85' lang='lat' dir='ltr'><strong>qna—</strong></span> 
     </span>
    </p>
   </div>
   <div class='ocr_carea' id='block_1_78' title="bbox 2278 3251 3848 3326">
    <p class='ocr_par' dir='ltr' id='par_1_78' title="bbox 2278 3251 3848 3326">
     <span class='ocr_line' id='line_1_78' title="bbox 2278 3251 3848 3326; baseline 0.008 -25"><span class='ocrx_word' id='word_1_568' title='bbox 2278 3257 2432 3302; x_wconf 88' lang='lat' dir='ltr'><strong>tenus</strong></span> <span class='ocrx_word' id='word_1_569' title='bbox 2463 3251 2698 3318; x_wconf 89' lang='lat' dir='ltr'><strong>quandiu</strong></span> <span class='ocrx_word' id='word_1_570' title='bbox 2722 3251 2798 3316; x_wconf 92' lang='lat' dir='ltr'><strong>bi,</strong></span> <span class='ocrx_word' id='word_1_571' title='bbox 2821 3266 2956 3319; x_wconf 90' lang='lat' dir='ltr'><strong>quos</strong></span> <span class='ocrx_word' id='word_1_572' title='bbox 2983 3253 3138 3306; x_wconf 91' lang='lat' dir='ltr'><strong>nobis</strong></span> <span class='ocrx_word' id='word_1_573' title='bbox 3154 3256 3440 3322; x_wconf 63' lang='lat' dir='ltr'><strong>prteposuit</strong></span> <span class='ocrx_word' id='word_1_574' title='bbox 3463 3256 3641 3309; x_wconf 85' lang='lat' dir='ltr'><strong>divina</strong></span> <span class='ocrx_word' id='word_1_575' title='bbox 3672 3258 3848 3326; x_wconf 66' lang='lat' dir='ltr'><strong>dispo-</strong></span> 
     </span>
    </p>
   </div>
   <div class='ocr_carea' id='block_1_79' title="bbox 2275 3338 3851 3410">
    <p class='ocr_par' dir='ltr' id='par_1_79' title="bbox 2275 3338 3851 3410">
     <span class='ocr_line' id='line_1_79' title="bbox 2275 3338 3851 3410; baseline 0.004 -18"><span class='ocrx_word' id='word_1_576' title='bbox 2275 3339 2420 3401; x_wconf 86' lang='lat' dir='ltr'><strong>sitio,</strong></span> <span class='ocrx_word' id='word_1_577' title='bbox 2468 3355 2566 3393; x_wconf 92' lang='lat' dir='ltr'><strong>nos</strong></span> <span class='ocrx_word' id='word_1_578' title='bbox 2613 3338 2873 3407; x_wconf 78' lang='lat' dir='ltr'><strong>iusserint</strong></span> <span class='ocrx_word' id='word_1_579' title='bbox 2911 3355 3031 3393; x_wconf 90' lang='lat' dir='ltr'><strong>esse</strong></span> <span class='ocrx_word' id='word_1_580' title='bbox 3083 3353 3386 3410; x_wconf 82' lang='lat' dir='ltr'><strong>separatos,</strong></span> <span class='ocrx_word' id='word_1_581' title='bbox 3422 3343 3618 3398; x_wconf 87' lang='lat' dir='ltr'><strong>nullam</strong></span> <span class='ocrx_word' id='word_1_582' title='bbox 3657 3357 3851 3401; x_wconf 87' lang='lat' dir='ltr'><strong>contra</strong></span> 
     </span>
    </p>
   </div>
   <div class='ocr_carea' id='block_1_80' title="bbox 2275 3429 3850 3501">
    <p class='ocr_par' dir='ltr' id='par_1_80' title="bbox 2275 3429 3850 3501">
     <span class='ocr_line' id='line_1_80' title="bbox 2275 3429 3850 3501; baseline 0.008 -21"><span class='ocrx_word' id='word_1_583' title='bbox 2275 3430 2605 3482; x_wconf 80' lang='lat' dir='ltr'><strong>voluntatem</strong></span> <span class='ocrx_word' id='word_1_584' title='bbox 2656 3429 2819 3499; x_wconf 78' lang='lat'><strong><em>336</em></strong></span> <span class='ocrx_word' id='word_1_585' title='bbox 2869 3446 3054 3483; x_wconf 88' lang='lat' dir='ltr'><strong>eorum</strong></span> <span class='ocrx_word' id='word_1_586' title='bbox 3099 3433 3447 3501; x_wconf 72' lang='lat' dir='ltr'><strong>exquiramns</strong></span> <span class='ocrx_word' id='word_1_587' title='bbox 3500 3435 3850 3492; x_wconf 85' lang='lat' dir='ltr'><strong>cobabitandi</strong></span> 
     </span>
    </p>
   </div>
   <div class='ocr_carea' id='block_1_81' title="bbox 2275 3519 3852 3591">
    <p class='ocr_par' dir='ltr' id='par_1_81' title="bbox 2275 3519 3852 3591">
     <span class='ocr_line' id='line_1_81' title="bbox 2275 3519 3852 3591; baseline 0.007 -21"><span class='ocrx_word' id='word_1_588' title='bbox 2275 3519 2714 3572; x_wconf 86' lang='lat' dir='ltr'><strong>aceelerationem</strong></span> <span class='ocrx_word' id='word_1_589' title='bbox 2747 3535 2758 3571; x_wconf 92' lang='lat'><strong>:</strong></span> <span class='ocrx_word' id='word_1_590' title='bbox 2800 3528 2854 3573; x_wconf 91' lang='lat' dir='ltr'><strong>et</strong></span> <span class='ocrx_word' id='word_1_591' title='bbox 2885 3521 2927 3573; x_wconf 89' lang='lat' dir='ltr'><strong>si</strong></span> <span class='ocrx_word' id='word_1_592' title='bbox 2961 3521 3191 3591; x_wconf 77' lang='lat' dir='ltr'><strong>benigne</strong></span> <span class='ocrx_word' id='word_1_593' title='bbox 3224 3532 3410 3577; x_wconf 90' lang='lat' dir='ltr'><strong>nostro</strong></span> <span class='ocrx_word' id='word_1_594' title='bbox 3433 3526 3701 3581; x_wconf 86' lang='lat' dir='ltr'><strong>desiderio</strong></span> <span class='ocrx_word' id='word_1_595' title='bbox 3725 3544 3852 3583; x_wconf 81' lang='lat' dir='ltr'><strong>con-</strong></span> 
     </span>
    </p>
   </div>
   <div class='ocr_carea' id='block_1_82' title="bbox 2274 3608 3852 3685">
    <p class='ocr_par' dir='ltr' id='par_1_82' title="bbox 2274 3608 3852 3685">
     <span class='ocr_line' id='line_1_82' title="bbox 2274 3608 3852 3685; baseline 0.006 -24"><span class='ocrx_word' id='word_1_596' title='bbox 2274 3609 2563 3671; x_wconf 86' lang='lat' dir='ltr'><strong>senserint,</strong></span> <span class='ocrx_word' id='word_1_597' title='bbox 2590 3609 2791 3662; x_wconf 90' lang='lat' dir='ltr'><strong>nullam</strong></span> <span class='ocrx_word' id='word_1_598' title='bbox 2827 3608 3120 3665; x_wconf 79' lang='lat' dir='ltr'><strong>inferamus</strong></span> <span class='ocrx_word' id='word_1_599' title='bbox 3151 3611 3477 3666; x_wconf 89' lang='lat' dir='ltr'><strong>dilationem.</strong></span> <span class='ocrx_word' id='word_1_600' title='bbox 3507 3615 3852 3685; x_wconf 86' lang='lat' dir='ltr'><strong>Quapropter</strong></span> 
     </span>
    </p>
   </div>
   <div class='ocr_carea' id='block_1_83' title="bbox 2274 3697 3851 3770">
    <p class='ocr_par' dir='ltr' id='par_1_83' title="bbox 2274 3697 3851 3770">
     <span class='ocr_line' id='line_1_83' title="bbox 2274 3697 3851 3770; baseline 0.006 -23"><span class='ocrx_word' id='word_1_601' title='bbox 2274 3698 2414 3764; x_wconf 91' lang='lat' dir='ltr'><strong>quod</strong></span> <span class='ocrx_word' id='word_1_602' title='bbox 2438 3697 2739 3760; x_wconf 81' lang='lat' dir='ltr'><strong>audivimus</strong></span> <span class='ocrx_word' id='word_1_603' title='bbox 2767 3698 3139 3764; x_wconf 81' lang='lat' dir='ltr'><strong>per&#39;domnum</strong></span> <span class='ocrx_word' id='word_1_604' title='bbox 3170 3698 3486 3766; x_wconf 80' lang='lat' dir='ltr'><strong>Robertum,</strong></span> <span class='ocrx_word' id='word_1_605' title='bbox 3524 3704 3648 3770; x_wconf 88' lang='lat' dir='ltr'><strong>quia</strong></span> <span class='ocrx_word' id='word_1_606' title='bbox 3677 3706 3851 3757; x_wconf 74' lang='grc' dir='ltr'><strong>ιῖοηιὶ-</strong></span> 
     </span>
    </p>
   </div>
   <div class='ocr_carea' id='block_1_84' title="bbox 2276 3784 3854 3857">
    <p class='ocr_par' dir='ltr' id='par_1_84' title="bbox 2276 3784 3854 3857">
     <span class='ocr_line' id='line_1_84' title="bbox 2276 3784 3854 3857; baseline 0.006 -19"><span class='ocrx_word' id='word_1_607' title='bbox 2276 3800 2376 3839; x_wconf 89' lang='lat' dir='ltr'><strong>nus</strong></span> <span class='ocrx_word' id='word_1_608' title='bbox 2402 3795 2582 3840; x_wconf 90' lang='lat' dir='ltr'><strong>noster</strong></span> <span class='ocrx_word' id='word_1_609' title='bbox 2603 3784 3041 3854; x_wconf 83' lang='lat' dir='ltr'><strong>archiepiscopus</strong></span> <span class='ocrx_word' id='word_1_610' title='bbox 3072 3790 3318 3857; x_wconf 87' lang='lat' dir='ltr'><strong>promisit</strong></span> <span class='ocrx_word' id='word_1_611' title='bbox 3347 3805 3405 3844; x_wconf 87' lang='lat' dir='ltr'><strong>se</strong></span> <span class='ocrx_word' id='word_1_612' title='bbox 3451 3790 3605 3846; x_wconf 90' lang='lat' dir='ltr'><strong>nobis</strong></span> <span class='ocrx_word' id='word_1_613' title='bbox 3657 3793 3854 3847; x_wconf 82' lang='lat' dir='ltr'><strong>remis-</strong></span> 
     </span>
    </p>
   </div>
   <div class='ocr_carea' id='block_1_85' title="bbox 2276 3877 3852 3953">
    <p class='ocr_par' dir='ltr' id='par_1_85' title="bbox 2276 3877 3852 3953">
     <span class='ocr_line' id='line_1_85' title="bbox 2276 3877 3852 3953; baseline 0.007 -24"><span class='ocrx_word' id='word_1_614' title='bbox 2276 3891 2461 3929; x_wconf 90' lang='lat' dir='ltr'><strong>surum</strong></span> <span class='ocrx_word' id='word_1_615' title='bbox 2506 3877 2559 3929; x_wconf 90' lang='lat' dir='ltr'><strong>in</strong></span> <span class='ocrx_word' id='word_1_616' title='bbox 2609 3879 2854 3946; x_wconf 80' lang='lat' dir='ltr'><strong>proximo</strong></span> <span class='ocrx_word' id='word_1_617' title='bbox 2893 3887 3036 3931; x_wconf 90' lang='lat' dir='ltr'><strong>tuam</strong></span> <span class='ocrx_word' id='word_1_618' title='bbox 3084 3879 3424 3934; x_wconf 88' lang='lat' dir='ltr'><strong>dilectionem</strong></span> <span class='ocrx_word' id='word_1_619' title='bbox 3472 3897 3486 3935; x_wconf 90' lang='lat'>:</span> <span class='ocrx_word' id='word_1_620' title='bbox 3525 3882 3571 3935; x_wconf 92' lang='lat' dir='ltr'><strong>si</strong></span> <span class='ocrx_word' id='word_1_621' title='bbox 3613 3883 3852 3953; x_wconf 80' lang='lat' dir='ltr'><strong>benigne</strong></span> 
     </span>
    </p>
   </div>
   <div class='ocr_carea' id='block_1_86' title="bbox 2277 3965 3851 4038">
    <p class='ocr_par' dir='ltr' id='par_1_86' title="bbox 2277 3965 3851 4038">
     <span class='ocr_line' id='line_1_86' title="bbox 2277 3965 3851 4038; baseline 0.007 -22"><span class='ocrx_word' id='word_1_622' title='bbox 2277 3973 2379 4017; x_wconf 71' lang='lat' dir='ltr'><strong>tua:</strong></span> <span class='ocrx_word' id='word_1_623' title='bbox 2406 3965 2548 4018; x_wconf 88' lang='lat' dir='ltr'><strong>favet</strong></span> <span class='ocrx_word' id='word_1_624' title='bbox 2582 3966 2861 4032; x_wconf 89' lang='lat' dir='ltr'><strong>voluntati,</strong></span> <span class='ocrx_word' id='word_1_625' title='bbox 2908 3981 3007 4020; x_wconf 88' lang='lat' dir='ltr'><strong>nee</strong></span> <span class='ocrx_word' id='word_1_626' title='bbox 3051 3968 3248 4021; x_wconf 90' lang='lat' dir='ltr'><strong>domno</strong></span> <span class='ocrx_word' id='word_1_627' title='bbox 3279 3967 3456 4022; x_wconf 89' lang='lat' dir='ltr'><strong>abbati</strong></span> <span class='ocrx_word' id='word_1_628' title='bbox 3489 3969 3763 4038; x_wconf 87' lang='lat' dir='ltr'><strong>displicet,</strong></span> <span class='ocrx_word' id='word_1_629' title='bbox 3795 3979 3851 4026; x_wconf 81' lang='lat' dir='ltr'><strong>et</strong></span> 
     </span>
    </p>
   </div>
   <div class='ocr_carea' id='block_1_87' title="bbox 2272 4053 3851 4132">
    <p class='ocr_par' dir='ltr' id='par_1_87' title="bbox 2272 4053 3851 4132">
     <span class='ocr_line' id='line_1_87' title="bbox 2272 4053 3851 4132; baseline 0.007 -27"><span class='ocrx_word' id='word_1_630' title='bbox 2272 4053 2403 4106; x_wconf 87' lang='lat' dir='ltr'><strong>mihi</strong></span> <span class='ocrx_word' id='word_1_631' title='bbox 2432 4054 2581 4107; x_wconf 82' lang='lat' dir='ltr'><strong>valde</strong></span> <span class='ocrx_word' id='word_1_632' title='bbox 2607 4055 2799 4122; x_wconf 86' lang='lat' dir='ltr'><strong>placet.</strong></span> <span class='ocrx_word' id='word_1_633' title='bbox 2833 4055 2886 4108; x_wconf 90' lang='lat' dir='ltr'><strong>Si</strong></span> <span class='ocrx_word' id='word_1_634' title='bbox 2919 4066 3096 4108; x_wconf 87' lang='lat' dir='ltr'><strong>autem</strong></span> <span class='ocrx_word' id='word_1_635' title='bbox 3139 4073 3242 4110; x_wconf 90' lang='lat' dir='ltr'><strong>non</strong></span> <span class='ocrx_word' id='word_1_636' title='bbox 3271 4059 3499 4128; x_wconf 74' lang='lat' dir='ltr'><strong>benigne</strong></span> <span class='ocrx_word' id='word_1_637' title='bbox 3539 4060 3688 4114; x_wconf 75' lang='lat' dir='ltr'><strong>favet</strong></span> <span class='ocrx_word' id='word_1_638' title='bbox 3715 4078 3851 4132; x_wconf 88' lang='lat' dir='ltr'><strong>sup-</strong></span> 
     </span>
    </p>
   </div>
   <div class='ocr_carea' id='block_1_88' title="bbox 2273 4143 3852 4215">
    <p class='ocr_par' dir='ltr' id='par_1_88' title="bbox 2273 4143 3852 4215">
     <span class='ocr_line' id='line_1_88' title="bbox 2273 4143 3852 4215; baseline 0.006 -21"><span class='ocrx_word' id='word_1_639' title='bbox 2273 4143 2516 4211; x_wconf 89' lang='lat' dir='ltr'><strong>plicanti,</strong></span> <span class='ocrx_word' id='word_1_640' title='bbox 2552 4143 2644 4196; x_wconf 87' lang='lat' dir='ltr'><strong>sed</strong></span> <span class='ocrx_word' id='word_1_641' title='bbox 2667 4159 2788 4197; x_wconf 90' lang='lat' dir='ltr'><strong>eum</strong></span> <span class='ocrx_word' id='word_1_642' title='bbox 2817 4143 3076 4212; x_wconf 74' lang='lat' dir='ltr'><strong>aliquo‘m</strong></span> <span class='ocrx_word' id='word_1_643' title='bbox 3112 4161 3336 4199; x_wconf 88' lang='lat' dir='ltr'><strong>rancore</strong></span> <span class='ocrx_word' id='word_1_644' title='bbox 3377 4149 3638 4215; x_wconf 89' lang='lat' dir='ltr'><strong>permittit</strong></span> <span class='ocrx_word' id='word_1_645' title='bbox 3665 4161 3852 4206; x_wconf 83' lang='lat' dir='ltr'><strong>extor-</strong></span> 
     </span>
    </p>
   </div>
   <div class='ocr_carea' id='block_1_89' title="bbox 2273 4230 3852 4307">
    <p class='ocr_par' dir='ltr' id='par_1_89' title="bbox 2273 4230 3852 4307">
     <span class='ocr_line' id='line_1_89' title="bbox 2273 4230 3852 4307; baseline 0.006 -19"><span class='ocrx_word' id='word_1_646' title='bbox 2273 4230 2489 4304; x_wconf 45' lang='lat' dir='ltr'><strong>quenti&#39;;</strong></span> <span class='ocrx_word' id='word_1_647' title='bbox 2523 4249 2624 4288; x_wconf 89' lang='lat' dir='ltr'><strong>nec</strong></span> <span class='ocrx_word' id='word_1_648' title='bbox 2651 4235 2847 4288; x_wconf 83' lang='lat' dir='ltr'><strong>domno</strong></span> <span class='ocrx_word' id='word_1_649' title='bbox 2873 4237 3051 4289; x_wconf 88' lang='lat' dir='ltr'><strong>abbati</strong></span> <span class='ocrx_word' id='word_1_650' title='bbox 3089 4253 3186 4290; x_wconf 92' lang='lat' dir='ltr'><strong>nec</strong></span> <span class='ocrx_word' id='word_1_651' title='bbox 3213 4239 3340 4290; x_wconf 80' lang='lat' dir='ltr'><strong>milii</strong></span> <span class='ocrx_word' id='word_1_652' title='bbox 3364 4239 3537 4307; x_wconf 88' lang='lat' dir='ltr'><strong>placet</strong></span> <span class='ocrx_word' id='word_1_653' title='bbox 3563 4249 3619 4292; x_wconf 86' lang='lat' dir='ltr'><strong>ut</strong></span> <span class='ocrx_word' id='word_1_654' title='bbox 3645 4242 3852 4298; x_wconf 59' lang='lat' dir='ltr'><strong>sicore-</strong></span> 
     </span>
    </p>
   </div>
   <div class='ocr_carea' id='block_1_90' title="bbox 603 4321 3837 4403">
    <p class='ocr_par' dir='ltr' id='par_1_90' title="bbox 603 4321 3837 4403">
     <span class='ocr_line' id='line_1_90' title="bbox 603 4321 3837 4403; baseline 0.001 -22"><span class='ocrx_word' id='word_1_655' title='bbox 603 4329 803 4381; x_wconf 88' lang='lat' dir='ltr'><strong>dientia</strong></span> <span class='ocrx_word' id='word_1_656' title='bbox 838 4338 892 4380; x_wconf 91' lang='lat' dir='ltr'><strong>et</strong></span> <span class='ocrx_word' id='word_1_657' title='bbox 921 4326 1208 4394; x_wconf 87' lang='lat' dir='ltr'><strong>patientia;</strong></span> <span class='ocrx_word' id='word_1_658' title='bbox 1251 4334 1305 4378; x_wconf 89' lang='lat' dir='ltr'><strong>et</strong></span> <span class='ocrx_word' id='word_1_659' title='bbox 1351 4327 1608 4392; x_wconf 88' lang='lat' dir='ltr'><strong>scriptum</strong></span> <span class='ocrx_word' id='word_1_660' title='bbox 1649 4326 1716 4377; x_wconf 87' lang='lat' dir='ltr'><strong>sit</strong></span> <span class='ocrx_word' id='word_1_661' title='bbox 1750 4326 1874 4392; x_wconf 89' lang='lat' dir='ltr'><strong>quia</strong></span> <span class='ocrx_word' id='word_1_662' title='bbox 1911 4325 2251 4403; x_wconf 66' lang='lat' dir='ltr'><strong>obedien-D</strong></span> <span class='ocrx_word' id='word_1_663' title='bbox 2275 4325 2399 4376; x_wconf 83' lang='lat' dir='ltr'><strong>deas</strong></span> <span class='ocrx_word' id='word_1_664' title='bbox 2455 4322 2809 4390; x_wconf 70' lang='lat' dir='ltr'><strong>f‘cripturam,</strong></span> <span class='ocrx_word' id='word_1_665' title='bbox 2851 4339 3008 4392; x_wconf 88' lang='lat' dir='ltr'><strong>quam</strong></span> <span class='ocrx_word' id='word_1_666' title='bbox 3062 4334 3113 4376; x_wconf 87' lang='lat' dir='ltr'><strong>te</strong></span> <span class='ocrx_word' id='word_1_667' title='bbox 3159 4321 3395 4379; x_wconf 84' lang='lat' dir='ltr'><strong>instante</strong></span> <span class='ocrx_word' id='word_1_668' title='bbox 3422 4337 3474 4380; x_wconf 91' lang='lat' dir='ltr'><strong>et</strong></span> <span class='ocrx_word' id='word_1_669' title='bbox 3504 4328 3837 4397; x_wconf 86' lang='lat' dir='ltr'><strong>quibusdam</strong></span> 
     </span>
    </p>
   </div>
   <div class='ocr_carea' id='block_1_91' title="bbox 605 4414 2163 4486">
    <p class='ocr_par' dir='ltr' id='par_1_91' title="bbox 605 4414 2163 4486">
     <span class='ocr_line' id='line_1_91' title="bbox 605 4414 2163 4486; baseline -0.004 -12"><span class='ocrx_word' id='word_1_670' title='bbox 605 4422 736 4474; x_wconf 89' lang='lat' dir='ltr'><strong>tiam</strong></span> <span class='ocrx_word' id='word_1_671' title='bbox 769 4419 966 4471; x_wconf 89' lang='lat' dir='ltr'><strong>mavult</strong></span> <span class='ocrx_word' id='word_1_672' title='bbox 999 4419 1138 4472; x_wconf 90' lang='lat' dir='ltr'><strong>Deus</strong></span> <span class='ocrx_word' id='word_1_673' title='bbox 1167 4432 1326 4486; x_wconf 88' lang='lat' dir='ltr'><strong>quam</strong></span> <span class='ocrx_word' id='word_1_674' title='bbox 1355 4415 1677 4468; x_wconf 85' lang='lat' dir='ltr'><strong>sacrificium</strong></span> <span class='ocrx_word' id='word_1_675' title='bbox 1703 4414 1753 4483; x_wconf 83' lang='grc'><strong>(1</strong></span> <span class='ocrx_word' id='word_1_676' title='bbox 1782 4415 1909 4482; x_wconf 86' lang='lat' dir='ltr'><strong>Reg.</strong></span> <span class='ocrx_word' id='word_1_677' title='bbox 1929 4431 2017 4478; x_wconf 79' lang='lat' dir='ltr'><strong>xv,</strong></span> <span class='ocrx_word' id='word_1_678' title='bbox 2041 4415 2163 4468; x_wconf 64' lang='lat'><strong>29.&quot;</strong></span> 
     </span>
    </p>
   </div>
   <div class='ocr_carea' id='block_1_92' title="bbox 602 4503 2167 4578">
    <p class='ocr_par' dir='ltr' id='par_1_92' title="bbox 602 4503 2167 4578">
     <span class='ocr_line' id='line_1_92' title="bbox 602 4503 2167 4578; baseline -0.004 -12"><span class='ocrx_word' id='word_1_679' title='bbox 602 4523 656 4566; x_wconf 80' lang='lat' dir='ltr'><strong>et</strong></span> <span class='ocrx_word' id='word_1_680' title='bbox 681 4503 811 4578; x_wconf 15' lang='lat' dir='ltr'><strong>iquia</strong></span> <span class='ocrx_word' id='word_1_681' title='bbox 849 4509 1098 4574; x_wconf 79' lang='lat' dir='ltr'><strong>patientia</strong></span> <span class='ocrx_word' id='word_1_682' title='bbox 1148 4524 1274 4575; x_wconf 75' lang='lat' dir='ltr'><strong>Opus</strong></span> <span class='ocrx_word' id='word_1_683' title='bbox 1323 4507 1602 4573; x_wconf 79' lang='lat' dir='ltr'><strong>perfectum</strong></span> <span class='ocrx_word' id='word_1_684' title='bbox 1642 4506 1790 4558; x_wconf 79' lang='lat' dir='ltr'><strong>habet</strong></span> <span class='ocrx_word' id='word_1_685' title='bbox 1838 4504 1979 4574; x_wconf 80' lang='lat' dir='ltr'><strong>(Jac.</strong></span> <span class='ocrx_word' id='word_1_686' title='bbox 2011 4522 2048 4571; x_wconf 90' lang='lat' dir='ltr'><strong>t,</strong></span> <span class='ocrx_word' id='word_1_687' title='bbox 2089 4510 2167 4576; x_wconf 76' lang='lat'><strong>4),</strong></span> 
     </span>
    </p>
   </div>
   <div class='ocr_carea' id='block_1_93' title="bbox 605 4594 2166 4667">
    <p class='ocr_par' dir='ltr' id='par_1_93' title="bbox 605 4594 2166 4667">
     <span class='ocr_line' id='line_1_93' title="bbox 605 4594 2166 4667; baseline -0.001 -15"><span class='ocrx_word' id='word_1_688' title='bbox 605 4599 799 4652; x_wconf 86' lang='lat' dir='ltr'><strong>nullius</strong></span> <span class='ocrx_word' id='word_1_689' title='bbox 844 4599 1040 4667; x_wconf 87' lang='lat' dir='ltr'><strong>justius</strong></span> <span class='ocrx_word' id='word_1_690' title='bbox 1080 4597 1261 4665; x_wconf 91' lang='lat' dir='ltr'><strong>petitis</strong></span> <span class='ocrx_word' id='word_1_691' title='bbox 1311 4606 1362 4648; x_wconf 84' lang='lat' dir='ltr'><strong>et</strong></span> <span class='ocrx_word' id='word_1_692' title='bbox 1395 4594 1663 4663; x_wconf 86' lang='lat' dir='ltr'><strong>suscipitis</strong></span> <span class='ocrx_word' id='word_1_693' title='bbox 1691 4595 1968 4649; x_wconf 90' lang='lat' dir='ltr'><strong>consilium</strong></span> <span class='ocrx_word' id='word_1_694' title='bbox 2007 4613 2166 4665; x_wconf 91' lang='lat' dir='ltr'><strong>quam</strong></span> 
     </span>
    </p>
   </div>
   <div class='ocr_carea' id='block_1_94' title="bbox 606 4683 2168 4748">
    <p class='ocr_par' dir='ltr' id='par_1_94' title="bbox 606 4683 2168 4748">
     <span class='ocr_line' id='line_1_94' title="bbox 606 4683 2168 4748; baseline -0.001 -5"><span class='ocrx_word' id='word_1_695' title='bbox 606 4689 745 4743; x_wconf 80' lang='lat' dir='ltr'><strong>illitis</strong></span> <span class='ocrx_word' id='word_1_696' title='bbox 786 4689 870 4740; x_wconf 87' lang='lat' dir='ltr'><strong>cui</strong></span> <span class='ocrx_word' id='word_1_697' title='bbox 916 4687 1121 4739; x_wconf 88' lang='lat' dir='ltr'><strong>debetis</strong></span> <span class='ocrx_word' id='word_1_698' title='bbox 1151 4683 1542 4748; x_wconf 89' lang='lat' dir='ltr'><strong>obedientiam;</strong></span> <span class='ocrx_word' id='word_1_699' title='bbox 1583 4692 1638 4737; x_wconf 92' lang='lat' dir='ltr'><strong>et</strong></span> <span class='ocrx_word' id='word_1_700' title='bbox 1686 4683 1886 4737; x_wconf 90' lang='lat' dir='ltr'><strong>nullum</strong></span> <span class='ocrx_word' id='word_1_701' title='bbox 1943 4687 2168 4741; x_wconf 87' lang='lat' dir='ltr'><strong>servatis</strong></span> 
     </span>
    </p>
   </div>
   <div class='ocr_carea' id='block_1_95' title="bbox 605 4774 2166 4846">
    <p class='ocr_par' dir='ltr' id='par_1_95' title="bbox 605 4774 2166 4846">
     <span class='ocr_line' id='line_1_95' title="bbox 605 4774 2166 4846; baseline 0.001 -16"><span class='ocrx_word' id='word_1_702' title='bbox 605 4780 912 4846; x_wconf 81' lang='lat' dir='ltr'><strong>perfectius,</strong></span> <span class='ocrx_word' id='word_1_703' title='bbox 966 4793 1124 4844; x_wconf 88' lang='lat' dir='ltr'><strong>quam</strong></span> <span class='ocrx_word' id='word_1_704' title='bbox 1174 4791 1294 4829; x_wconf 89' lang='lat' dir='ltr'><strong>eum</strong></span> <span class='ocrx_word' id='word_1_705' title='bbox 1326 4774 1538 4828; x_wconf 88' lang='lat' dir='ltr'><strong>fortiter</strong></span> <span class='ocrx_word' id='word_1_706' title='bbox 1592 4776 1785 4829; x_wconf 89' lang='lat' dir='ltr'><strong>tenetis</strong></span> <span class='ocrx_word' id='word_1_707' title='bbox 1830 4775 2166 4844; x_wconf 88' lang='lat' dir='ltr'><strong>patientiam.</strong></span> 
     </span>
    </p>
   </div>
   <div class='ocr_carea' id='block_1_96' title="bbox 612 4867 2168 4938">
    <p class='ocr_par' dir='ltr' id='par_1_96' title="bbox 612 4867 2168 4938">
     <span class='ocr_line' id='line_1_96' title="bbox 612 4867 2168 4938; baseline 0.003 -19"><span class='ocrx_word' id='word_1_708' title='bbox 612 4869 722 4921; x_wconf 86' lang='lat' dir='ltr'><strong>lloc</strong></span> <span class='ocrx_word' id='word_1_709' title='bbox 750 4870 908 4935; x_wconf 82' lang='lat' dir='ltr'><strong>igitur</strong></span> <span class='ocrx_word' id='word_1_710' title='bbox 939 4868 1167 4920; x_wconf 88' lang='lat' dir='ltr'><strong>consulit</strong></span> <span class='ocrx_word' id='word_1_711' title='bbox 1205 4868 1432 4920; x_wconf 88' lang='lat' dir='ltr'><strong>domnus</strong></span> <span class='ocrx_word' id='word_1_712' title='bbox 1464 4867 1648 4932; x_wconf 89' lang='lat' dir='ltr'><strong>abbas,</strong></span> <span class='ocrx_word' id='word_1_713' title='bbox 1683 4868 1784 4922; x_wconf 88' lang='lat' dir='ltr'><strong>hoc</strong></span> <span class='ocrx_word' id='word_1_714' title='bbox 1831 4879 2003 4938; x_wconf 87' lang='lat' dir='ltr'><strong>rogat,</strong></span> <span class='ocrx_word' id='word_1_715' title='bbox 2031 4880 2086 4923; x_wconf 92' lang='lat' dir='ltr'><strong>et</strong></span> <span class='ocrx_word' id='word_1_716' title='bbox 2111 4884 2168 4923; x_wconf 84' lang='lat' dir='ltr'><strong>ut</strong></span> 
     </span>
    </p>
   </div>
   <div class='ocr_carea' id='block_1_97' title="bbox 611 4960 2168 5030">
    <p class='ocr_par' dir='ltr' id='par_1_97' title="bbox 611 4960 2168 5030">
     <span class='ocr_line' id='line_1_97' title="bbox 611 4960 2168 5030; baseline 0.002 -16"><span class='ocrx_word' id='word_1_717' title='bbox 611 4977 714 5014; x_wconf 68' lang='lat' dir='ltr'><strong>non</strong></span> <span class='ocrx_word' id='word_1_718' title='bbox 748 4960 915 5010; x_wconf 80' lang='lat' dir='ltr'><strong>solum</strong></span> <span class='ocrx_word' id='word_1_719' title='bbox 943 4960 1261 5013; x_wconf 80' lang='lat' dir='ltr'><strong>.consulenti</strong></span> <span class='ocrx_word' id='word_1_720' title='bbox 1311 4967 1366 5014; x_wconf 79' lang='lat' dir='ltr'><strong>et</strong></span> <span class='ocrx_word' id='word_1_721' title='bbox 1413 4962 1618 5030; x_wconf 86' lang='lat' dir='ltr'><strong>roganti</strong></span> <span class='ocrx_word' id='word_1_722' title='bbox 1651 4971 1827 5015; x_wconf 83' lang='lat' dir='ltr'><strong>vestra</strong></span> <span class='ocrx_word' id='word_1_723' title='bbox 1877 4964 2168 5017; x_wconf 89' lang='lat' dir='ltr'><strong>strenuitas</strong></span> 
     </span>
    </p>
   </div>
   <div class='ocr_carea' id='block_1_98' title="bbox 612 5051 2164 5121">
    <p class='ocr_par' dir='ltr' id='par_1_98' title="bbox 612 5051 2164 5121">
     <span class='ocr_line' id='line_1_98' title="bbox 612 5051 2164 5121; baseline 0.001 -17"><span class='ocrx_word' id='word_1_724' title='bbox 612 5052 910 5120; x_wconf 83' lang='lat' dir='ltr'><strong>acquiescat</strong></span> <span class='ocrx_word' id='word_1_725' title='bbox 931 5089 944 5112; x_wconf 97' lang='lat'><strong>,</strong></span> <span class='ocrx_word' id='word_1_726' title='bbox 971 5051 1210 5115; x_wconf 85' lang='lat' dir='ltr'><strong>quodest</strong></span> <span class='ocrx_word' id='word_1_727' title='bbox 1241 5051 1560 5105; x_wconf 88' lang='lat' dir='ltr'><strong>laudandum</strong></span> <span class='ocrx_word' id='word_1_728' title='bbox 1595 5070 1607 5105; x_wconf 91' lang='lat'>:</span> <span class='ocrx_word' id='word_1_729' title='bbox 1640 5054 1730 5108; x_wconf 90' lang='lat' dir='ltr'><strong>sed</strong></span> <span class='ocrx_word' id='word_1_730' title='bbox 1764 5063 1817 5107; x_wconf 91' lang='lat' dir='ltr'><strong>et</strong></span> <span class='ocrx_word' id='word_1_731' title='bbox 1841 5053 2164 5121; x_wconf 77' lang='lat' dir='ltr'><strong>przecipienti</strong></span> 
     </span>
    </p>
   </div>
   <div class='ocr_carea' id='block_1_99' title="bbox 2276 4411 3848 4482">
    <p class='ocr_par' dir='ltr' id='par_1_99' title="bbox 2276 4411 3848 4482">
     <span class='ocr_line' id='line_1_99' title="bbox 2276 4411 3848 4482; baseline 0.007 -18"><span class='ocrx_word' id='word_1_732' title='bbox 2276 4411 2396 4465; x_wconf 89' lang='lat' dir='ltr'><strong>aliis</strong></span> <span class='ocrx_word' id='word_1_733' title='bbox 2415 4411 2671 4467; x_wconf 80' lang='lat' dir='ltr'><strong>lratribus</strong></span> <span class='ocrx_word' id='word_1_734' title='bbox 2709 4412 2830 4479; x_wconf 85' lang='lat' dir='ltr'><strong>feci,</strong></span> <span class='ocrx_word' id='word_1_735' title='bbox 2855 4422 2903 4467; x_wconf 86' lang='lat' dir='ltr'><strong>et</strong></span> <span class='ocrx_word' id='word_1_736' title='bbox 2936 4429 3095 4482; x_wconf 86' lang='lat' dir='ltr'><strong>quam</strong></span> <span class='ocrx_word' id='word_1_737' title='bbox 3125 4424 3178 4468; x_wconf 90' lang='lat' dir='ltr'><strong>tu</strong></span> <span class='ocrx_word' id='word_1_738' title='bbox 3208 4413 3298 4468; x_wconf 91' lang='lat' dir='ltr'><strong>tibi</strong></span> <span class='ocrx_word' id='word_1_739' title='bbox 3326 4416 3521 4472; x_wconf 88' lang='lat' dir='ltr'><strong>debere</strong></span> <span class='ocrx_word' id='word_1_740' title='bbox 3551 4422 3848 4475; x_wconf 88' lang='lat' dir='ltr'><strong>transmitti</strong></span> 
     </span>
    </p>
   </div>
   <div class='ocr_carea' id='block_1_100' title="bbox 2274 4502 3850 4578">
    <p class='ocr_par' dir='ltr' id='par_1_100' title="bbox 2274 4502 3850 4578">
     <span class='ocr_line' id='line_1_100' title="bbox 2274 4502 3850 4578; baseline 0.006 -25"><span class='ocrx_word' id='word_1_741' title='bbox 2274 4502 2534 4571; x_wconf 89' lang='lat' dir='ltr'><strong>precaris,</strong></span> <span class='ocrx_word' id='word_1_742' title='bbox 2559 4503 2772 4557; x_wconf 87' lang='lat' dir='ltr'><strong>domino</strong></span> <span class='ocrx_word' id='word_1_743' title='bbox 2795 4511 2848 4558; x_wconf 91' lang='lat' dir='ltr'><strong>et</strong></span> <span class='ocrx_word' id='word_1_744' title='bbox 2888 4502 3027 4556; x_wconf 84' lang='lat' dir='ltr'><strong>Patri</strong></span> <span class='ocrx_word' id='word_1_745' title='bbox 3056 4513 3240 4558; x_wconf 87' lang='lat' dir='ltr'><strong>nostro</strong></span> <span class='ocrx_word' id='word_1_746' title='bbox 3271 4506 3681 4578; x_wconf 81' lang='lat' dir='ltr'><strong>arcltiepise0po</strong></span> <span class='ocrx_word' id='word_1_747' title='bbox 3724 4525 3850 4563; x_wconf 83' lang='lat' dir='ltr'><strong>exa-</strong></span> 
     </span>
    </p>
   </div>
   <div class='ocr_carea' id='block_1_101' title="bbox 2273 4593 3851 4666">
    <p class='ocr_par' dir='ltr' id='par_1_101' title="bbox 2273 4593 3851 4666">
     <span class='ocr_line' id='line_1_101' title="bbox 2273 4593 3851 4666; baseline 0.003 -19"><span class='ocrx_word' id='word_1_748' title='bbox 2273 4593 2581 4647; x_wconf 88' lang='lat' dir='ltr'><strong>minandam</strong></span> <span class='ocrx_word' id='word_1_749' title='bbox 2629 4608 2727 4662; x_wconf 90' lang='lat' dir='ltr'><strong>per</strong></span> <span class='ocrx_word' id='word_1_750' title='bbox 2775 4595 3028 4647; x_wconf 82' lang='lat' dir='ltr'><strong>domuum</strong></span> <span class='ocrx_word' id='word_1_751' title='bbox 3081 4593 3355 4648; x_wconf 77' lang='lat' dir='ltr'><strong>Robcrtun</strong></span> <span class='ocrx_word' id='word_1_752' title='bbox 3422 4598 3606 4660; x_wconf 88' lang='lat' dir='ltr'><strong>mitto;</strong></span> <span class='ocrx_word' id='word_1_753' title='bbox 3648 4607 3709 4651; x_wconf 88' lang='lat' dir='ltr'><strong>et</strong></span> <span class='ocrx_word' id='word_1_754' title='bbox 3755 4616 3851 4666; x_wconf 87' lang='lat' dir='ltr'><strong>per</strong></span> 
     </span>
    </p>
   </div>
   <div class='ocr_carea' id='block_1_102' title="bbox 2273 4685 3849 4756">
    <p class='ocr_par' dir='ltr' id='par_1_102' title="bbox 2273 4685 3849 4756">
     <span class='ocr_line' id='line_1_102' title="bbox 2273 4685 3849 4756; baseline 0.003 -15"><span class='ocrx_word' id='word_1_755' title='bbox 2273 4688 2547 4756; x_wconf 86' lang='lat' dir='ltr'><strong>epistolam</strong></span> <span class='ocrx_word' id='word_1_756' title='bbox 2583 4685 2693 4756; x_wconf 75' lang='lat'><strong>(20)</strong></span> <span class='ocrx_word' id='word_1_757' title='bbox 2727 4686 2872 4739; x_wconf 91' lang='lat' dir='ltr'><strong>illum</strong></span> <span class='ocrx_word' id='word_1_758' title='bbox 2904 4700 3054 4755; x_wconf 83' lang='lat' dir='ltr'><strong>rogo,</strong></span> <span class='ocrx_word' id='word_1_759' title='bbox 3096 4687 3220 4739; x_wconf 90' lang='lat' dir='ltr'><strong>utsi</strong></span> <span class='ocrx_word' id='word_1_760' title='bbox 3250 4685 3392 4738; x_wconf 87' lang='lat' dir='ltr'><strong>illum</strong></span> <span class='ocrx_word' id='word_1_761' title='bbox 3417 4689 3619 4740; x_wconf 73' lang='lat' dir='ltr'><strong>destrui</strong></span> <span class='ocrx_word' id='word_1_762' title='bbox 3643 4689 3849 4744; x_wconf 88' lang='lat' dir='ltr'><strong>debere</strong></span> 
     </span>
    </p>
   </div>
   <div class='ocr_carea' id='block_1_103' title="bbox 2272 4777 3845 4850">
    <p class='ocr_par' dir='ltr' id='par_1_103' title="bbox 2272 4777 3845 4850">
     <span class='ocr_line' id='line_1_103' title="bbox 2272 4777 3845 4850; baseline 0.001 -16"><span class='ocrx_word' id='word_1_763' title='bbox 2272 4796 2376 4834; x_wconf 86' lang='lat' dir='ltr'><strong>non</strong></span> <span class='ocrx_word' id='word_1_764' title='bbox 2425 4780 2666 4848; x_wconf 83' lang='lat' dir='ltr'><strong>jusserit,</strong></span> <span class='ocrx_word' id='word_1_765' title='bbox 2715 4778 2806 4830; x_wconf 90' lang='lat' dir='ltr'><strong>tibi</strong></span> <span class='ocrx_word' id='word_1_766' title='bbox 2850 4777 3039 4831; x_wconf 87' lang='lat' dir='ltr'><strong>reddat</strong></span> <span class='ocrx_word' id='word_1_767' title='bbox 3088 4778 3363 4846; x_wconf 79' lang='lat' dir='ltr'><strong>exemplar</strong></span> <span class='ocrx_word' id='word_1_768' title='bbox 3392 4780 3532 4848; x_wconf 78' lang='lat' dir='ltr'><strong>quod</strong></span> <span class='ocrx_word' id='word_1_769' title='bbox 3590 4783 3845 4850; x_wconf 87' lang='lat' dir='ltr'><strong>suscipit.</strong></span> 
     </span>
    </p>
   </div>
   <div class='ocr_carea' id='block_1_104' title="bbox 2275 4866 3848 4938">
    <p class='ocr_par' dir='ltr' id='par_1_104' title="bbox 2275 4866 3848 4938">
     <span class='ocr_line' id='line_1_104' title="bbox 2275 4866 3848 4938; baseline 0.001 -16"><span class='ocrx_word' id='word_1_770' title='bbox 2275 4869 2420 4938; x_wconf 78' lang='lat' dir='ltr'><strong>Roga</strong></span> <span class='ocrx_word' id='word_1_771' title='bbox 2462 4867 2625 4935; x_wconf 81' lang='lat' dir='ltr'><strong>igitur</strong></span> <span class='ocrx_word' id='word_1_772' title='bbox 2669 4881 2823 4931; x_wconf 89' lang='lat' dir='ltr'><strong>eum,</strong></span> <span class='ocrx_word' id='word_1_773' title='bbox 2868 4866 2912 4918; x_wconf 92' lang='lat' dir='ltr'><strong>si</strong></span> <span class='ocrx_word' id='word_1_774' title='bbox 2939 4867 2990 4919; x_wconf 92' lang='lat' dir='ltr'><strong>in</strong></span> <span class='ocrx_word' id='word_1_775' title='bbox 3039 4866 3283 4934; x_wconf 80' lang='lat' dir='ltr'><strong>proximo</strong></span> <span class='ocrx_word' id='word_1_776' title='bbox 3325 4868 3598 4922; x_wconf 91' lang='lat' dir='ltr'><strong>rediturus</strong></span> <span class='ocrx_word' id='word_1_777' title='bbox 3649 4885 3753 4933; x_wconf 87' lang='lat' dir='ltr'><strong>es,</strong></span> <span class='ocrx_word' id='word_1_778' title='bbox 3789 4881 3848 4924; x_wconf 94' lang='lat' dir='ltr'><strong>ut</strong></span> 
     </span>
    </p>
   </div>
   <div class='ocr_carea' id='block_1_105' title="bbox 2274 4957 3846 5029">
    <p class='ocr_par' dir='ltr' id='par_1_105' title="bbox 2274 4957 3846 5029">
     <span class='ocr_line' id='line_1_105' title="bbox 2274 4957 3846 5029; baseline 0.003 -17"><span class='ocrx_word' id='word_1_779' title='bbox 2274 4961 2582 5029; x_wconf 87' lang='lat' dir='ltr'><strong>priusquam</strong></span> <span class='ocrx_word' id='word_1_780' title='bbox 2642 4957 2855 5011; x_wconf 91' lang='lat' dir='ltr'><strong>redeas.</strong></span> <span class='ocrx_word' id='word_1_781' title='bbox 2906 4958 3179 5027; x_wconf 75' lang='lat' dir='ltr'><strong>przecipiat</strong></span> <span class='ocrx_word' id='word_1_782' title='bbox 3232 4959 3297 5012; x_wconf 90' lang='lat' dir='ltr'><strong>de</strong></span> <span class='ocrx_word' id='word_1_783' title='bbox 3341 4960 3524 5013; x_wconf 89' lang='lat' dir='ltr'><strong>eadem</strong></span> <span class='ocrx_word' id='word_1_784' title='bbox 3569 4961 3846 5028; x_wconf 88' lang='lat' dir='ltr'><strong>scriptura</strong></span> 
     </span>
    </p>
   </div>
   <div class='ocr_carea' id='block_1_106' title="bbox 2277 5051 3840 5121">
    <p class='ocr_par' dir='ltr' id='par_1_106' title="bbox 2277 5051 3840 5121">
     <span class='ocr_line' id='line_1_106' title="bbox 2277 5051 3840 5121; baseline 0.002 -19"><span class='ocrx_word' id='word_1_785' title='bbox 2277 5051 2416 5121; x_wconf 88' lang='lat' dir='ltr'><strong>quod</strong></span> <span class='ocrx_word' id='word_1_786' title='bbox 2470 5058 2829 5119; x_wconf 66' lang='lat' dir='ltr'><strong>prrecepturus</strong></span> <span class='ocrx_word' id='word_1_787' title='bbox 2877 5059 2982 5116; x_wconf 89' lang='lat' dir='ltr'><strong>est,</strong></span> <span class='ocrx_word' id='word_1_788' title='bbox 3014 5058 3278 5118; x_wconf 88' lang='lat' dir='ltr'><strong>quatenus</strong></span> <span class='ocrx_word' id='word_1_789' title='bbox 3327 5059 3420 5102; x_wconf 87' lang='lat' dir='ltr'><strong>aut</strong></span> <span class='ocrx_word' id='word_1_790' title='bbox 3462 5051 3840 5105; x_wconf 82' lang='lat' dir='ltr'><strong>confirmatam</strong></span> 
     </span>
    </p>
   </div>
   <div class='ocr_carea' id='block_1_107' title="bbox 1868 5164 2532 5221">
    <p class='ocr_par' dir='ltr' id='par_1_107' title="bbox 1868 5164 2532 5221">
     <span class='ocr_line' id='line_1_107' title="bbox 1868 5164 2532 5221; baseline -0.006 0"><span class='ocrx_word' id='word_1_791' title='bbox 1868 5167 2095 5221; x_wconf 69' lang='lat' dir='ltr'><strong>VARIAE</strong></span> <span class='ocrx_word' id='word_1_792' title='bbox 2135 5164 2532 5221; x_wconf 81' lang='lat' dir='ltr'><strong>LECTIONES.</strong></span> 
     </span>
    </p>
   </div>
   <div class='ocr_carea' id='block_1_108' title="bbox 678 5256 2195 5312">
    <p class='ocr_par' dir='ltr' id='par_1_108' title="bbox 678 5256 2195 5312">
     <span class='ocr_line' id='line_1_108' title="bbox 678 5256 2195 5312; baseline 0.001 -5"><span class='ocrx_word' id='word_1_793' title='bbox 678 5257 746 5286; x_wconf 72' lang='grc'><strong>’⁷⁵</strong></span> <span class='ocrx_word' id='word_1_794' title='bbox 775 5256 858 5308; x_wconf 86' lang='lat' dir='ltr'><strong>Illa</strong></span> <span class='ocrx_word' id='word_1_795' title='bbox 891 5272 983 5306; x_wconf 83' lang='lat' dir='ltr'><strong>sna</strong></span> <span class='ocrx_word' id='word_1_796' title='bbox 1009 5273 1102 5307; x_wconf 75' lang='lat' dir='ltr'><strong>ms.</strong></span> <span class='ocrx_word' id='word_1_797' title='bbox 1134 5256 1236 5307; x_wconf 87' lang='lat' dir='ltr'><strong>ulla</strong></span> <span class='ocrx_word' id='word_1_798' title='bbox 1262 5273 1353 5309; x_wconf 89' lang='lat' dir='ltr'><strong>sua</strong></span> <span class='ocrx_word' id='word_1_799' title='bbox 1428 5261 1492 5290; x_wconf 76' lang='lat'><strong>&quot;7</strong></span> <span class='ocrx_word' id='word_1_800' title='bbox 1523 5259 1652 5311; x_wconf 85' lang='lat' dir='ltr'><strong>Cum</strong></span> <span class='ocrx_word' id='word_1_801' title='bbox 1681 5261 1854 5312; x_wconf 78' lang='lat' dir='ltr'><strong>eodem</strong></span> <span class='ocrx_word' id='word_1_802' title='bbox 1876 5276 1973 5312; x_wconf 83' lang='lat' dir='ltr'><strong>ms.</strong></span> <span class='ocrx_word' id='word_1_803' title='bbox 2006 5258 2195 5311; x_wconf 83' lang='lat' dir='ltr'><strong>collata</strong></span> 
     </span>
    </p>
   </div>
   <div class='ocr_carea' id='block_1_109' title="bbox 1537 5327 2939 5384">
    <p class='ocr_par' dir='ltr' id='par_1_109' title="bbox 1537 5327 2939 5384">
     <span class='ocr_line' id='line_1_109' title="bbox 1537 5327 2939 5384; baseline -0.001 -3"><span class='ocrx_word' id='word_1_804' title='bbox 1537 5331 1604 5360; x_wconf 73' lang='lat'>&quot;°</span> <span class='ocrx_word' id='word_1_805' title='bbox 1649 5331 2061 5384; x_wconf 67' lang='lat' dir='ltr'><strong>(Jonsulcremus</strong></span> <span class='ocrx_word' id='word_1_806' title='bbox 2112 5343 2209 5381; x_wconf 91' lang='lat' dir='ltr'><strong>nos</strong></span> <span class='ocrx_word' id='word_1_807' title='bbox 2261 5343 2356 5379; x_wconf 74' lang='lat' dir='ltr'><strong>ms.</strong></span> <span class='ocrx_word' id='word_1_808' title='bbox 2413 5327 2813 5379; x_wconf 89' lang='lat' dir='ltr'><strong>consideremus</strong></span> <span class='ocrx_word' id='word_1_809' title='bbox 2843 5341 2939 5380; x_wconf 91' lang='lat' dir='ltr'><strong>nos</strong></span> 
     </span>
    </p>
   </div>
   <div class='ocr_carea' id='block_1_110' title="bbox 612 5327 1435 5392">
    <p class='ocr_par' dir='ltr' id='par_1_110' title="bbox 612 5327 1435 5392">
     <span class='ocr_line' id='line_1_110' title="bbox 612 5327 1435 5392; baseline 0.004 -14"><span class='ocrx_word' id='word_1_810' title='bbox 612 5335 724 5378; x_wconf 87' lang='lat' dir='ltr'><strong>tare</strong></span> <span class='ocrx_word' id='word_1_811' title='bbox 753 5343 844 5376; x_wconf 79' lang='lat' dir='ltr'><strong>nis.</strong></span> <span class='ocrx_word' id='word_1_812' title='bbox 870 5328 1007 5392; x_wconf 90' lang='lat' dir='ltr'><strong>quod</strong></span> <span class='ocrx_word' id='word_1_813' title='bbox 1056 5342 1152 5379; x_wconf 89' lang='lat' dir='ltr'><strong>nec</strong></span> <span class='ocrx_word' id='word_1_814' title='bbox 1197 5327 1435 5381; x_wconf 88' lang='lat' dir='ltr'><strong>dubitare</strong></span> 
     </span>
    </p>
   </div>
   <div class='ocr_carea' id='block_1_111' title="bbox 609 5394 1733 5468">
    <p class='ocr_par' dir='ltr' id='par_1_111' title="bbox 609 5394 1733 5468">
     <span class='ocr_line' id='line_1_111' title="bbox 609 5394 1733 5468; baseline 0.004 -21"><span class='ocrx_word' id='word_1_815' title='bbox 609 5395 680 5426; x_wconf 78' lang='lat'><strong>”&#39;</strong></span> <span class='ocrx_word' id='word_1_816' title='bbox 700 5394 834 5448; x_wconf 87' lang='lat' dir='ltr'><strong>Eum</strong></span> <span class='ocrx_word' id='word_1_817' title='bbox 863 5396 1039 5463; x_wconf 89' lang='lat' dir='ltr'><strong>aliquo</strong></span> <span class='ocrx_word' id='word_1_818' title='bbox 1065 5413 1159 5448; x_wconf 87' lang='lat' dir='ltr'><strong>ms.</strong></span> <span class='ocrx_word' id='word_1_819' title='bbox 1191 5399 1377 5450; x_wconf 81' lang='lat' dir='ltr'><strong>rectius</strong></span> <span class='ocrx_word' id='word_1_820' title='bbox 1407 5413 1526 5452; x_wconf 91' lang='lat' dir='ltr'><strong>cum</strong></span> <span class='ocrx_word' id='word_1_821' title='bbox 1557 5398 1733 5468; x_wconf 86' lang='lat' dir='ltr'><strong>aliquo</strong></span> 
     </span>
    </p>
   </div>
   <div class='ocr_carea' id='block_1_112' title="bbox 681 5553 1260 5622">
    <p class='ocr_par' dir='ltr' id='par_1_112' title="bbox 681 5553 1260 5622">
     <span class='ocr_line' id='line_1_112' title="bbox 681 5553 1260 5622; baseline 0.012 -18"><span class='ocrx_word' id='word_1_822' title='bbox 681 5553 793 5622; x_wconf 61' lang='grc' dir='ltr'><strong>(ΩΟ)</strong></span> <span class='ocrx_word' id='word_1_823' title='bbox 835 5553 996 5614; x_wconf 73' lang='lat' dir='ltr'><strong>Epist.</strong></span> <span class='ocrx_word' id='word_1_824' title='bbox 1035 5556 1118 5608; x_wconf 74' lang='grc'><strong>65.</strong></span> <span class='ocrx_word' id='word_1_825' title='bbox 1148 5575 1260 5611; x_wconf 72' lang='grc' dir='ltr'><strong>δην.</strong></span> 
     </span>
    </p>
   </div>
   <div class='ocr_carea' id='block_1_113' title="bbox 2297 5254 3839 5378">
    <p class='ocr_par' dir='ltr' id='par_1_113' title="bbox 2297 5254 3839 5378">
     <span class='ocr_line' id='line_1_113' title="bbox 2297 5254 3839 5320; baseline 0.002 -11"><span class='ocrx_word' id='word_1_826' title='bbox 2297 5258 2364 5288; x_wconf 79' lang='grc'><strong>³⁷⁸</strong></span> <span class='ocrx_word' id='word_1_827' title='bbox 2407 5256 2728 5309; x_wconf 78' lang='lat' dir='ltr'><strong>Consuluisti</strong></span> <span class='ocrx_word' id='word_1_828' title='bbox 2764 5273 2860 5309; x_wconf 79' lang='lat' dir='ltr'><strong>ms.</strong></span> <span class='ocrx_word' id='word_1_829' title='bbox 2896 5254 3172 5309; x_wconf 88' lang='lat' dir='ltr'><strong>consulitis</strong></span> <span class='ocrx_word' id='word_1_830' title='bbox 3272 5255 3339 5285; x_wconf 78' lang='grc' dir='ltr'><strong>²⁷θ</strong></span> <span class='ocrx_word' id='word_1_831' title='bbox 3367 5255 3518 5320; x_wconf 77' lang='lat' dir='ltr'><strong>Quod</strong></span> <span class='ocrx_word' id='word_1_832' title='bbox 3550 5270 3651 5309; x_wconf 88' lang='lat' dir='ltr'><strong>non</strong></span> <span class='ocrx_word' id='word_1_833' title='bbox 3679 5256 3839 5312; x_wconf 82' lang='lat' dir='ltr'><strong>dubi-</strong></span> 
     </span>
     <span class='ocr_line' id='line_1_114' title="bbox 2297 5323 3834 5378; baseline 0.001 -1"><span class='ocrx_word' id='word_1_834' title='bbox 2297 5343 2356 5378; x_wconf 74' lang='grc' dir='ltr'><strong>ιδ.</strong></span> <span class='ocrx_word' id='word_1_835' title='bbox 2413 5327 2813 5378; x_wconf 90' lang='lat' dir='ltr'><strong>consideremus</strong></span> <span class='ocrx_word' id='word_1_836' title='bbox 2843 5341 2939 5378; x_wconf 90' lang='lat' dir='ltr'><strong>nos</strong></span> <span class='ocrx_word' id='word_1_837' title='bbox 3039 5324 3106 5355; x_wconf 79' lang='grc'><strong>¹⁸¹</strong></span> <span class='ocrx_word' id='word_1_838' title='bbox 3146 5323 3274 5378; x_wconf 86' lang='lat' dir='ltr'><strong>Cum</strong></span> <span class='ocrx_word' id='word_1_839' title='bbox 3304 5329 3477 5377; x_wconf 77' lang='lat' dir='ltr'><strong>eodem</strong></span> <span class='ocrx_word' id='word_1_840' title='bbox 3506 5341 3598 5378; x_wconf 78' lang='lat' dir='ltr'><strong>ms.</strong></span> <span class='ocrx_word' id='word_1_841' title='bbox 3631 5327 3834 5378; x_wconf 81' lang='lat' dir='ltr'><strong>collata</strong></span> 
     </span>
    </p>
   </div>
   <div class='ocr_carea' id='block_1_114' title="bbox 3191 5339 3834 5381">
    <p class='ocr_par' dir='ltr' id='par_1_114' title="bbox 3191 5339 3834 5381">
     <span class='ocr_line' id='line_1_115' title="bbox 3191 5339 3834 5381; baseline 0.008 -5"><span class='ocrx_word' id='word_1_842' title='bbox 3191 5341 3274 5376; x_wconf 86' lang='lat' dir='ltr'><strong>um</strong></span> <span class='ocrx_word' id='word_1_843' title='bbox 3304 5339 3477 5377; x_wconf 72' lang='lat' dir='ltr'><strong>cortem</strong></span> <span class='ocrx_word' id='word_1_844' title='bbox 3506 5341 3598 5378; x_wconf 66' lang='grc' dir='ltr'><strong>ηις.</strong></span> <span class='ocrx_word' id='word_1_845' title='bbox 3631 5339 3834 5381; x_wconf 81' lang='lat' dir='ltr'><strong>cottata</strong></span> 
     </span>
    </p>
   </div>
   <div class='ocr_carea' id='block_1_115' title="bbox 1804 5477 2715 5540">
    <p class='ocr_par' dir='ltr' id='par_1_115' title="bbox 1804 5477 2715 5540">
     <span class='ocr_line' id='line_1_116' title="bbox 1804 5477 2715 5540; baseline -0.01 -2"><span class='ocrx_word' id='word_1_846' title='bbox 1804 5485 2080 5540; x_wconf 63' lang='lat' dir='ltr'><strong>JOANNIS</strong></span> <span class='ocrx_word' id='word_1_847' title='bbox 2118 5483 2382 5538; x_wconf 69' lang='lat' dir='ltr'><strong>PICARD&#39;</strong></span> <span class='ocrx_word' id='word_1_848' title='bbox 2423 5481 2647 5536; x_wconf 68' lang='grc' dir='ltr'><strong>ΝΟΤᾹΞ.</strong></span> <span class='ocrx_word' id='word_1_849' title='bbox 2710 5477 2715 5487; x_wconf 52' lang='grc'>⁸</span> 
     </span>
    </p>
   </div>
  </div>
