4214 6190
636 136 763 189 “59

1178 141 1234 193 S.
1276 140 1569 195 ANSELMI
1610 144 1954 202 CANTUAR.
1986 148 2305 203 AllCHlEl’.
2346 146 2495 202 OPP.
2538 148 2715 204 PARS
2751 150 2907 204 Ill.——
2938 153 3311 209 El‘lSTOL/E.

3724 157 3849 212 1H0

626 255 892 309 nitionezn
930 266 1161 309 vestram
1197 254 1449 331 suscipio,
1495 266 1548 309 ct
1588 259 1861 313 lmmiliter
1894 264 2197 331 reSponsio-
2228 271 2269 324 Λ
2302 263 2480 315 divina
2515 263 2813 333 Scriptura,
2849 266 2913 318 de
2945 266 3286 318 ttihulatione
3315 268 3553 319 nascitur
3574 268 3846 335 patientia,

628 359 749 399 nem
793 354 1028 402 nostram
1062 356 1311 411 suggero.
1346 346 1423 399 De
1467 347 1569 401 illis
1588 351 1822 417 quidem,
1848 368 1966 419 qu:e
2014 354 2065 405 in
2106 354 2194 405 illo

623 435 882 503 'opnscnlo
905 432 1047 488 dicta
1071 442 1215 494 sntit,
1244 449 1363 501 quze
1394 437 1591 491 salubri
1620 441 1950 507 sapientiquc
1974 443 2195 495 consilio

623 526 783 595 337
798 522 1025 579 monetis
1048 522 1101 576 in
1124 534 1199 579 sla
1212 534 1322 579 tera
1343 530 1537 583 mentis
1551 528 1707 582 solcrt
1718 530 1797 583 ius
1810 531 2153 598 appendcnda
2176 549 2189 595 ;

625 625 812 671 etcum
834 616 1061 671 eruditis
1091 616 1141 668 in
1168 618 1621 672 sacriscodicibus
1641 619 1997 684 conferenda;
2029 631 2082 674 et
2104 622 2190 677 ubi

564 758 576 772 ,
628 706 763 761 ratio
788 706 989 769 deﬁcit,
1022 707 1219 761 divinis
1267 710 1674 763 auctoritatibus
1709 712 2058 779 aecingenda,
2093 713 2192 767 hoc

624 786 1117 869 etpost‘paternam
1146 798 1537 868 atuabileniqne
1588 811 1819 854 vestram
1874 804 2193 857 adinonitio~

624 902 776 951 nem,
799 898 853 941 et
898 899 1023 943 ante
1058 889 1181 952 feci,
1248 900 1504 955 quantum
1554 892 1722 960 potui'.
1763 892 1895 946 Nam
1934 896 2045 948 lucc
2074 911 2189 948 mea

624 978 725 1032 fuit
754 988 980 1035 Intentio
1014 998 1110 1051 per
1141 990 1306 1035 totam
1335 982 1479 1036 illaut
1503 985 1929 1055 qualemcunque
1951 987 2190 1055 disputa-

622 1068 843 1135 tionem,
870 1078 928 1123 nt
949 1070 1167 1124 omnino
1192 1070 1324 1123 nihil
1359 1071 1427 1126 ibi
1453 1086 1753 1128 assererem
1794 1075 1864 1105 ³⁸³
1882 1115 1898 1138 ,
1926 1076 2027 1128 nisi
2050 1076 2189 1143 quod

622 1176 712 1219 aut
737 1167 1032 1235 canonicis,
1061 1178 1153 1223 ant
1182 1170 1322 1223 beati
1352 1171 1634 1241 Augustini
1670 1172 1826 1226 dictis
1870 1177 2187 1245 incunctan—

623 1267 705 1312 ter
723 1272 881 1328 posse
908 1258 1119 1314 defendi
1152 1261 1392 1315 viderem
1424 1279 1436 1314 :
1466 1271 1520 1317 et
1578 1278 1718 1316 nunc
1765 1265 2190 1333 quotiescunque

621 1362 684 1401 ea
712 1364 833 1419 quae
864 1350 975 1405 dixi
1004 1359 1258 1415 retracto,
1292 1352 1422 1405 nihil
1452 1352 1595 1405 aliud
1636 1367 1721 1405 me
1745 1355 2038 1409 asseruissc
2065 1372 2188 1425 per-

620 1441 801 1509 cipere
820 1456 1063 1511 possunt.
1104 1443 1314 1503 Etenim
1358 1458 1420 1496 ea
1466 1459 1585 1511 qum
1610 1460 1676 1498 ex
1698 1444 1888 1503 eodem
1932 1448 2190 1514 opusculo

618 1531 815 1586 vestris
855 1533 1049 1588 litteris
1077 1534 1393 1599 inseruistis,
1422 1544 1478 1589 et
1507 1537 1749 1605 qntedam
1790 1536 1893 1591 alia
1921 1553 2039 1607 qua:
2081 1554 2186 1594 non

2298 370 2417 422 qua:
2463 372 2589 423 opus
2632 356 2910 421 perfectum
2946 357 3091 409 lmliet
3120 355 3258 423 (Jac.
3316 373 3353 417 I,
3400 358 3452 423 ιι)
3478 374 3492 421 ;
3522 369 3574 409 ct
3604 359 3851 424 probatio,

2297 462 2415 512 qua!
2434 460 2687 514 operatur
2711 464 2870 516 spem,
2905 434 3159 515 quietum
3181 449 3449 518 confundit
3480 449 3653 518 (Rom.
3677 466 3727 511 ι’.
3758 450 3850 515 ii:

2288 535 2479 605 utique
2512 554 2613 590 non
2646 538 2886 605 intelligo
2932 556 3034 591 non
3067 550 3271 593 tantum
3315 554 3433 593 esse
3476 542 3851 595 condolendtun

2297 637 2492 680 vestrm
2540 630 2812 683 sanctitati
2844 630 2895 682 in
2928 630 3288 694 tribulatione,
3344 639 3560 700 propter
3624 632 3853 685 laborem

2293 732 2453 784 quem
2487 733 2552 772 ex
2579 719 2665 772 illa
2709 722 2999 789 suscipitis,
3054 735 3314 791 quantum
3379 726 3853 793 congratulandum

2294 820 2511 876 propter
2530 812 2912 879 perfectionem
2939 826 2992 869 et
3012 831 3182 883 spem,
3216 816 3280 869 ad
3304 833 3547 886 quasper
3567 818 3707 870 illam
3736 833 3856 885 pro-

2293 898 2469 954 iicitis.
2506 900 2687 954 Gloria
2715 902 2874 970 igitur
2927 906 2977 957 itt
3032 905 3258 959 evcclsis
3285 907 3413 964 Deo.
3439 909 3523 960 cui
3555 908 3659 961 vita
3683 918 3853 961 vestra

2292 991 2369 1047 sic
2398 992 2614 1060 placuit,
2649 1002 2707 1046 ιιι
2734 1008 2849 1047 eam
2873 997 2937 1048 ad
2954 997 3256 1065 exemplum
3284 998 3579 1064 exultaret;
3611 998 3856 1053 ctGlnria

2293 1081 2345 1133 in
2378 1082 2604 1135 excelsis
2630 1082 2969 1151 Deo,quiwsic
2994 1101 3087 1139 vos
3119 1085 3327 1147 dilexit,
3374 1095 3433 1140 nt
3477 1102 3572 1140 vos
3630 1089 3681 1140 in
3739 1088 3858 1155 igne

2293 1173 2658 1227 tribulationis
2722 1176 3041 1241 collocaret;
3120 1158 3391 1246 quatenus
3452 1192 3612 1245 Opera
3681 1187 3860 1231 vestra

2292 1276 2460 1330 usque
2488 1264 2553 1314 ad
2585 1264 2992 1330 perfectionem,
3024 1275 3077 1319 et
3110 1283 3258 1334 spem
3316 1276 3551 1320 vestram
3603 1282 3772 1336 usque
3792 1267 3858 1319 ad

2289 1350 2526 1403 debitum
2554 1353 2715 1404 robur
2734 1364 3080 1421 exroqueret.
3105 1354 3234 1407 Nam
3262 1356 3305 1409 si
3336 1356 3664 1425 diligentibus
3698 1355 3861 1408 Deum

2289 1437 2463 1491 oumiu
2494 1452 2836 1508 cooperantur
2863 1444 2917 1494 in
2944 1442 3130 1496 bonum
3156 1443 3332 1512 (Rom.
3356 1460 3472 1506 VIII,
3503 1444 3615 1513 28),
3642 1460 3741 1497 enr
3776 1444 3859 1495 di-

2294 1528 2515 1596 ligentes
2575 1546 2696 1585 eum
2744 1546 2850 1585 non
2897 1532 2948 1586 in
2978 1533 3229 1587 omnibus
3274 1532 3607 1587 exsultantes
3656 1533 3859 1603 gratias

606 1621 947 1705 Iinseruistis,
986 1626 1128 1678 nulla
1160 1626 1290 1681 Inibi
1318 1627 1663 1683 ratiocinatio
1710 1645 1850 1693 mea,
1897 1605 2189 1700 quantum-
2220 1605 2263 1659 Β
2290 1634 2450 1693 agant
2468 1637 2564 1692 pro
2584 1623 2762 1676 bono?
2789 1623 2880 1677 Sic
2907 1633 3082 1679 tamen
3100 1624 3200 1679 hoc
3227 1640 3386 1694 agere
3412 1624 3629 1691 debent,
3651 1636 3705 1679 nt
3729 1640 3866 1694 quo-

619 1713 751 1770 libet
796 1716 1067 1772 vilerctur
1107 1720 1434 1784 necessaria,
1487 1724 1842 1790 persuasisset
1881 1736 1940 1778 ut
1986 1726 2190 1795 primus

620 1804 799 1859 dicere
826 1820 1229 1877 praesumerem.
1264 1809 1367 1863 Etr-
1393 1811 1535 1865 enim
1566 1813 1679 1882 ipsa
1727 1815 1817 1891 sie_
1855 1816 2045 1870 beatus
2086 1816 2193 1871 Au-
2230 1844 2239 1853 -

618 1898 939 1964 gnstinusiu
968 1898 1109 1953 libro
1144 1898 1219 1953 De
1247 1899 1501 1956 Trinitate
1548 1904 1660 1957 suis
1707 1906 1914 1975 magnis
1954 1906 2193 1975 disputa—

621 1987 855 2043 tionibus
876 1990 1091 2059 probat,
1122 2000 1180 2043 ut
1203 1991 1391 2046 eadem
1435 1995 1587 2061 quasi
1612 2009 1728 2048 mea
1754 1995 1987 2049 breviori
2011 1996 2080 2027 ω
2110 2012 2193 2049 ra-

622 2076 973 2134 tiocinatione
1000 2079 1278 2135 inveniens
1301 2121 1315 2142 ,
1341 2081 1458 2149 ejus
1482 2082 1717 2139 conlisus
1768 2086 2089 2139 auctoritate
2113 2086 2193 2139 di-

621 2180 827 2222 celem.
856 2166 1007 2234 Quod
1036 2169 1176 2233 dico,
1202 2185 1307 2224 non
1332 2170 1531 2238 aliquid
1554 2188 1739 2247 eorum
1770 2189 1888 2243 qua:
1914 2176 2021 2231 dixi
2052 2176 2191 2245 apud

613 2277 715 2321 vos
750 2264 1120 2332 defendendo;
1144 2269 1237 2322 sed
1263 2283 1327 2322 ea
1359 2283 1442 2323 me
1460 2286 1563 2323 non
1597 2285 1627 2322 a
1656 2286 1741 2325 me
1768 2272 2191 2341 pnesumpsissc,

619 2355 714 2409 sed
738 2354 808 2409 ab
862 2355 973 2410 alio
1019 2357 1377 2431 assumpsisse
1406 2360 1759 2415 ostendendo.
1787 2360 2196 2427 Quomodocun-

619 2460 726 2515 que
760 2446 905 2501 enim
935 2438 1053 2503 sese
1075 2447 1330 2513 habeant,
1362 2450 1628 2520 scriptura
1662 2451 1773 2518 ipsa
1818 2452 1899 2506 vel
1946 2452 2194 2506 servandi

622 2538 709 2594 vel
736 2538 947 2595 delendi
977 2540 1045 2597 de
1069 2549 1245 2597 vestra
1278 2546 1600 2596 auctoritate
1652 2540 1954 2611 iussionem
2008 2558 2195 2611 exspe-

622 2640 755 2685 ctat.
786 2629 1039 2697 Quzedam
1068 2640 1267 2695 tamen,
1293 2646 1412 2701 qua:
1437 2632 1508 2685 ihi
1549 2633 1681 2697 dixi,
1709 2632 2083 2709 meiiusaliter
2106 2648 2197 2703 po-

629 2722 798 2777 tuisse
827 2722 957 2784 dici,
979 2728 1092 2776 ctu
1124 2736 1210 2776 me
1236 2722 1314 2776 sic
1342 2738 1463 2777 esse
1496 2723 1637 2777 dicta
1669 2740 1775 2777 non
1826 2725 1963 2779 bene
1984 2735 2040 2776 nt
2069 2723 2200 2777 faci-

623 2809 729 2865 lius
756 2810 961 2878 possint
1009 2807 1232 2881 intelligi
1271 2809 1409 2864 male
1444 2825 1605 2879 quam
1650 2812 1805 2872 bene.
1841 2823 1893 2866 et
1922 2812 2000 2865 sic
2021 2812 2195 2867 difl'ido

621 2897 690 2952 de
728 2910 847 2952 mea
875 2896 1182 2965 insipientia
1227 2906 1286 2951 ut
1313 2913 1415 2951 non
1447 2914 1666 2969 negem;
1710 2910 1765 2953 et
1785 2898 1866 2954 sic
1898 2900 2109 2953 confido
2132 2900 2196 2953 de

2293 1719 2434 1771 niam
2462 1717 2532 1748 ²⁹⁶
2557 1717 2728 1771 nescit
2754 1716 2915 1769 homo
2943 1725 3314 1785 utrumamore
3351 1717 3537 1785 dignus
3558 1716 3623 1769 sit
3652 1733 3722 1769 an
3743 1717 3860 1768 odio

2294 1805 2488 1870 (Eccle.
2536 1822 2614 1870 Ix,
2648 1806 2723 1874 1),
2754 1806 2996 1860 serviant
3023 1806 3248 1859 Domino
3279 1806 3331 1859 in
3363 1804 3578 1871 timore,
3600 1816 3653 1859 et
3683 1803 3864 1858 exsul-

2295 1907 2407 1952 teut
2433 1898 2481 1952 ei
2508 1897 2559 1950 in
2591 1908 2843 1951 tremore.
2878 1896 2989 1951 lloc
3012 1906 3188 1950 tamen
3225 1896 3401 1950 omnis
3429 1909 3617 1949 servus
3643 1894 3735 1948 Dei
3764 1893 3862 1947 ob-

2292 2004 2513 2043 servare
2534 1989 2714 2050 debet,
2746 2003 2817 2042 ne
2838 1988 3234 2044 tribulationem
3253 1988 3556 2057 putetquod
3589 1984 3864 2039 tribulatio

2294 2093 2398 2131 non
2422 2086 2526 2131 est.
2555 2077 2634 2132 Ne
2657 2094 2776 2132 cum
2808 2080 2860 2133 id
2886 2078 3026 2146 quod
3052 2092 3150 2131 nec
3186 2078 3387 2131 sentire
3429 2076 3606 2141 debet,
3638 2075 3862 2129 tribula-

2296 2168 2495 2222 tionem
2526 2169 2770 2235 deputat,
2803 2168 2873 2220 ibi
2898 2167 3220 2236 iudicandus
3243 2167 3313 2220 sit
3349 2179 3414 2219 eo
3450 2166 3565 2234 ipso
3592 2164 3736 2233 quod
3772 2164 3866 2218 do-

2296 2256 2369 2311 let
2395 2257 2536 2325 qnod
2561 2256 2743 2310 dolere
2769 2272 2872 2310 non
2898 2258 3079 2320 debet,
3110 2273 3178 2311 ex
3229 2255 3558 2321 infirmitatis
3598 2256 3861 2310 teneritu-

2296 2345 2422 2399 dine
2451 2346 2519 2377 '"
2547 2344 2897 2399 succubuisse
2921 2362 2935 2409 ;
2955 2345 3044 2397 tibi
3077 2326 3301 2412 sepntat
3325 2361 3420 2411 per
3443 2345 3717 2412 patientia:
3754 2344 3864 2397 for-

2301 2436 2583 2490 titudinem
2631 2435 2987 2504 superavisse.
3018 2432 3109 2488 Sic
3131 2426 3275 2487 enim
3320 2434 3636 2487 aestimando
3662 2448 3721 2487 se
3748 2448 3866 2487 esse

2300 2527 2524 2597 aliquid,
2551 2543 2672 2581 cum
2690 2528 2820 2581 nihil
2849 2528 2936 2589 sit,
2969 2527 3081 2595 ipse
3109 2542 3168 2581 se
3200 2524 3439 2581 'sedncit.
3468 2524 3669 2581 Hortor
3689 2526 3869 2595 itaque

2301 2619 2642 2672 sanctitatem
2672 2626 2928 2679 vestram,
2953 2626 3012 2670 ut
3057 2616 3203 2670 nullo
3255 2616 3414 2669 modo
3469 2615 3865 2670 trilmlationem

2300 2710 2520 2777 putetis,
2542 2709 2683 2777 quod
2712 2722 2813 2762 nec
2836 2723 3029 2777 corpus
3075 2723 3175 2761 nec
3221 2707 3455 2773 animam
3500 2706 3659 2761 lmdil.
3690 2706 3799 2760 Nec
3823 2707 3867 2759 si

2300 2799 2600 2852 adversitas
2619 2813 2805 2852 earum
2830 2812 3008 2851 rerum
3032 2811 3166 2865 quas
3186 2811 3372 2851 servus
3394 2795 3489 2851 Dei
3511 2805 3867 2851 contemnere

2300 2890 2477 2949 debet.
2509 2903 2604 2942 vos
2650 2888 2955 2952 contristat,
2985 2888 3224 2956 probetis
3248 2902 3343 2942 vos
3371 2886 3668 2956 plusquam
3709 2904 3869 2957 opor-

620 2997 801 3044 vestm
854 2958 1117 3059 εερῑέηιῑςι
1151 2998 1207 3042 ut
1239 3004 1301 3043 ea
1328 3004 1485 3059 posse
1518 2958 1724 3061 ’ξονι-’ξεῖ
1767 3006 2000 3059 sperem.
2056 2990 2197 3058 ρης.-
2224 2958 2269 3019 C
2303 2986 2379 3030 tet
2401 2976 2711 3030 transitoria
2744 2976 3028 3046 diligendo,
3062 2975 3240 3029 minus
3282 2989 3440 3043 quam
3481 2975 3635 3028 decet
3666 2984 3868 3028 aeterna

625 3088 846 3150 prepter
876 3078 1019 3150 quod
1067 3080 1132 3134 de
1159 3080 1346 3135 eodem
1388 3081 1647 3150 opusculo
1701 3082 1978 3137 vobiscum
2016 3082 2199 3136 confe-

628 3170 798 3225 rendo
820 3170 1020 3235 dicitis,
1053 3172 1259 3224 utinam
1311 3172 1605 3225 secundum
1635 3170 1921 3241 benignam
1952 3171 2198 3224 volunta-

627 3272 735 3316 tem
774 3262 867 3317 Dei
896 3260 1070 3328 lieret,
1094 3271 1153 3316 ut
1175 3272 1230 3317 et
1257 3263 1321 3316 de
1363 3261 1453 3315 illo
1475 3270 1530 3315 ct
1553 3261 1619 3315 de
1654 3261 2061 3331 quibuscunque
2084 3261 2197 3314 rel-

624 3350 731 3408 lem
748 3348 961 3408 liceret.
1116 3338 1141 3359 ’“

1085 3441 1414 3497 EPISTOLA
1453 3442 1607 3497 LXIX
1651 3444 1740 3494 ”'.

1188 3548 1253 3587 Αο
1299 3548 1631 3588 ῦιικιιιῑιπωι.

953 3627 1027 3680 De
1049 3626 1313 3693 pontiﬁcio
1338 3627 1529 3677 honore
1557 3626 1873 3693 gratulatur.

699 3718 838 3773 Olim
891 3717 1239 3769 dilectissimo
1291 3715 1465 3779 fratri,
1517 3730 1659 3767 nunc
1686 3715 1995 3769 dulcissimo
2030 3716 2196 3775 Patri,

625 3809 757 3879 tian
786 3817 839 3863 et
873 3823 1013 3860 nunc
1036 3806 1329 3871 reverenda
1370 3805 1587 3859 domino
1628 3805 1916 3860 venerabili
1946 3805 2197 3872 episcoiio

625 3900 913 3957 Goﬂouu’o
939 3897 1105 3952 frater
1128 3899 1407 3955 Assstuus
1436 3913 1649 3967 semper
1697 3912 1847 3960 suus,
1875 3896 1951 3949 sic
1982 3894 2198 3963 explere

624 3990 933 4061 eoisc0pale
956 3986 1212 4055 oliicium,
1246 3998 1302 4043 ut
1330 4000 1589 4043 a‘tcrtmtn
1625 3994 1986 4055 consequatur
2038 3985 2197 4041 bene-

626 4082 833 4136 ficium.

698 4175 998 4242 Antequam
1052 4172 1181 4226 mihi
1204 4171 1388 4225 liceret
1442 4171 1763 4225 dulcissimzc
1814 4167 2085 4223 sanctitati
2108 4181 2195 4218 ve-

628 4274 755 4317 atra:
797 4262 1003 4316 litteras
1058 4261 1431 4313 exsultationis
1496 4274 1593 4327 pro
1642 4268 1818 4312 vestra
1870 4256 2197 4310 esaltatiose

2302 3066 2543 3137 diligere.
2582 3066 2781 3135 Aperte
2808 3065 2951 3119 enim
3001 3064 3367 3132 unusquisque
3422 3064 3583 3117 homo
3628 3062 3869 3117 ostendit

2301 3171 2360 3209 se
2386 3171 2447 3209 ea
2475 3156 2720 3224 diligere,
2774 3168 2999 3221 quorum
3049 3155 3320 3206 hesioneni
3368 3153 3475 3219 pati
3534 3166 3639 3205 non
3696 3162 3871 3220 potest

2299 3245 2419 3298 sine
2449 3244 2684 3299 tristitia.
2718 3241 2886 3296 Nemo
2924 3242 3068 3296 enim
3112 3240 3406 3294 molestiam
3437 3240 3545 3308 pati
3570 3240 3865 3302 existimat,

2302 3334 2550 3387 uisieum
2596 3332 2649 3386 in
2706 3332 2791 3385 his
2835 3347 2954 3399 qua:
2994 3331 3169 3400 diligit
3226 3330 3600 3384 adversitatenI
3650 3328 3864 3383 tolerat.

2302 3425 2563 3479 Dilectum
2585 3422 2805 3477 frattem
2828 3430 3070 3475 nostrum
3092 3420 3420 3475 Richardum
3442 3434 3506 3475 ea
3538 3434 3642 3488 qua
3675 3435 3869 3489 possu-

2302 3532 2419 3572 mus
2444 3515 2766 3570 charitativa
2788 3512 3148 3567 sollicitudine
3173 3520 3364 3565 vestra:
3382 3511 3692 3579 paternitati
3720 3526 3870 3564 com-

2301 3607 2522 3671 mendo;
2554 3613 2818 3674 quatenus
2849 3618 2953 3657 non
2978 3602 3051 3655 illi
3079 3588 3256 3664 obSit,
3284 3601 3422 3668 quod
3453 3616 3481 3653 a
3514 3608 3699 3652 nostra
3741 3612 3869 3651 con-

2300 3698 2605 3751 versatione
2661 3695 2990 3764 seiungitur;
3048 3694 3139 3747 sed
3169 3694 3339 3763 magis
3366 3692 3441 3746 illi
3470 3692 3671 3761 prosit,
3725 3690 3868 3761 quod

2301 3797 2493 3843 vestrae
2527 3785 2878 3839 familiaritati
2906 3784 3263 3852 coniungitur.

2827 3873 3152 3927 EPIS'I‘OLA
3175 3873 3333 3926 LXX.

2874 3982 2939 4017 AD
2971 3976 3291 4019 ιιιιιιιιτιιιι.

2299 4084 2594 4137 Commonet
2628 4093 2683 4135 ut
2714 4078 3110 4135 (inserttinm'sni
3139 4081 3387 4144 patienter
3407 4080 3605 4142 toleret,
3629 4077 3868 4147 quttntliu

2676 4153 2814 4205 Deus
2846 4155 2907 4203 de
2940 4152 3041 4219 illis
3073 4151 3146 4203 sic
3171 4150 3500 4216 disposuerit.
3655 4153 3667 4168 ‘

2370 4246 2613 4310 Domino,
2647 4245 2768 4298 fatri
2798 4244 3136 4307 charissimo,
3178 4243 3373 4295 domno
3399 4240 3669 4294 Manut'rte
3702 4240 3870 4293 frater

628 4359 864 4420 "fuel-9’
892 4356 1068 4409 audivi
1124 4354 1265 4424 quod
1310 4366 1410 4403 ηοιι
1434 4350 1499 4402 ml
1543 4349 1805 4417 regigncn,
1837 4347 1928 4401 sed
1950 4348 2014 4399 ad
2046 4345 2193 4400 labo-
2227 4318 2271 4375 Β
2296 4336 2594 4397 Ακειῖωιυδ,
2622 4335 2729 4388 Deo
2749 4335 2960 4403 placere
2989 4342 3041 4387 (Ξι
3062 4331 3385 4386 Ιιοηιὶιιίὺυς.

628 4462 770 4509 run;
802 4461 907 4499 non
955 4446 1021 4499 ad
1066 4441 1477 4513 iucunditat-m,
1526 4437 1619 4505 sed
1681 4436 1745 4489 ad
1799 4436 2193 4489 tribulationem

630 4536 780 4592 ~obis
801 4546 1123 4607 provenerat
1152 4529 1471 4603 pontiﬁcalis
1516 4526 1724 4581 electio.
1771 4527 1991 4605 Exutna
2037 4526 2196 4595 igitur

628 4639 780 4701 parte
810 4630 929 4683 volo
962 4635 1153 4681 vestrm
1204 4620 1506 4693 pateruitati
1546 4619 1913 4687 congaudcre,
1958 4619 2092 4672 sicut
2119 4618 2191 4671 illi

630 4718 783 4782 mins
803 4718 1127 4787 prmteritatn
1183 4714 1345 4767 vitam
1402 4710 1577 4762 divina
1626 4709 1797 4777 gratia
1834 4708 1933 4762 sibi
1984 4707 2193 4774 placere

630 4822 693 4861 ιι
718 4808 883 4868 cadit,
922 4807 973 4857 in
1006 4807 1106 4857 hoc
1147 4803 1285 4871 quod
1317 4816 1411 4855 vos
1451 4800 1587 4852 inter
1636 4798 1899 4866 principes
1951 4797 2195 4852 Ecclesia:

630 4913 741 4958 sua:
784 4910 1172 4950 connumerare
1223 4895 1491 4963 dignatur.
1544 4892 1621 4944 Ex
1669 4890 1833 4944 altera
1878 4904 2005 4943 vero
2044 4899 2196 4957 parte

630 5002 795 5059 cogor
835 4996 1026 5038 vestrae
1073 4982 1395 5038 fraternitati
1426 4980 1734 5043 condolerc,
1787 4980 1949 5033 veluti
2000 4978 2071 5030 illi
2105 4978 2194 5047 qui

631 5095 696 5134 eo
722 5081 836 5145 ipso
862 5091 967 5143 quo
991 5075 1161 5143 magis
1189 5074 1455 5127 exaltatus
1489 5082 1591 5135 est,
1621 5071 1806 5139 majori
1855 5069 2197 5123 tribulatione

633 5177 907 5240 gravatur.
935 5165 1039 5221 Sed
1080 5166 1207 5222 item
1255 5181 1376 5221 cum
1432 5167 1711 5220 considero
1740 5164 1993 5231 quoniam
2022 5203 2035 5225 ,
2062 5166 2196 5215 t'este

2375 4424 2521 4478 Licet
2543 4440 2648 4493 quo
2674 4434 2723 4479 te
2755 4425 2920 4494 magis
2944 4423 3127 4489 diligo,
3162 4437 3226 4475 eo
3260 4432 3310 4475 te
3335 4420 3503 4490 magis
3532 4434 3744 4473 mecum
3777 4434 3866 4471 ve-

2302 4516 2392 4568 lim
2428 4518 2658 4578 habere;
2702 4515 2819 4584 plus
2848 4526 3023 4567 tamen
3082 4513 3203 4565 inde
3235 4512 3430 4580 diligo,
3483 4512 3620 4563 unde
3667 4519 3722 4562 te
3762 4524 3865 4562 non

2302 4623 2519 4677 possum
2573 4606 2790 4660 habere.
2838 4602 3102 4668 Quoniam
3166 4602 3307 4653 enim
3370 4609 3420 4652 te
3454 4615 3557 4651 non
3589 4607 3698 4650 tam
3737 4596 3889 4673 mihi
3978 4618 3981 4619 ν

2301 4716 2462 4769 quam
2510 4698 2614 4751 Deo
2649 4708 2702 4749 et
2728 4695 2817 4748 tibi
2847 4694 3039 4761 diligo;
3068 4694 3185 4760 plus
3214 4702 3265 4745 te
3314 4691 3498 4759 diligo,
3538 4691 3661 4758 quia
3704 4689 3868 4743 talem

2304 4803 2355 4845 te
2387 4788 2629 4853 exhibes,
2661 4798 2718 4839 ut
2756 4786 2845 4854 qni
2880 4796 2930 4839 te
2958 4786 3155 4838 habent
3185 4780 3579 4846 diliicileyelint
3605 4779 3865 4833 dilectum

2304 4882 2605 4942 remittere;
2640 4893 2797 4945 quam
2848 4878 2891 4929 si
2950 4874 3105 4933 facile
3134 4874 3328 4928 vellent
3355 4872 3652 4942 neglectum
3682 4868 3868 4923 diluit-

2304 4981 2435 5030 terc.
2466 4969 2659 5022 Precor
2690 4969 2869 5037 itaque
2908 4976 2959 5020 te
2984 4977 3041 5018 nt
3069 4966 3309 5027 fratrem,
3356 4974 3410 5016 et
3453 4977 3646 5016 moneo
3697 4970 3760 5013 ut
3807 4959 3861 5014 ΙΙ-

2304 5064 2431 5116 linm
2476 5060 2853 5114 charissimnm
2885 5074 2947 5111 ea
2975 5072 3099 5110 cura
3134 5066 3187 5109 et
3218 5053 3519 5121 diligentia,
3559 5064 3720 5120 quam
3780 5064 3869 5104 Ine

2306 5167 2517 5221 semper
2572 5165 2700 5217 erga
2746 5160 2795 5203 te
2842 5147 3095 5201 habuisse
3144 5147 3277 5199 bene
3298 5144 3425 5197 mihi
3475 5158 3533 5198 es
3575 5140 3864 5203 conscius;

1928 5294 2154 5347 VAllH‘I
2196 5288 2585 5346 LECTIONES.

709 5414 777 5443 "3
836 5413 1145 5477 Asseverem
1192 5427 1287 5461 ms.
1324 5420 1619 5477 assererem
1699 5404 1763 5432 ’⁸³
1798 5404 2046 5456 lireviora
2078 5418 2173 5453 ms.
2207 5400 2439 5457 hrcviori
2518 5398 2587 5431 ’⁸⁸⁸
2616 5398 2741 5451 Cum
2784 5398 2957 5451 eodem
3007 5408 3100 5444 ms.
3142 5390 3327 5443 collum
3405 5386 3470 5419 ³³⁸
3500 5386 3566 5441 Et
3610 5386 3879 5461 quonil'tl

639 5481 733 5538 uti.
766 5495 821 5536 ut
851 5472 1101 5551 quoniam
1174 5482 1241 5511 ¹⁹⁷
1284 5466 1685 5538 Τῶιριίιιιάιιιο
1710 5490 1807 5526 ms.
1844 5472 2199 5527 teneritudine

3726 5856 3735 5861 .
3798 5838 3967 5901 ξλέθπὶ

3650 5938 3663 5961 ι
3708 5916 3781 5967 ·,’
3828 5898 3851 5931 ι’
3988 5918 4013 5947 ¹⁴

3668 5998 3671 6003 ’
3726 5968 3747 5987 \.

4133 1824 4135 1965 ι
