4214 6204
412 240 536 295 ΗΜ

1676 238 1798 292 LIB.
1827 239 1864 303 l,
1907 238 2125 295 EI‘IST.
2172 242 2374 297 LXXII.

3504 246 3553 294 Η
3576 242 3632 294 5‘2

406 362 673 421 quatenus
698 348 867 418 magis
894 364 956 403 ac
986 352 1153 420 magis
1185 351 1250 403 ad
1290 365 1462 405 mares
1502 351 1667 405 bonos
1695 354 1965 420 proficias,
1999 358 2041 410 Α
2071 358 2226 423 gendi
2260 344 2526 409 mnnmos.
2564 358 2682 410 Harc
2706 359 2863 427 igitur
2892 373 3059 412 vestra
3091 359 3368 427 prmlentia
3415 350 3637 413 sollicite

407 446 463 493 et
506 439 899 506 separationem
946 449 1202 500 nostram,
1255 441 1484 507 quandiu
1532 441 1737 509 jnbcbit
1788 453 1968 497 noster

405 526 660 580 dominus
691 535 745 579 et
792 524 950 581 Pater
985 527 1306 581 venerabilis
1357 529 1790 598 archiepiscopus
1837 529 1969 582 Lan-

405 613 648 677 francus,
675 628 882 668 mecum
908 614 1195 682 patienter,
1214 624 1273 669 ut
1299 615 1970 685 divinamdispositionem,

407 703 605 773 toleres
629 742 646 767 ,
680 720 777 758 nec
807 705 860 758 in
882 704 1062 773 aliquo
1098 705 1170 767 id,
1202 706 1343 759 umle
1377 716 1427 760 te
1454 707 1622 774 magis
1650 708 1830 774 diligo,
1879 723 1973 775 per

409 793 795 861 impatientiam
851 793 1085 847 minuas.
1125 795 1379 860 Quamvis
1443 810 1676 863 namque
1729 804 1781 849 te
1822 797 1975 849 valde

406 884 624 953 diligam
653 893 707 939 et
742 884 1045 939 desiderem
1069 925 1084 950 ,
1114 895 1173 939 ut
1203 886 1332 939 mihi
1367 901 1575 940 mecum
1608 887 1977 941 convcrsamlo

405 973 708 1037 colirereas,
742 973 861 1042 plus
884 981 1062 1029 tamen
1093 985 1217 1044 opto
1266 985 1324 1029 ut
1374 976 1528 1030 bonis
1552 976 1790 1028 moribus
1814 974 1978 1028 indis-

403 1061 706 1116 solnbilitcr
731 1063 1016 1118 inluereas.
1046 1064 1179 1118 Tota
1211 1066 1373 1135 igitur
1398 1080 1525 1119 cura
1550 1075 1637 1118 tua
1658 1065 1763 1128 sit‘,
1786 1073 1845 1118 ut
1864 1064 1977 1117 ubi-

406 1167 620 1221 cunque
646 1154 721 1207 sis
750 1155 827 1208 sic
858 1156 1029 1219 vivas,
1078 1165 1135 1209 ut
1160 1156 1356 1210 bonum
1389 1155 1659 1208 hominem
1690 1163 1745 1208 et
1766 1166 1978 1211 servum

409 1243 501 1296 Dei
524 1244 679 1299 decet
707 1262 720 1296 :
749 1254 801 1297 et
826 1254 1009 1301 certus
1034 1257 1149 1300 esto
1178 1246 1303 1315 quia
1352 1248 1495 1301 Deus
1546 1247 1639 1302 tibi
1683 1247 1980 1315 providebit

405 1334 550 1402 quod
582 1334 675 1388 tibi
707 1336 978 1404 expediet.

862 1424 1189 1482 EPISTOLA
1228 1427 1391 1483 LXXI
1424 1430 1511 1483 ”⁸.

1031 1533 1097 1572 ΑΒ
1126 1533 1358 1573 PAULUI.

406 1620 644 1693 Laetatur
664 1625 727 1676 de
753 1626 866 1693 ejus
897 1627 1217 1693 provectione
1258 1629 1326 1680 ad
1362 1628 1626 1681 abbatium
1660 1627 1724 1682 Β.
1755 1627 1980 1693 Albani;

511 1704 557 1744 et
582 1693 804 1760 qualiter
841 1696 895 1746 in
934 1712 994 1747 ea
1021 1711 1075 1748 se
1118 1711 1291 1763 gerere
1327 1697 1505 1752 debeat
1538 1699 1843 1766 prazscribit.

479 1804 706 1859 Domino
747 1804 999 1870 ctPatri,
1050 1806 1229 1861 abbati
1280 1810 1570 1863 reverenda
1624 1817 1675 1862 et
1716 1808 1983 1878 diligendo

403 1894 586 1951 Pauco
614 1896 781 1950 frater
802 1898 1080 1952 Axseutus
1108 1898 1184 1952 sic
1214 1910 1398 1955 sancte
1425 1900 1603 1953 vivere
1628 1900 1679 1952 in
1703 1897 1981 1968 temporali

404 1990 784 2055 prosperitate,
825 2000 880 2042 ut
909 1988 1062 2042 beate
1087 1992 1231 2043 virat
1269 1994 1320 2046 in
1363 1999 1565 2047 acterna
1598 1992 1874 2046 felicitate.

475 2078 656 2132 Gloria
688 2080 738 2133 in
772 2081 1001 2135 excelsis
1052 2082 1183 2145 Deo,
1240 2084 1393 2150 cujus
1439 2082 1749 2152 conspectui
1791 2083 1891 2137 sic‘-
1930 2081 1982 2135 in

405 2167 618 2221 occulto
674 2170 778 2222 vita
807 2180 978 2223 vestra
1033 2172 1233 2238 placuit
1288 2181 1345 2225 ut
1392 2188 1512 2226 eatn
1563 2173 1629 2225 ad
1675 2172 1982 2241 exemplum

404 2254 571 2323 338
600 2255 650 2307 in
678 2266 862 2323 aperto
892 2258 1223 2323 sublimaret,
1261 2269 1317 2312 et
1343 2275 1462 2312 eam
1490 2260 1556 2313 de
1591 2269 1731 2313 terra
1774 2260 1837 2312 ad
1868 2273 1985 2312 ca:-

405 2342 517 2395 lnm
570 2359 664 2411 per
696 2346 940 2400 semitam
998 2348 1251 2402 vistututn
1303 2348 1639 2411 tentbntibus
1684 2333 1803 2418 per
1843 2349 1983 2401 viam

402 2432 799 2486 constitueret:
839 2446 1101 2504 quatenus
1147 2453 1251 2492 non
1302 2440 1467 2493 solius
1528 2453 1637 2493 sua:
1683 2435 1986 2492 sanctitatis

412 2523 762 2579 retributione
790 2527 841 2579 in
876 2542 1040 2595 regno
1080 2529 1285 2583 cmlcsti
1320 2529 1563 2592 lactetur;
1595 2529 1689 2581 sed
1715 2544 1810 2596 pro
1851 2528 1987 2581 mul-

411 2614 482 2667 tis
504 2629 639 2683 quos
666 2615 774 2670 Deo
799 2615 1113 2681 lucrabitur,
1144 2620 1395 2685 gaudium
1430 2618 1503 2670 illi
1534 2617 1803 2671 felicitatis
1827 2627 1987 2671 teter-

410 2719 495 2757 ntr
553 2705 958 2774 multiplicetur.
1007 2706 1262 2772 Quamvis
1315 2708 1457 2761 enim
1515 2707 1761 2761 barbaris
1810 2720 1985 2761 vestra

409 2794 631 2862 praelata
696 2795 768 2849 sit
822 2797 1105 2861 sanctitas,
1151 2813 1287 2866 quos
1310 2798 1487 2853 verbis
1541 2798 1735 2851 docere
1771 2809 1988 2868 propter

409 2879 713 2948 linguarum
742 2881 1105 2938 diversitatem
1128 2898 1229 2937 non
1255 2886 1476 2953 potes:is
1496 2926 1509 2948 ,
1536 2900 1641 2938 non
1676 2895 1848 2939 tamen
1868 2902 1979 2940 om-

410 2969 542 3024 nino
568 2985 664 3025 vos
685 2972 825 3039 apud
871 2973 1168 3027 districtum
1199 2974 1438 3028 Iudicem
1483 2990 1743 3029 excusare
1776 2979 1983 3043 valetis,
2014 3001 2060 3061 ρ

410 3061 457 3115 si
486 3060 620 3115 alios
673 3060 870 3115 lucrari
910 3062 1020 3116 Deo
1043 3063 1329 3132 negligitis.
1362 3062 1512 3129 Quod
1551 3065 1693 3118 enim
1739 3064 1842 3119 illis
1870 3081 1984 3120 ser-

411 3163 573 3205 mone
615 3167 722 3204 non
780 3155 1004 3220 potestis
1025 3154 1223 3217 dicere,
1281 3155 1385 3207 vita
1438 3156 1657 3222 potestis
1678 3156 1981 3210 ostendere.

410 3241 589 3296 Tanto
648 3258 886 3312 namque
939 3243 1207 3297 elliracius
1254 3244 1451 3297 bonum
1498 3245 1773 3312 exemplo,
1824 3259 1985 3313 quam

410 3330 580 3385 verbo
623 3333 996 3400 persuadetur,
1050 3342 1252 3401 quanto
1303 3334 1426 3387 boni
1474 3349 1652 3390 mores
1698 3335 1750 3388 in
1778 3344 1988 3391 tacente

412 3420 709 3489 diliguntur
738 3462 755 3486 ,
798 3431 853 3475 et
899 3422 1145 3476 facundia
1195 3423 1245 3475 in
1294 3432 1537 3492 torpente
1602 3428 1984 3480 contemnitur.

412 3509 542 3563 Plus
568 3510 751 3577 itaque
777 3510 996 3564 studere
1019 3511 1165 3581 diligi
1191 3512 1257 3565 ab
1282 3512 1529 3564 omnibus
1578 3513 1985 3566 mansuetudine

408 3611 471 3655 et
495 3601 862 3655 misericordia
896 3618 1057 3671 quant
1097 3603 1271 3656 timeri
1325 3601 1483 3654 nimis
1506 3609 1718 3656 austera
1764 3613 1817 3656 et
1858 3603 1986 3657 nulli

412 3700 661 3762 parcentt
690 3690 919 3759 iustitia.
948 3691 1225 3744 Gandcant
1252 3690 1534 3755 cujuslibet
1562 3691 1772 3745 ordinis
1808 3682 1984 3745 homi-

413 3762 525 3838 nes.
543 3782 693 3835 vobis
716 3780 985 3835 commissi
1017 3795 1135 3834 sese
1172 3781 1575 3835 commendatos
1605 3796 1722 3834 esse
1750 3780 1894 3834 Patri
1931 3791 1987 3835 et

412 3873 614 3944 pastori
648 3891 661 3925 :
694 3887 797 3925 non
823 3873 1076 3926 horreant
1104 3887 1221 3925 sese
1275 3872 1498 3924 traditos
1526 3888 1645 3925 esse
1681 3882 1910 3942 tyranno
1939 3884 1993 3926 et

412 3966 680 4020 exactori.
721 3965 995 4019 Lzetcntur
1016 3964 1200 4018 aﬂincs
1228 3962 1588 4017 consultarent
1613 3974 1665 4017 ct
1690 3964 1989 4032 adjutorcm

412 4056 515 4110 sibi
552 4071 583 4107 a
620 4056 727 4109 Deo
782 4056 1034 4121 venisse;
1089 4068 1193 4107 non
1240 4063 1641 4122 conquerantur
1688 4054 1987 4109 alienarum

414 4162 593 4201 rerum
620 4148 939 4211 invasorem,
970 4156 1063 4201 aut
1108 4154 1503 4215 persecutorem
1531 4162 1557 4199 a
1584 4147 1801 4200 sinistra
1841 4156 1991 4215 parte

414 4242 659 4296 iri-uisse.
684 4238 822 4295 Sunt
845 4241 987 4295 enim
1014 4239 1166 4292 tnolti
1198 4238 1401 4308 prmlati
1440 4240 1607 4291 nostri
1638 4239 1866 4303 ordinis,
1896 4240 1986 4308 qui

1960 1671 1975 1693 ’
2013 1673 2055 1727 Β

2052 454 2277 499 'cavcat.
2309 447 2382 499 lta
2429 448 2693 501 exteriora
2724 450 2874 503 vobis
2921 448 3200 502 (muniissa
3242 449 3527 517 disponite,
3579 459 3642 503 ut

2071 540 2325 594 interiora
2367 551 2541 593 vestra
2572 546 2575 549 ’
2604 540 2850 594 mandata
2888 542 2977 595 Dei
3012 542 3313 611 disponant,
3345 552 3397 595 el
3429 557 3644 610 semper

2070 646 2222 685 incus
2252 641 2429 685 vestra
2460 633 2602 685 dicat
2628 631 2737 685 Deo
2768 618 2791 682 ἐ
2825 630 3060 684 υοτιιηυ
3086 643 3171 683 tuo
3193 634 3447 699 judicium
3473 626 3641 686 meum

2072 725 2287 787 prodeat
2318 722 2487 792 (Psal.
2526 740 2636 787 xvi,
2664 725 2737 793 l).
2770 723 2863 778 Sic
2904 738 3002 778 vos
3046 722 3313 776 defendite
3371 741 3465 791 per
3511 728 3642 794 prtic

2075 810 2311 863 dentiam
2371 829 2399 865 a
2456 815 2793 877 nocentibus,
2854 822 2910 866 nt
2946 829 3040 882 per
3082 814 3471 880 simplicitatem
3515 816 3641 868 nulli

2075 900 2252 953 velitis
2284 916 2497 967 nocere,
2524 904 2655 957 sicut
2694 903 2965 973 Scriptum
2994 912 3075 958 est
3104 922 3116 956 :
3156 904 3334 956 Estote
3370 892 3643 971 prudentes

2076 992 2208 1042 sicut
2245 998 2520 1055 sementes,
2562 1000 2606 1042 et
2646 992 2902 1058 simplices
2953 992 3084 1044 sicut
3124 991 3387 1044 columba:
3434 991 3645 1058 (:llattlt.

2078 1078 2272 1147 x,16).
2308 1079 2397 1133 Sic
2438 1080 2703 1133 custodite
2744 1096 2828 1134 res
2865 1082 3173 1136 monasterii
3224 1083 3409 1143 vestri,
3438 1091 3496 1135 ut
3542 1098 3649 1137 non

2076 1168 2467 1223 obliviscamini
2530 1170 2669 1237 quod
2720 1170 2981 1238 scriptum
3034 1171 3237 1227 cst:Si
3292 1169 3409 1241 quis
3457 1172 3651 1226 habens

2076 1262 2417 1335 substantiam
2451 1262 2631 1313 mundi
2657 1261 2840 1313 viderit
2870 1262 3085 1329 fratrem
3127 1280 3274 1315 suum
3300 1265 3650 1317 necessitatem

2079 1350 2285 1412 habere,
2316 1359 2363 1402 et
2394 1350 2638 1403 clauserit
2670 1352 2869 1404 viscera
2897 1350 3083 1403 suaiab
3113 1336 3171 1403 eo
3194 1365 3213 1400 :
3245 1352 3501 1418 quomodo
3523 1352 3652 1405 cltu-

2080 1442 2208 1494 ritas
2229 1441 2325 1495 Dei
2350 1451 2520 1495 ntnnet
2570 1443 2623 1495 in
2644 1460 2701 1496 eo
2725 1444 2750 1497 .9
2771 1442 2821 1512 (1
2845 1444 3003 1498 Joan.
3072 1459 3128 1497 Ill
3151 1486 3166 1510 ,
3223 1444 3327 1511 Π.)
3384 1444 3450 1498 Ει
3486 1444 3609 1500 alibi
3636 1461 3649 1496 :

2062 1530 2213 1587 ’Date
2235 1533 2671 1587 eldabiturrobia
2707 1534 2857 1605 (Luc.
2899 1551 2969 1590 vt.
3018 1535 3130 1604 38).
3191 1535 3281 1589 Sic
3330 1536 3659 1592 easdemm

2079 1641 2280 1694 augere
2321 1634 2539 1689 curate,
2573 1635 2687 1679 uta
2716 1618 2892 1680 mente
2937 1643 3042 1680 non
3091 1626 3303 1680 excidat
3340 1644 3351 1679 :
3388 1626 3506 1681 Non
3534 1642 3658 1685 ron—

2080 1717 2310 1784 cupisces
2339 1729 2443 1769 rem
2498 1716 2721 1783 proximi
2776 1717 2849 1767 tui
2914 1716 3111 1787 (Exod.
3170 1733 3259 1781 xv,
3298 1717 3402 1785 Π).
3459 1717 3658 1772 Taliter

2082 1814 2374 1875 peccantes
2406 1807 2633 1875 argnite,
2666 1815 2723 1858 ut
2756 1821 2851 1861 nec
2877 1808 3166 1861 crudelitas
3204 1808 3361 1865 adsit.
3403 1823 3501 1861 nec
3528 1823 3657 1862 ava-

2084 1897 2241 1963 ritia,
2259 1897 2381 1965 quia
2411 1898 2668 1965 scriptum
2693 1908 2774 1951 est
2802 1915 2817 1952 :
2864 1896 2923 1950 Si
2958 1909 3351 1967 pm’occupalus
3386 1899 3539 1965 fuerit
3563 1900 3658 1952 Ita-

2084 2005 2168 2040 mo
2192 1989 2245 2042 in
2270 1988 2446 2057 aliquo
2467 1988 2674 2051 delicto,
2704 2005 2814 2053 vos,
2840 1988 2927 2055 qui
2947 1987 3205 2056 spiritales
3227 1989 3367 2052 estis,
3392 1990 3656 2056 lmjusmo-

2084 2077 2139 2128 di
2174 2078 2417 2129 instruite
2445 2078 2497 2127 in
2519 2076 2705 2143 spiritu
2748 2075 2977 2129 leuitatis
3011 2091 3028 2130 :
3056 2075 3390 2128 considerans
3420 2086 3467 2127 te
3495 2078 3659 2144 ipsum

2085 2182 2147 2217 ne
2169 2175 2217 2217 et
2248 2175 2301 2217 tu
2323 2165 2533 2217 teuteris
2564 2162 2705 2233 (Gul.
2747 2179 2821 2229 vr,
2854 2164 2903 2233 Ι)
2935 2180 2953 2217 ;
2985 2165 3047 2216 Ει
3076 2179 3261 2217 rursus
3295 2180 3308 2216 :
3344 2162 3521 2231 Neque
3543 2179 3661 2218 ara-

2085 2256 2130 2305 ri
2166 2268 2380 2321 regnum
2416 2252 2511 2306 Dei
2537 2253 2867 2321 possidebunt
2900 2251 2949 2321 (I
2982 2250 3103 2306 Cor.
3144 2268 3216 2315 rt,
3252 2250 3361 2321 10).
3413 2250 3526 2304 Non
3585 2251 3635 2304 id

2086 2342 2236 2395 circo
2279 2343 2415 2404 lucc,
2461 2341 2809 2395 dilectissime
2854 2341 3030 2402 mihi,
3066 2349 3288 2394 .vcstra-
3352 2339 3659 2407 paternitati

2086 2435 2299 2494 scribo,
2334 2434 2476 2501 quod
2516 2441 2696 2503 putem
2740 2446 2835 2486 vos
2865 2429 3022 2484 aliter
3047 2444 3232 2499 agere;
3266 2430 3359 2483 sed
3408 2428 3663 2496 quoniam

2086 2540 2142 2581 et
2168 2541 2262 2578 vos
2282 2524 2538 2593 iussistis,
2571 2535 2623 2579 et
2650 2538 2748 2593 ego
2797 2522 2939 2576 volui
2962 2533 3016 2575 ttt
3037 2522 3444 2587 litter:c,nostr;e
3470 2535 3562 2571 vos
3584 2535 3663 2572 sc-

2088 2628 2383 2687 querentur
2408 2633 2420 2669 :
2445 2616 2585 2685 quod
2603 2614 2847 2678 ntﬁeret,
2879 2627 3095 2666 necesse
3119 2612 3218 2666 fuit
3245 2611 3442 2681 aliquid
3464 2610 3661 2668 dicere.

2551 2700 2883 2757 EPISTULA
2909 2699 3093 2754 LXXII
3118 2701 3206 2753 ’°°.

2654 2808 2722 2846 Δυ
2766 2807 3099 2845 ιιυλιΡιιιυιίι.

2088 2912 2220 2966 Orat
2253 2919 2305 2963 ut
2333 2908 2445 2977 ejus
2477 2905 2788 2977 institutioni
2818 2903 3072 2977 vacetAqui
3120 2918 3243 2953 suns
3286 2902 3355 2953 ad
3398 2915 3512 2971 cum
3561 2915 3664 2968 ept-

2638 3012 2639 3015 η
2685 2974 2842 3027 sto/us
2880 2973 3066 3040 defert.
3586 2988 3596 2996 -

2156 3048 2363 3125 Domno
2391 3073 2445 3120 ct
2467 3064 2621 3119 fratri
2664 3063 2716 3116 in
2742 3060 2958 3115 Christo
3006 3059 3327 3115 charissimo
3364 3056 3678 3119 ,llnuratno

2058 3150 2257 3215 frater
2283 3160 2565 3212 AnscLuus
2616 3154 2940 3217 Beccensis,
2993 3153 3101 3206 vita
3151 3161 3425 3220 peccator,
3478 3130 3666 3207 habitu

2088 3248 2402 3310 monachus,
2426 3257 2636 3301 terrena
2664 3260 2761 3314 pro
2782 3244 3091 3299 coelestibus
3110 3244 3405 3313 despicere,
3426 3241 3671 3299 cmlestia

2087 3357 2185 3415 pro
2216 3338 2444 3395 terrenis
2460 3336 2757 3407 percipere.

2156 3431 2396 3484 Primum
2448 3428 2650 3496 gratias
2689 3439 2809 3495 ago,
2860 3435 2915 3478 ct
2955 3425 3192 3479 debitam
3216 3423 3555 3477 dilectionem
3584 3435 3667 3476 τθο

2083 3518 2267 3571 tribuo
2292 3531 2389 3586 pro
2421 3524 2605 3569 vestra
2664 3513 2901 3581 gratuita
2956 3511 3353 3573 benevolentia,
3401 3525 3561 3579 quam
3610 3511 3669 3565 in

2084 3610 2380 3677 vobiscrga
2418 3604 2689 3673 mchnjus
2739 3604 2878 3656 lator
2934 3602 3203 3655 schednhc
3238 3616 3295 3654 se
3347 3601 3667 3670 cognovisse

2086 3700 2335 3752 aﬂirmat.
2370 3698 2442 3751 De
2468 3712 2573 3765 qua
2603 3712 2708 3748 non
2733 3710 2922 3763 parum
2947 3693 3061 3763 ipse
3114 3694 3389 3746 conlidens
3439 3691 3665 3745 multum

2091 3806 2177 3846 me
2208 3799 2383 3860 rogat,
2418 3798 2475 3843 ut
2502 3788 2648 3842 ἱΙΙιιιιι
2698 3787 2839 3856 apud
2864 3795 3098 3839 vestram
3148 3785 3481 3839 dilectionem
3510 3784 3664 3852 adju-

2089 3900 2208 3938 vcm
2238 3891 2501 3952 quatenus
2547 3890 2740 3935 vestra:
2785 3881 3045 3933 doctrina:
3100 3878 3357 3935 benefit-ia
3425 3877 3666 3945 qtaeilli

2091 3972 2515 4028 misericorditer
2559 3969 2890 4038 impenditis,
2944 3968 3143 4021 nostris
3162 3967 3411 4035 precibus
3456 3965 3668 4020 invitati

2081 4063 2352 4117 intentius
2391 4042 2730 4129 impendatis.
2783 4056 2938 4122 Quod
2990 4057 3033 4109 si
3076 4056 3226 4109 vobis
3277 4063 3420 4109 esset
3444 4064 3537 4107 aut
3573 4072 3668 4110 no-
3704 4068 3721 4073 ‘

2091 4154 2237 4205 xinm
2258 4161 2351 4203 ant
2376 4150 2583 4211 inutile,
2614 4164 2717 4201 non
2746 4147 2921 4199 dicam
2952 4161 3048 4215 pro
3076 4146 3202 4211 alio,
3231 4146 3323 4199 sed
3348 4146 3534 4213 utique
3566 4160 3668 4213 pro

2090 4256 2177 4295 me
2206 4240 2358 4309 ipso;
2394 4247 2485 4290 aut
2512 4237 2837 4302 nullatenus,
2894 4247 2985 4289 aut
3029 4237 3116 4289 vix
3162 4251 3352 4305 rogare
3376 4252 3668 4304 praesume-

412 4330 566 4397 quasi
610 4328 827 4382 solliciti
867 4342 935 4381 ne
982 4328 1290 4381 destruatur
1344 4341 1430 4379 res
1472 4326 1568 4379 Dei
1628 4327 1679 4380 in
1741 4326 1985 4380 manibus
2018 4341 2063 4395 ι)
2090 4346 2227 4384 rem.
2256 4328 2409 4383 Nunc
2436 4338 2640 4391 autem,
2667 4328 2922 4395 quoniam
2946 4343 3045 4381 nec
3077 4327 3295 4382 noxium
3324 4342 3420 4380 nec
3480 4327 3668 4381 inutile

411 4435 623 4483 cirum,
696 4424 861 4484 agunt
915 4424 973 4467 ut
1037 4414 1326 4481 dissipetur
1352 4414 1435 4464 lex
1500 4414 1589 4466 Dei
1637 4415 1689 4466 in
1731 4413 1980 4468 cordibus

412 4521 620 4558 torum.
677 4503 807 4557 Nam
860 4512 1064 4556 tantum
1105 4512 1367 4555 conantur
1410 4516 1531 4555 esse
1576 4503 1884 4569 prudentes,
1917 4518 1982 4557 ne

413 4600 479 4648 re
514 4596 547 4663 ἱ,
571 4596 749 4648 imtur
776 4595 844 4646 ab
872 4594 992 4647 aliis
1027 4602 1085 4645 ut
1122 4597 1249 4645 liant
1298 4592 1461 4643 astuti
1515 4592 1580 4644 ad
1610 4592 1979 4658 decipiendum

412 4687 562 4739 alios.
603 4689 747 4739 At'c.)
770 4690 893 4738 sunt
922 4686 1061 4736 cauti
1082 4725 1095 4745 ,
1129 4700 1193 4735 ne
1234 4682 1363 4734 fiant
1395 4682 1623 4751 t’it'odigi,
1656 4691 1709 4735 ct
1738 4699 1856 4750 qua:
1884 4684 1981 4736 ha-

412 4778 542 4831 ll‘lll
572 4778 647 4829 irr
687 4776 1016 4829 lionabilitcr
1051 4775 1270 4841 perdant
1296 4783 1353 4825 ut
1405 4776 1553 4827 avari
1608 4775 1759 4835 tiant,
1788 4786 1981 4842 ctqua:

412 4876 648 4930 servant,
682 4866 944 4918 i..nt'l’t:_-r
977 4874 1141 4934 putre.
1161 4873 1305 4916 cant.
1364 4863 1451 4917 Sic
1476 4864 1710 4917 studiose
1739 4864 1911 4917 servis
1931 4873 1985 4917 et

414 4957 737 5027 pauperibus
773 4957 865 5007 Dei
893 4965 947 5008 et
971 4963 1157 5008 sancto
1210 4955 1278 4985 ⁸³³
1333 4954 1449 5006 luco
1490 4970 1701 5021 semper
1733 4964 1983 5023 satagunt

413 5046 612 5113 aliquid
643 5045 924 5110 acquirere
974 5053 1030 5095 ut
1077 5043 1259 5095 dolose
1308 5058 1523 5111 semper
1562 5043 1719 5097 alicui
1781 5053 1983 5097 tentent

414 5137 615 5205 aliquid
647 5138 876 5190 auferre.
908 5137 998 5189 Sic
1028 5136 1337 5187 animantur
1382 5136 1496 5188 zelo
1523 5135 1820 5204 corrigendi
1846 5138 1981 5189 Stul-

417 5234 499 5279 tos
524 5226 964 5279 utaccendantnr
1014 5224 1353 5289 crudelitate,
1404 5234 1490 5276 ant
1544 5225 1792 5287 cupidine.
1824 5225 1975 5279 colli-

2086 4432 2172 4478 cst
2203 4422 2297 4476 sed
2324 4419 2812 4488 incomparabiliter
2854 4418 3033 4487 utilior
3055 4419 3203 4471 vobis
3232 4419 3332 4471 erit
3371 4419 3548 4471 divina
3575 4435 3664 4473 re-

2090 4511 2329 4573 tributio,
2381 4525 2542 4578 quam
2590 4510 2724 4575 huic.
2748 4518 2925 4563 vestra
2959 4508 3169 4577 largitio
3199 4526 3211 4559 :
3241 4522 3339 4561 nec
3386 4508 3681 4573 audacter,

2090 4616 2188 4655 nec
2217 4601 2577 4667 impudenter,
2611 4606 2670 4651 ut
2695 4598 2924 4661 testimo,
2957 4598 3047 4651 sed
3081 4595 3441 4649 amieabilitcr
3468 4610 3664 4662 precor

2086 4700 2143 4744 ct
2170 4688 2397 4743 obsecro
2441 4697 2711 4756 quatenus
2758 4684 3195 4767 reminiscamini‘
3220 4684 3362 4751 quod
3402 4685 3662 4751 scriptum

2087 4789 2169 4833 est
2197 4796 2212 4831 :
2243 4778 2418 4831 Gratis
2440 4778 2731 4841 accepistis,
2760 4777 2921 4845 gratis
2951 4776 3070 4827 date
3093 4772 3302 4844 (Matth.
3339 4790 3391 4836 κ,
3422 4775 3498 4840 8).
3528 4774 3663 4829 Nam

2086 4872 2187 4923 etsi
2215 4869 2284 4923 ab
2311 4868 2527 4922 homine
2553 4867 2796 4933 forsitan,
2868 4876 2925 4919 ut
2986 4880 3077 4917 vos
3131 4866 3365 4927 doceret,
3424 4860 3660 4928 etnistis;

2085 4962 2305 5015 auribus
2329 4961 2543 5031 quidem
2570 4960 2865 5028 instreperc
2891 4957 2979 5009 ille
3009 4956 3205 5023 potuit;
3248 4956 3340 5008 sed
3371 4972 3463 5007 eor
3491 4956 3555 5007 ad
3585 4956 3665 5007 in-

2088 5048 2429 5116 telligendnm
2459 5048 2670 5113 aperire
2701 5061 2802 5098 non
2841 5044 3033 5114 potuit,
3069 5040 3169 5096 niSi
3209 5043 3347 5096 Deus
3375 5086 3389 5102 .
3433 5044 3513 5095 cui
3547 5042 3664 5093 littl-

2088 5139 2168 5190 lus
2195 5141 2345 5206 prior
2370 5137 2518 5189 dedit
2546 5145 2602 5208 n_t
2650 5135 3038 5189 retribncrctur
3068 5134 3136 5185 ci.
3190 5132 3244 5184 Si
3283 5131 3424 5183 enim
3457 5130 3661 5181 amicos

2088 5228 2176 5294 qui
2205 5242 2302 5280 nos
2330 5226 2575 5292 recipiunt
2609 5224 2658 5274 in
2688 5236 2881 5275 u'terna
2911 5222 3264 5284 tabernacula,
3296 5220 3469 5271 facere
3509 5218 3653 5284 jube-

1691 5397 1916 5454 VARl/E
1958 5397 2352 5469 LECTIONES.

491 5525 563 5558 ⁸⁹³
592 5526 720 5583 Cum
747 5526 919 5580 eodem
960 5544 1053 5580 nts.
1089 5529 1274 5582 collata
1350 5532 1415 5561 ²⁹⁹
1453 5530 1565 5586 Dei.
1609 5542 1791 5585 sancto
1822 5548 1917 5584 ms.
1958 5532 2071 5595 Dei,
2104 5544 2157 5586 et
2188 5540 2375 5584 saurto

2462 5529 2529 5557 ’ω’
2561 5525 2687 5577 Cum
2716 5527 2888 5577 cut/rm
2920 5542 3010 5574 ms.
3044 5524 3259 5575 collata-
