4214 6194
445 290 583 346 1115

1684 278 1807 331 LIB.
1848 279 1888 344 I,
1927 275 2142 330 EPIST.
2181 275 2432 363 ωιιιιίι.

3547 271 3683 327 1166

444 399 602 453 Certe
637 396 683 451 si
710 397 892 451 mittas
937 407 1151 448 omnem
1201 396 1502 445 aromatum
1532 388 1771 453 odorem,
1799 402 2015 465 omnem
2045 392 2090 448 Α
2120 384 2326 439 vultum
2356 385 2489 453 ejus,
2518 395 2573 441 et
2621 384 2844 439 audiant
2880 398 3040 439 aures
3080 398 3213 440 mete
3242 397 3427 437 vocem
3463 383 3597 449 eius,
3626 395 3683 439 et

444 491 786 547 metallorum
818 489 1071 553 nitorem,
1101 499 1317 541 omnem
1341 483 1575 551 lapidum
1605 481 2015 550 pretiositatem,

442 596 658 636 omnem
690 589 917 635 textura:
945 579 1525 641 varietatem,rennet;
1551 574 1660 628 imo
1691 588 1797 627 non
1822 570 2019 640 poterit
2062 634 2065 641 4

440 672 707 727 consolari
763 687 793 724 a
832 671 1067 725 scissura
1114 683 1230 731 sua,
1286 666 1387 719 nisi
1422 673 1634 733 recepta
1667 663 1835 717 altera
1864 669 2019 730 parte

439 777 539 817 sua
566 744 734 817 scissa
768 764 947 816 anima
979 777 1119 816 mea.
1145 759 1323 815 Testis
1362 767 1446 812 est
1474 771 1643 827 angor
1685 753 1865 809 cordis
1907 752 2015 805 mei

440 855 745 924 boc’ipsum
770 853 1091 923 cogitantis;
1127 858 1292 904 testes
1321 848 1572 919 lacrymze
1597 844 2017 900 obtenehrantes

439 943 649 1007 oculos,
677 952 731 998 et
761 930 999 1013 rigantes
1029 941 1225 995 faciem
1272 949 1327 995 et
1375 940 1571 1009 digitos
1617 937 1847 1011 idipsum
1877 934 2016 989 scri-

440 1034 651 1089 bentes.
667 1034 735 1088 Et
765 1034 982 1103 quidem
1013 1042 1067 1087 tu
1096 1032 1327 1094 sciebas.
1356 1031 1497 1086 sicut
1523 1043 1623 1097 ego
1652 1029 1786 1097 ipse,
1808 1042 1934 1095 erga
1961 1035 2015 1079 te

439 1122 784 1179 dilectionem
835 1139 1008 1178 meam
1032 1165 1047 1189 ,
1081 1125 1173 1178 sed
1205 1123 1390 1190 utique
1429 1136 1529 1191 ego
1560 1121 1671 1189 ipse
1700 1112 2010 1191 nesciebam

441 1229 586 1271 eam.
620 1214 721 1284 Qui
778 1231 876 1271 nos
925 1216 1085 1271 scidit
1132 1215 1200 1270 ab
1250 1215 1504 1278 invicem,
1551 1212 1638 1265 ille
1694 1226 1781 1264 me
1831 1209 2015 1264 docuit

438 1316 703 1375 quantum
746 1314 800 1360 te‘
821 1304 1097 1376 diligerem
1124 1324 1138 1359 :
1174 1321 1301 1359 vere
1333 1320 1436 1358 non
1467 1302 1623 1357 habet
1649 1304 1811 1357 homo
1837 1299 2013 1355 scien-

442 1400 575 1454 tiam
609 1400 732 1455 boni
784 1400 867 1454 vel
902 1399 1050 1459 mali.
1085 1398 1176 1468 qui
1229 1413 1333 1463 non
1373 1395 1651 1463 experitur
1701 1403 2007 1461 utrumque.

440 1485 757 1545 Nesciebam
805 1490 950 1543 enim
1001 1504 1107 1542 non
1162 1494 1416 1555 expertus
1465 1472 1768 1539 absentiam
1820 1492 2007 1544 tuam,

439 1591 605 1646 qnam
633 1577 787 1634 dulce
817 1578 948 1633 mihi
997 1584 1117 1630 erat
1142 1590 1264 1630 esse.
1292 1584 1465 1630 tecum
1491 1612 1505 1638 ,
1557 1588 1718 1641 quam
1761 1586 2007 1625 amarum

437 1668 555 1725 sine
588 1678 641 1725 te
669 1684 807 1724 esse.
843 1669 946 1723 Sed
998 1658 1052 1722 tu
1106 1667 1273 1722 habes
1306 1683 1372 1721 ex
1413 1668 1526 1736 ipsa
1575 1673 1758 1720 nostra
1805 1663 2010 1730 disiun-

439 1760 620 1815 ctione
671 1768 987 1828 pmesentem
1044 1757 1293 1820 alterum,
1324 1772 1482 1826 quem
1533 1770 1639 1810 non
1693 1754 1870 1807 minus
1916 1760 2011 1812 aut
2043 1772 2084 1824 ις

439 1857 587 1904 certe
639 1849 757 1918 plus
791 1865 983 1913 amas;
1018 1848 1148 1902 mihi
1197 1863 1324 1901 vero
1371 1856 1457 1913 tu,
1508 1856 1603 1912 tu,
1649 1847 1902 1915 inquam,
1951 1858 2013 1898 es

441 1938 674 2003 ablatus,
703 1946 755 1992 et
784 1938 961 1992 nullus
987 1953 1086 2006 pro
1125 1946 1179 1992 te
1224 1938 1455 1991 oblatus.
1485 1937 1559 1992 Te
1605 1937 1769 2007 igitur
1807 1936 1859 1989 in
1888 1949 2015 1988 con-

441 2027 705 2082 solatioue
737 2036 823 2081 tua
858 2029 1142 2096 gaudente,
1170 2027 1342 2082 solum
1374 2027 1503 2081 mihi
1532 2026 1727 2081 vulnus
1757 2022 2028 2078 remansit;

443 2116 498 2170 in
530 2124 708 2170 mente
740 2133 752 2167 :
791 2114 1014 2169 forsitan
1046 2117 1343 2185 gaudentes
1388 2117 1455 2170 de
1506 2125 1558 2168 te
1603 2112 1950 2168 offenduntur
1982 2124 2012 2161 a

443 2220 531 2263 nte
561 2206 660 2262 ista
695 2202 785 2259 tibi
815 2204 1047 2261 dicente.
1082 2206 1187 2261 Sed
1216 2207 1263 2260 si
1292 2205 1388 2274 ipsi
1417 2205 1679 2273 gaudent,
1700 2201 1842 2271 quod
1871 2199 2013 2255 desi-

442 2298 707 2357 derabant
743 2309 1013 2362 tenentes;
1048 2312 1146 2352 cur
1201 2296 1490 2365 prohibent
1531 2295 1615 2348 vel
1660 2294 1843 2348 dolere
1870 2290 2010 2361 quod

439 2401 656 2458 semper
688 2396 835 2441 amat
861 2387 1209 2456 perdentem?
1240 2386 1315 2439 Ex
1346 2401 1405 2442 se
1435 2394 1693 2440 excusent
1720 2396 1825 2448 me,
1847 2384 1893 2437 si
1928 2396 2011 2436 me

443 2478 627 2533 vident
665 2478 717 2533 in
745 2493 825 2533 se.
859 2478 1111 2548 Alioquin
1138 2478 1221 2533 vel
1250 2488 1302 2531 tn
1333 2477 1570 2547 intellige
1595 2490 1755 2546 quam
1795 2488 2039 2543 compito‘

441 2565 657 2631 tlenter,
687 2583 846 2634 quam
870 2567 1211 2622 consolanter
1234 2567 1335 2636 ipsi
1362 2568 1476 2622 haec
1511 2567 1711 2625 faciant
1740 2582 1754 2617 :
1785 2575 1839 2620 et
1868 2567 2011 2620 unde

439 2654 688 2709 mitescat
715 2657 865 2710 dolor
897 2672 1069 2721 meus,
1098 2672 1257 2725 quem
1298 2671 1458 2712 nemo
1483 2656 1598 2710 vult
1618 2654 1885 2711 consolari
1914 2655 2008 2724 qui

438 2752 639 2813 potest,
662 2760 820 2798 nemo
846 2748 1023 2814 potest
1047 2746 1137 2813 qui
1168 2745 1300 2798 vult.
1318 2743 1427 2800 Sed
1461 2743 1549 2799 ille
1570 2742 1661 2813 qui
1687 2743 1867 2798 omnia
1890 2758 2009 2813 qua

437 2832 553 2887 vult
573 2842 771 2902 potest,
796 2835 876 2887 sic
902 2834 1211 2888 consoletur
1239 2850 1342 2897 me,
1372 2844 1433 2887 ut
1454 2834 1659 2888 nullum
1688 2834 2006 2899 contristet;

436 2922 517 2978 s'c
540 2923 739 2976 nullum
761 2925 1060 2991 contristet,
1086 2933 1143 2978 ιιι
1169 2939 1407 2979 amorem
1428 2924 1500 2978 tui
1525 2925 1787 2996 integrum
1815 2923 2011 2994 ubique

437 3020 744 3067 conservet.
786 3012 979 3066 Amen.

874 3103 1206 3159 EPISTULA
1242 3101 1455 3157 LXXVI
1493 3101 1591 3159 ³⁸⁸.

984 3207 1052 3245 AD
1098 3205 1439 3247 GUALTERUI.

437 3278 646 3334 Gratias
670 3280 824 3348 refert
846 3296 864 3333 :
884 3289 930 3333 et
958 3280 1021 3334 de
1046 3279 1323 3349 proposita:
1349 3279 1646 3350 qua’stionis
1677 3275 1932 3332 solutione
1950 3293 2005 3331 se

1106 3358 1339 3402 excusat.

511 3435 737 3491 Domino
764 3447 955 3506 sponte
985 3438 1249 3507 diligenti,
1291 3437 1487 3492 merito
1540 3437 1764 3504 dilecto,
1802 3452 1908 3491 non
1950 3445 2007 3492 ut

427 3531 621 3599 ignoto
667 3529 761 3582 sed
811 3538 869 3582 ut
906 3526 1157 3582 familiari
1189 3530 1364 3584 amico
1385 3528 1677 3584 Guausuo
1704 3529 1871 3583 frater
1898 3531 2002 3583 AN-

438 3633 661 3685 st-zutus,
712 3619 853 3688 quod
892 3636 1039 3675 suns.

508 3705 567 3761 Si
596 3722 691 3762 cor
726 3714 904 3763 meum
939 3717 1083 3763 esset
1113 3709 1288 3777 lapide
1332 3708 1520 3763 durius
1551 3717 1605 3762 et
1636 3707 1807 3777 glacie
1851 3708 2003 3790 frigi-

439 3797 581 3865 dius,
615 3799 800 3869 utique
825 3800 1046 3863 deberet
1080 3800 1348 3854 calescere
1376 3806 1497 3868 Igne
1525 3809 1721 3853 vestrm
1756 3800 2005 3868 dilectio-

439 3888 546 3951 Itis,
591 3896 646 3942 et
674 3888 985 3942 mollescere
1031 3888 1150 3942 oleo
1185 3898 1377 3943 vestra?
1424 3889 1594 3944 dulcis
1640 3888 2001 3945 allocutionis.

438 3974 613 4031 Tanto
639 3993 869 4046 namque
898 3978 1128 4048 flagrant
1154 3980 1437 4033 charitatis
1467 3981 1695 4045 ardore,
1728 3990 1875 4034 tanto
1897 3980 1998 4036 fra-

437 4075 594 4136 grant
620 4067 964 4138 benignitatis
999 4070 1163 4124 odore
1189 4109 1205 4134 ,
1241 4080 1389 4124 tanta
1434 4072 1702 4126 suavitate
1749 4081 1874 4126 sunt
1909 4071 2001 4140 jn-

439 4155 641 4218 cuudar,
675 4156 753 4210 sic
793 4168 917 4211 sunt
956 4159 1188 4215 salubris
1226 4160 1607 4216 admonitionis
1650 4163 1893 4217 fecundae
1932 4164 2001 4195 ³¹⁰

438 4240 630 4299 littera-
676 4248 873 4314 quibus
919 4264 1050 4303 mea:
1077 4251 1329 4317 parvitati
1361 4260 1537 4305 vestra
1579 4252 1795 4321 dignata
1826 4261 1911 4307 est
1938 4269 1999 4309 se

432 4332 709 4411 nstlflcare
757 4329 926 4393 dulcis
974 4340 1210 4405 dilectio,
1240 4350 1295 4395 et
1338 4342 1531 4395 dilecta
1586 4342 1896 4410 prudentia,
1942 4354 2000 4399 ut

2120 473 2328 526 fruatur
2352 474 2527 527 anima
2555 489 2671 529 mea
2697 468 2978 541 prtesentia
2996 471 3111 541 ejus
3132 473 3223 541 qui
3252 486 3338 525 me
3362 480 3510 525 tanto
3535 472 3684 542 igno-

2122 560 2460 631 tusignotum
2477 577 2657 616 amore
2680 565 2850 631 gratis
2874 561 3316 631 anticipavit,'qui
3340 578 3426 615 me
3451 570 3560 615 tam
3579 563 3685 617 uti-

2118 649 2242 704 liter
2285 652 2562 705 ahscntem
2587 652 2779 708 litteris
2814 653 3090 708 exhortari
3132 653 3201 705 ad
3226 651 3527 721 profectum
3569 662 3684 708 stn-

2117 738 2249 803 duit,
2283 739 2376 809 qui
2423 754 2508 793 me
2557 750 2664 794 tam
2714 744 3001 811 prudenter
3033 741 3195 808 bona,
3244 742 3290 797 si
3339 756 3443 811 qua
3474 752 3600 797 sunt
3627 742 3682 797 in

2116 845 2225 894 me,
2252 832 2524 886 custodire
2552 834 2889 900 praemonuit.
2938 836 3003 888 Et
3030 835 3233 888 utinam
3266 834 3347 890 sic
3385 848 3511 888 vera
3538 844 3685 889 esset

2117 922 2468 986 existimatio,
2493 938 2653 990 quam
2709 922 2849 977 fama
2895 925 3171 979 hominum
3212 935 3415 980 temere
3462 924 3685 995 loque‘no

2118 1014 2252 1068 tium
2305 1010 2445 1079 quod
2498 1012 2749 1066 nesciunt
2782 1013 2846 1065 de
2882 1028 2968 1067 me
3008 1028 3104 1068 vos
3156 1013 3371 1073 docuit‘;
3407 1014 3679 1078 quomodo

2116 1102 2423 1159 necessaria
2450 1102 2581 1155 mihi
2613 1111 2697 1156 est
2723 1112 2899 1156 vestra
2923 1103 3235 1167 admonitio,
3266 1119 3386 1174 quae
3409 1118 3475 1158 ex
3503 1114 3680 1159 auun-

2114 1194 2296 1249 dantia
2342 1193 2496 1248 bona:
2517 1190 2812 1249 voluntatis
2840 1201 2895 1246 et
2931 1208 2994 1271 es
3031 1195 3277 1263 prudenti
3327 1195 3521 1248 intuitu
3574 1194 3679 1248 hu-

2113 1298 2288 1338 mana:
2328 1281 2635 1350 fragilitatis
2669 1282 2956 1349 processit.
2990 1281 3091 1336 Per
3134 1284 3313 1337 omnia
3363 1283 3681 1339 benedictus

2113 1375 2275 1439 Deus,
2315 1374 2406 1443 qui
2438 1389 2535 1428 vos
2565 1384 2716 1427 tanta
2745 1373 3012 1428 charitate
3058 1374 3400 1438 ditavitrtam
3443 1375 3682 1429 charita-

2112 1469 2220 1521 tiva
2258 1466 2617 1521 sollicitudine
2657 1464 2922 1518 incitavit.
2966 1463 3158 1518 Videat
3212 1464 3324 1533 ipse
3354 1463 3683 1518 desiderium

2112 1572 2311 1621 meum,
2344 1563 2402 1607 ut
2431 1554 2721 1624 aliquando
2751 1568 2964 1608 merear
2994 1553 3061 1585 ³¹¹
3093 1553 3144 1607 in
3176 1554 3282 1608 Deo
3310 1553 3503 1622 placita
3547 1567 3685 1606 con-

2112 1647 2417 1701 versatione
2447 1646 2527 1700 sic
2557 1655 2731 1699 vestra
2759 1646 3022 1699 societate
3049 1645 3251 1709 lauari,
3304 1653 3361 1697 ut
3392 1644 3535 1698 nulla
3565 1657 3685 1713 pos.

2112 1742 2281 1795 simus
2310 1742 2553 1795 viventes
2583 1738 2881 1791 mutatione
2905 1737 3209 1791 dissociari.
3240 1737 3315 1790 De
3361 1734 3685 1804 qnzestionis

2112 1834 2381 1887 solutione
2426 1845 2588 1899 quam
2636 1842 2667 1881 a
2698 1843 2786 1883 me
2831 1829 2997 1883 scribi
3035 1828 3283 1897 poscitis,
3334 1827 3527 1882 scitote
3554 1826 3682 1895 quia

2112 1939 2212 1978 nec
2239 1923 2409 1977 otium
2440 1935 2541 1974 nec
2568 1917 2875 1972 facultatem
2908 1919 3104 1983 habeo,
3134 1926 3193 1971 ut
3221 1917 3288 1971 ad
3331 1917 3431 1971 hoc
3462 1917 3679 1971 credam

2112 2027 2198 2067 me
2223 2010 2488 2066 sufficere.
2520 2007 2744 2063 Ilabetis
2772 2010 3046 2084 vobiscum
3087 2009 3342 2063 domuum
3367 2017 3422 2063 et
3466 2007 3681 2062 Patrem

2113 2111 2354 2155 nostrum
2386 2098 2742 2152 reverendum
2793 2098 3040 2151 abbatem
3087 2098 3436 2163 Gerhertnm,
3466 2099 3556 2169 qui
3586 2092 3709 2153 νος

2049 2222 2053 2225 -
2111 2191 2195 2245 bis
2221 2191 2288 2244 de
2332 2203 2611 2258 ca,quam
2651 2188 2970 2256 scripsistis,
3001 2188 3324 2257 quaestione,
3357 2197 3411 2243 et
3459 2191 3524 2243 de
3564 2188 3685 2242 aliis

2094 2295 2206 2350 pro
2230 2280 2427 2348 quibus
2470 2292 2568 2332 vos
2612 2277 2749 2332 velle
2775 2292 2952 2331 meam
2989 2277 3142 2331 adire
3172 2278 3491 2345 parvitatem
3518 2276 3687 2347 signi-

2111 2368 2534 2437 licastis,mclius
2556 2376 2731 2438 potest
2751 2384 2988 2438 praesens
3016 2367 3386 2436 colloquendo,
3401 2356 3562 2436 quam
3585 2352 3701 2438 ego

2107 2461 2190 2514 vel
2218 2459 2504 2530 loquendo,
2532 2458 2615 2511 vel
2658 2458 2944 2513 scribendo
2981 2458 3314 2512 satisfacere.
3359 2456 3557 2511 Precor
3600 2465 3683 2510 ta-

2100 2568 2254 2616 men,
2286 2565 2352 2604 ne
2394 2549 2737 2618 despiciendo
2763 2563 2939 2601 meam
2979 2546 3300 2611 fatuitatem,
3326 2549 3688 2600 eontemnatis

2111 2642 2288 2694 visere
2314 2646 2558 2693 nostram
2600 2636 2949 2692 charitatem.
2978 2635 3107 2689 Plus
3138 2636 3283 2690 enim
3311 2636 3471 2689 debet
3515 2636 3683 2691 amari

2110 2733 2349 2789 charitas
2404 2745 2566 2800 quam
2610 2728 2857 2801 scientia.
2896 2725 3127 2800 Scientia
3167 2727 3304 2780 enim
3338 2727 3524 2795 inﬂat,
3556 2727 3688 2795 rha-

2112 2825 2242 2878 ritas
2286 2838 2409 2877 vero
2446 2819 2673 2888 (edi/ient
2720 2816 2773 2888 (1
2805 2816 2927 2872 Cor.
2978 2831 3105 2877 vm,
3138 2816 3212 2885 1).
3254 2817 3492 2885 Denique
3543 2830 3686 2885 quo-

2110 2916 2253 2970 niam
2283 2912 2427 2967 utilis
2465 2911 2643 2965 omuis
2668 2909 2893 2964 scicntia
2936 2907 3133 2977 pendet
3159 2921 3227 2960 ex
3256 2904 3562 2960 charitate:
3597 2905 3683 2960 Ex

2109 3020 2171 3057 ca
2203 3002 2387 3072 quippe
2414 3000 2653 3061 universa
2676 2996 2783 3052 ‘lez
2812 2997 3036 3066 pendet,
3074 3006 3123 3050 et
3170 2996 3432 3064 prapltetrc
3461 2993 3679 3064 (Matth.

2035 3097 2082 3158 ο
2114 3088 2409 3159 χχιιιιο).
2438 3087 2505 3141 Et
2529 3086 2785 3155 quoniam
2836 3085 2925 3138 ubi
2969 3084 3074 3138 duo
3106 3085 3181 3139 rel
3229 3096 3332 3138 tres
3381 3086 3682 3155 congregati

2104 3176 2299 3247 fuerint
2343 3175 2398 3229 in
2452 3175 2657 3229 nomine
2695 3171 2920 3246 (Matth.
2971 3189 3125 3239 xvm,
3160 3173 3259 3243 20)
3301 3174 3567 3240 veritatis,
3605 3173 3683 3229 ibi

2104 3268 2221 3336 ipsa
2245 3280 2305 3322 se
2324 3280 2445 3321 esse
2474 3264 2527 3319 iu
2555 3263 2733 3318 medio
2762 3278 2951 3317 eorum
3004 3263 3137 3317 dicit
3194 3263 3420 3318 consilio
3465 3263 3517 3317 in
3548 3278 3678 3333 pro-

2106 3353 2363 3409 missione
2392 3352 2656 3415 veritatis,
2686 3351 2731 3403 si
2760 3338 3171 3405 eonvenerimns
3220 3351 3273 3404 in
3319 3365 3425 3420 quo
3456 3352 3680 3406 nomine

2106 3460 2229 3500 eum
2273 3442 2465 3499 affectu
2511 3441 2828 3506 charitatis,
2857 3440 2983 3509 quia
3032 3441 3208 3495 oderit
3253 3442 3408 3515 nobis
3448 3440 3672 3496 scientia

2105 3536 2368 3591 veritatis.
2408 3526 2633 3600 Quodsi
2662 3532 2858 3587 scirem
2900 3531 3051 3585 vobis
3078 3546 3198 3586 esse
3231 3531 3557 3586 voluntatem
3587 3547 3678 3586 ve-

2105 3626 2284 3680 niendi
2332 3626 2400 3679 ad
2429 3639 2557 3689 nos,
2599 3623 2912 3677 mandarem
2960 3630 3166 3676 certum
3209 3620 3372 3692 35,0
3421 3632 3629 3692 tempus
3658 3661 3676 3686 ,

2103 3715 2319 3784 quando
2346 3714 2448 3768 hoc
2475 3728 2709 3782 congrue
2736 3713 2922 3776 fieret;
2951 3727 3027 3765 ne
3042 3711 3178 3765 forte
3206 3713 3516 3781 aliquando,
3546 3728 3673 3767 cum

2103 3803 2244 3858 domi
2269 3818 2374 3858 non
2399 3816 2595 3865 essem,
2630 3800 2906 3854 venientes
2953 3799 3103 3855 vobis
3131 3816 3324 3854 vanum
3350 3800 3585 3865 laborem
3616 3810 3671 3856 et

2106 3893 2235 3947 mihi
2265 3892 2541 3946 tristitiam
2581 3888 2852 3942 faceretis.

2490 3976 2840 4033 'EPISTOLA
2896 3976 3128 4033 LXXVII
3167 3977 3255 4031 ³¹¹.
3350 4024 3351 4027 η
3390 3968 3393 3971 ’

2699 4083 2765 4120 ΑΙ)
2820 4052 3049 4121 ΔΒΑίρΑΜ.

2106 4179 2170 4236 Ut
2193 4181 2304 4251 ipsa
2333 4177 2489 4234 militi
2514 4191 2750 4248 veterano
2772 4250 2775 4251 ν
2794 4181 2992 4234 militiis
3025 4183 3347 4236 vacationem
3378 4183 3609 4251 impetret
3637 4200 3672 4238 α

2747 4250 2859 4316 ﬁlio
2898 4266 3014 4303 suo.
3452 4250 3469 4289 ⁷·

2174 4351 2500 4393 neverenozc
2517 4336 2749 4391 domina:
2772 4351 2883 4391 sua:
2897 4339 3190 4393 comitissa:
3203 4339 3549 4409 (20.5mm,
3564 4338 3671 4392 fra-

434 4422 568 4480 nslit
595 4426 874 4495 quiescere
911 4445 1065 4483 mens
1113 4446 1249 4497 mea,
1286 4433 1454 4485 donec
1482 4432 1695 4487 videant
1719 4432 1858 4486 oculi
1888 4434 1993 4487 mei
2026 4431 2070 4485 D
2099 4440 2179 4483 ter
2202 4427 2483 4481 Ausstuus
2505 4426 2811 4495 Beccensis,
2833 4428 2940 4482 vita
2967 4439 3239 4498 peccator,
3265 4431 3449 4483 habitu
3477 4443 3666 4484 truona-

422 4529 429 4535 ”
1644 4532 1647 4535 ’
1688 4538 1914 4594 νΑΙῖΙᾹΞ
1952 4538 2349 4595 LECTIONES.

500 4616 570 4654 "‘
599 4619 727 4673 Cum
752 4623 923 4675 eodem
950 4640 1045 4677 ms.
1086 4624 1275 4679 collato

431 4686 502 4720 ⁸⁸³
540 4688 671 4743 Cum
717 4692 894 4745 cadent
928 4709 1025 4745 ms.
1054 4694 1245 4747 collata

1421 4627 1488 4658 ²¹⁰
1516 4626 1777 4683 Facunda:
1807 4644 1903 4682 ms.
1927 4619 2187 4683 foecundae

2330 4627 2393 4660 ⁸²¹
2427 4628 2716 4698 Aliquanto
2744 4646 2956 4688 merear
2984 4649 3081 4687 ms.
3131 4630 3419 4703 aliquando
3452 4648 3665 4689 merear

1603 4808 1883 4865 JOANNIS
1925 4808 2195 4866 PICARDI
2229 4808 2460 4865 NOTJE.

502 4893 615 4971 (91)
651 4899 853 4971 Adalre.
887 4900 977 4955 Sic
998 4901 1189 4970 legitur
1215 4903 1353 4971 apud
1376 4901 1734 4971 Guilhehnum
1768 4900 1986 4956 Malme-

431 4966 762 5043 sbuﬂettsern
791 4968 972 5043 l_ib_n_t
1006 4966 1077 5043 De
1100 4966 1456 5043 gestfregnm
1493 4970 1808 5043 Anglorum,
1850 4981 1905 5027 et
1934 4973 1984 5025 in

430 5031 630 5109 Hister.
672 5036 907 5109 Matthmi
935 5031 1128 5109 Paris.”
1144 5031 1483 5107 Verum'quia
1512 5031 1836 5095 id'nominis
1865 5056 1989 5109 pro-

429 5105 574 5179 xime
603 5107 811 5159 accedit
849 5108 913 5159 ad
944 5108 1226 5162 dictionem
1273 5105 1547 5179 Anglicum
1588 5105 1906 5179 Αᾴείὶιιρεῖ.
1934 5124 1986 5163 e.

429 5174 662 5244 noldlom
707 5190 800 5229 seu
847 5185 1171 5243 magnatem,
1217 5178 1329 5231 haec
1363 5174 1587 5244 'quoque
1631 5174 1801 5233 Adala
1830 5178 1990 5234 fuerit

430 5241 850 5329 liliaﬁnilhelmi
880 5241 1143 5329 Victoris,
1165 5241 1482 5329 cognomine
1503 5241 1686 5329 Nothi,
1712 5250 1851 5329 regis
1876 5252 1986 5329 An-

431 5311 661 5386 glorum,
690 5316 877 5386 opinor
908 5311 1257 5386 rectins'legi'
1274 5316 1460 5380 Adela,
1501 5325 1560 5370 ut
1596 5311 1836 5371 etiamin
1868 5318 1984 5386 epi-

430 5381 581 5452 stolis
602 5382 774 5452 Ivonis
795 5384 1138 5440 Carnotensis
1164 5381 1229 5439 a'd
1256 5386 1497 5440 eamdem
1520 5386 1574 5449 5,
1599 5387 1687 5449 82,
1715 5387 1834 5450 158,
1862 5381 1994 5452 MS,

432 5447 551 5519 ψ),
588 5450 709 5516 161,
736 5452 867 5519 205';
897 5463 949 5507 et
973 5454 1260 5509 Guilhelmi
1300 5447 1737 5510 GerntneticenSis
1766 5447 1855 5510 lib.
1888 5447 1983 5511 vui

434 5516 640 5596 Ilis_tor._
665 5516 863 5596 ducitur
898 5522 1409 5596 Northmannorum,
1455 5540 1573 5596 cap.
1603 5525 1672 5579 54
1698 5535 1762 5585 ,ει
1796 5526 1880 5581 39.
1932 5527 1984 5581 In

435 5587 590 5657 huius
617 5591 791 5647 Adcla:
821 5593 1045 5663 gratiam
1075 5592 1224 5665 IIugo
1253 5587 1477 5651 Floriaci
1516 5587 1581 5653 ad
1611 5596 1841 5662 Ligerim
1870 5614 1985 5652 ruo-

2093 4902 2320 4968 naehus,
2366 4902 2579 4971 scripsit
2609 4903 2883 4958 historiar.
2915 4905 3004 4960 lib.
3053 4920 3106 4959 γι
3147 4906 3216 4959 ab
3255 4904 3569 4960 Abrahamo'
3588 4909 3660 4964 ad

2094 4981 2318 5044 nepotes
2353 4972 2530 5026 Caroli
2573 4972 2778 5044 Magni,
2824 4990 3047 5041 quorum
3091 4977 3483 5044 autographum
3513 4978 3663 5034 misit

2090 5040 2238 5096 Ivoni
2267 5040 2583 5095 Carnotensi
2612 5040 2929 5105 armolIlO,
2960 5053 3014 5097 ut
3041 5040 3279 5098 notatum
3302 5040 3458 5098 estin
3478 5060 3663 5100 exem-

2091 5110 2225 5185 plari
2254 5112 2457 5185 scripto
2486 5111 2824 5185 Biblibthecze
2875 5112 3207 5185 Victoriarum,
3248 5116 3473 5183 necdum
3520 5118 3659 5185 typis

2093 5180 2237 5254 dato.
2270 5180 2393 5254 Hice
2423 5180 2636 5254 tandem
2676 5182 2877 5254 calcata
2906 5183 3086 5237 sreculi
3127 5199 3342 5254 pompa,
3386 5180 3659 5254 Stephano

2093 5248 2563 5321 Blescnsi‘comite
2603 5258 2656 5321 et
2684 5250 2906 5321 conjuge
2939 5248 3405 5308 extremum'diem
3449 5248 3652 5320 functo,

2094 5317 2278 5391 videns
2327 5319 2598 5391 filioresse
2644 5317 2888 5391 legitima:
2928 5324 3100 5375 :rtatis
3137 5322 3201 5375 ad
3251 5338 3336 5377 res
3368 5317 3651 5391 gerendas,

2094 5386 2204 5460 Deo
2232 5390 2410 5457 nupsit
2450 5388 2887 5460 inparthenone
2914 5390 3337 5460 Marciuiaccnsi,
3371 5386 3508 5442 'cum
3544 5386 3653 5460 Pe;

2097 5458 2210 5511 trus
2232 5458 2555 5512 venerabilis
2580 5467 2835 5525 pricesset
2864 5459 3139 5522 Cluniaco,
3166 5460 3318 5525 cujus
3355 5458 3651 5514 auctorita-

2098 5535 2201 5579 tem
2229 5528 2443 5594 respicit
2486 5527 2536 5579 id
2577 5527 2950 5594 Parthenonis,
2991 5531 3041 5582 in
3084 5544 3188 5597 quo
3218 5529 3381 5581 Adela
3408 5540 3527 5597 post
3572 5532 3654 5583 vi-

2097 5606 2202 5651 tam
2225 5596 2468 5668 religiose
2491 5605 2763 5665 peractam
2791 5599 3017 5653 excessit
3036 5613 3177 5651 anno
3206 5598 3359 5653 1157.
3391 5599 3655 5668 Stephani
