4214 6226
428 192 560 246 IH‘D

1772 200 1892 250 LIB.
1932 199 1993 259 Il,
2030 194 2243 251 EPIS'I‘.
2273 198 2359 251 Ill.

3132 14 3193 15 ,i,
3226 4 4169 15 7___——m=

3513 201 3650 258 “50

425 299 658 363 abbatis,
707 311 760 353 et
807 313 1069 357 terrarum
1117 319 1248 372 quas
1297 306 1545 357 similiter
1596 318 1716 374 post
1749 306 1985 371 ejusdem
2022 310 2062 362 Δ
2091 309 2194 360 rari
2223 308 2475 375 (Philipp.
2504 324 2562 370 n,
2596 309 2685 375 15)
2727 325 2822 378 pro
2847 311 2981 363 bona
3024 310 3294 365 voluntate
3321 311 3407 374 ³η.
3436 327 3651 365 conser-

422 389 627 443 obituut
658 391 885 445 emimus
907 434 921 455 ,
954 404 1009 445 ut
1037 405 1237 448 taceam
1286 398 1490 464 signum
1524 411 1796 464 maguum,
1846 398 1985 463 quod

422 488 488 529 ex
517 493 624 530 uno
653 480 828 533 fracto
861 492 917 535 et
942 483 1112 536 altero
1141 486 1480 537 discordante
1509 486 1787 555 improvidi
1822 487 1984 541 inea:-

419 569 619 636 pitnus,
657 573 750 624 sed
797 573 965 627 multo
1016 576 1165 642 plura
1212 590 1369 643 quam
1434 578 1982 646 [it‘tecogitaverantus,

421 659 665 714 addendo
701 671 755 714 et
805 664 1155 728 insumeudo,
1184 666 1271 718 vix
1319 667 1672 734 perfecimus;
1723 675 1776 719 et
1834 667 1984 734 plura

422 750 554 816 alia,
584 752 637 805 in
664 754 860 821 quibus
888 757 1051 808 multa
1083 764 1277 824 przcter
1326 758 1573 825 pnedicta
1617 758 1983 824 expendimus.

421 841 491 897 Ει
516 843 732 911 quidem
775 847 999 898 multum
1044 862 1207 915 prope
1253 849 1425 916 tetigit
1468 849 1535 878 ³⁸⁷
1566 863 1661 900 uos
1716 863 1886 899 anuus
1922 848 1987 900 de

426 948 536 1002 quo
570 949 756 988 sumus
806 943 1074 1004 utcunque
1097 939 1293 1007 egressi
1310 954 1335 1002 ς’
1354 938 1445 991 sed
1471 932 1859 1006 valde‘propius
1887 938 1984 990 mi-

423 1030 589 1077 natur
618 1024 774 1077 nobis
806 1024 857 1077 in
886 1026 1111 1094 penuria
1165 1027 1451 1079 multarum
1508 1042 1686 1080 rerum
1740 1014 1910 1079 annus
1937 1027 1988 1079 in

423 1129 582 1182 quem
620 1130 805 1169 sumus
835 1116 1081 1183 ingrcssi.
1110 1118 1213 1172 Sed
1258 1118 1421 1185 Deus,
1457 1119 1545 1186 qui
1598 1119 1660 1170 de
1692 1117 1816 1169 cwlo
1870 1132 1991 1179 pro-

422 1209 588 1274 spexit
634 1225 789 1266 super
829 1210 968 1277 ﬁlios
995 1211 1265 1263 honunum
1294 1211 1466 1277 (Psul.
1498 1227 1567 1264 ιιι
1594 1251 1607 1272 ,
1631 1210 1707 1276 3),
1740 1209 1993 1277 respiciat

425 1312 594 1368 super
621 1314 722 1353 nos
752 1302 817 1355 de
841 1300 1094 1354 cordibus
1124 1302 1529 1354 abundantiam.
1559 1301 1842 1363 Przrterea,
1869 1316 1990 1353 cum

424 1405 639 1460 semper
678 1405 932 1461 egeamus
974 1400 1152 1445 vestro
1201 1392 1423 1446 consilio
1472 1402 1525 1446 et
1572 1392 1804 1456 auxilio,
1852 1406 1993 1445 nunc

426 1481 651 1534 multum
678 1478 856 1543 vestra
902 1492 954 1535 et
999 1481 1131 1536 cleri
1188 1481 1484 1552 indigemus
1533 1481 1905 1541 sulnentione,
1939 1481 1991 1533 in

426 1568 514 1624 his
543 1570 787 1624 videlicet
804 1570 1058 1625 Ecclesia:
1081 1579 1273 1625 nostra:
1299 1570 1549 1639 negotiis,
1564 1582 1681 1636 qua:
1702 1581 1798 1635 per
1815 1568 2003 1621 vivant

2090 409 2178 451 vet
2202 410 2518 467 utrumque,-
2533 415 2691 467 quem
2719 409 2908 451 vestra:
2931 400 3306 458 sanctitatilot
3334 402 3470 453 bona
3499 401 3652 454 uehis

2091 488 2345 539 tribueuli
2378 496 2633 555 optamus
2665 488 3065 552 retributoretn,
3102 490 3206 542 imo
3244 488 3507 541 fcttet'auti
3558 489 3654 541 dn-

2090 592 2208 630 mus
2270 594 2365 645 pro
2416 579 2571 633 nobis
2624 578 2921 631 debitorem
2975 588 3024 629 et
3075 558 3654 646 Spousot‘t‘llh'Secm‘o

2091 667 2254 733 igitur
2280 678 2335 721 et
2361 668 2601 721 hilariter
2630 683 2753 721 cum
2801 666 3013 719 tnillena
3064 682 3222 718 usura
3255 666 3519 736 recepturi
3554 664 3650 719 hn-

2088 759 2325 825 peuditc,
2364 760 2501 813 sicut
2533 762 2668 813 bene
2702 759 3029 825 incwpistis;
3060 756 3181 824 quia
3214 758 3391 809 fallere
3440 774 3534 810 ucc
3558 772 3653 810 vos

2089 865 2187 901 nec
2212 866 2308 902 nos
2334 850 2601 911 volumus,
2621 865 2719 901 nec
2737 848 3019 917 Ιῑίῐυῂιδμυι·
3041 856 3221 901 uoster
3245 856 3434 914 pttICsl.
3455 848 3649 900 Servos

2087 950 2139 994 et
2165 942 2301 994 filios
2324 950 2550 1001 vestros,
2583 940 2776 993 fratres
2818 950 3056 1000 nostros,
3090 938 3154 989 ad
3195 948 3363 990 vestra
3394 938 3652 989 mittimus

2091 1034 2313 1101 vestigia
2346 1050 2359 1085 :
2390 1040 2440 1085 cl
2494 1033 2632 1085 sicut
2660 1044 2833 1083 vestra
2864 1039 2991 1083 euut
3031 1029 3292 1096 iussione,
3326 1028 3392 1080 ita
3426 1027 3504 1081 vel
3537 1044 3673 1080 ηαδ-ς

2089 1133 2272 1186 neunt,
2294 1123 2378 1176 vel
2406 1123 2645 1185 redeant,
2680 1121 2765 1173 vel
2795 1120 3051 1189 quidlibet
3082 1130 3256 1189 agant,
3277 1120 3533 1187 quidquid
3558 1134 3656 1171 nos
3720 1166 3725 1171 .

2088 1213 2549 1275 ordinaverimus,
2598 1221 2775 1265 vestra
2833 1205 3202 1278 dispositione.
3255 1210 3420 1264 Filius
3474 1218 3654 1262 vester

2092 1300 2276 1363 abbas,
2303 1310 2383 1383 ‘ut
2426 1302 2597 1363 aiunt,
2642 1299 2948 1363 Ilecccusis,
2992 1298 3253 1349 ntutuavit
3303 1299 3367 1329 3'“
3414 1314 3441 1348 a
3496 1313 3653 1350 servo

2093 1400 2269 1444 vestro
2308 1390 2473 1443 fratre
2496 1390 2745 1443 Auselnlo
2772 1405 2959 1441 aurum
3002 1388 3141 1455 quod
3174 1401 3270 1456 pro
3307 1387 3470 1440 calice
3505 1387 3654 1440 Inizi‘

2094 1482 2211 1535 stis.
2228 1480 2359 1533 Nam
2391 1490 2442 1534 et
2486 1482 2583 1534 iste
2622 1481 2709 1549 qui
2747 1480 2965 1533 ealirem
2999 1480 3221 1541 faceret,
3252 1495 3354 1530 non
3384 1478 3612 1531 habebat
3641 1496 3653 1528 :

2090 1582 2142 1625 et
2189 1572 2275 1626 ille
2332 1573 2544 1625 interim
2597 1589 2726 1625 auro
2772 1588 2905 1640 opus
2958 1572 3207 1626 habebat.
3236 1573 3338 1625 Sed
3365 1572 3655 1625 secundum

423 1662 775 1728 prmsentium
804 1662 993 1718 latoris
1025 1677 1212 1716 vocem
1264 1661 1413 1716 vobis
1447 1674 1683 1717 necesse
1709 1662 1992 1716 habuimus
2024 1647 2065 1705 Β
2096 1674 2309 1731 paetum
2339 1678 2527 1717 aurum
2560 1663 2813 1715 reddetur
2857 1664 3141 1715 formatum
3172 1664 3221 1715 iu
3254 1664 3497 1725 calicem,
3521 1672 3655 1715 etea

429 1749 703 1804 intimare.
731 1751 938 1817 Quibus
962 1752 1211 1822 cognitis,
1241 1753 1285 1807 si
1316 1754 1443 1821 quid
1470 1755 1619 1808 scitis
1648 1755 1789 1824 quod
1816 1756 1878 1807 ad
1925 1768 1987 1811 ea

427 1840 585 1897 nobis
636 1843 890 1911 prodesse
940 1841 1152 1907 valeat,
1225 1842 1544 1911 quantocius
1596 1844 1750 1897 nobis
1805 1858 1991 1912 preca-

427 1943 551 1983 mur
589 1930 658 1962 ³⁸⁸
681 1931 1151 2005 ετιιιοιίιτιετλγοδιη
1185 1934 1502 1986 remandare
1541 1935 1772 1987 studeat.
1809 1933 1881 1984 De
1908 1932 1992 1985 his

426 2019 573 2072 enim
596 2019 845 2074 omnibus
874 2020 1129 2088 placitare
1163 2021 1405 2088 cogimur
1433 2037 1614 2081 coram
1648 2036 1795 2089 rege,
1816 2019 1993 2074 Domi-

426 2110 549 2165 niea
582 2110 668 2164 die
694 2120 817 2177 post
848 2110 1043 2165 festum
1071 2110 1241 2187 sancti
1266 2110 1490 2177 apostoli
1516 2111 1804 2163 Audiam.-

929 2218 1259 2272 EPISTOLA
1314 2219 1353 2271 ll
1413 2218 1500 2269 ³¹⁹.

980 2326 1046 2363 an
1081 2324 1445 2379 Laupnascou.

428 2399 747 2469 Referuntur
775 2402 960 2467 gratim
985 2400 1045 2453 ob
1073 2388 1432 2453 libei‘alitatem
1452 2440 1465 2462 ,
1500 2409 1547 2452 et
1586 2400 1853 2465 speciatim
1891 2415 1981 2451 vro

567 2484 700 2523 auro
717 2470 854 2539 quod
885 2470 953 2521 ad
976 2469 1349 2536 conﬁciendum
1373 2470 1585 2521 calicem
1618 2469 1845 2521 miserat.

502 2559 613 2614 Suo
675 2559 970 2613 reverendo
1022 2558 1239 2611 domino
1293 2567 1348 2611 et
1410 2556 1557 2610 Patri
1609 2557 2023 2624 benignissimo,

431 2648 841 2718 archiepisc0po
870 2648 1184 2702 Lauramco
1208 2648 1379 2702 frater
1406 2649 1687 2701 ANSELBIUS
1713 2664 1833 2701 cum
1864 2664 1992 2701 cou-

423 2738 602 2793 servis
623 2748 680 2792 et
709 2737 943 2792 dominis
980 2737 1094 2790 suis
1129 2736 1385 2789 fratribus
1418 2735 1703 2790 BeCeeusis
1731 2736 1987 2802 emnobii,

427 2826 569 2895 quod
604 2826 686 2880 sui
1367 2817 1381 2834 “

498 2915 716 2970 Gratias
766 2930 987 2985 magnas
1032 2915 1348 2968 mandamus
1380 2914 1431 2967 in
1476 2914 1663 2967 charta
1698 2930 1903 2983 magna:
1932 2922 1987 2967 et
2016 2964 2054 2985 ι,

429 3005 696 3075 frequenti
727 3015 916 3058 vestra:
941 3004 1200 3073 largitati,
1225 3013 1281 3057 et
1313 3005 1603 3057 immensas
1633 3020 1908 3057 servamus
1931 3005 1982 3057 in

426 3093 589 3148 corde
629 3094 903 3146 immensae
953 3100 1007 3145 ct
1049 3093 1314 3145 continua:
1355 3092 1508 3145 bona:
1543 3092 1826 3145 voluntati.
1855 3093 1987 3147 Cum

427 3181 595 3244 enim,
629 3182 737 3235 Deo
764 3181 1052 3250 largiente,
1089 3188 1233 3233 tanta
1267 3181 1336 3235 sit
1360 3191 1536 3234 vestra
1566 3182 1990 3246 ahundantia,ut

427 3271 591 3325 toties
618 3271 911 3339 supplendo
950 3278 1189 3324 nostram
1248 3271 1478 3339 inopiam
1526 3258 1862 3341 nequaquam
1886 3262 1985 3327 ile-

423 3374 673 3415 crescere
702 3359 907 3427 possit,
938 3358 1123 3426 utique
1171 3366 1316 3410 tanta
1349 3367 1431 3411 est
1466 3360 1602 3412 bona
1626 3358 1893 3424 voluntas,
1934 3371 1991 3414 ut

426 3447 753 3502 abundantia
791 3448 949 3501 citius
1009 3446 1287 3499 exhauriri
1332 3462 1492 3513 quam
1546 3448 1683 3501 bona
1743 3450 1990 3504 voluntas

427 3537 595 3591 minui
624 3539 810 3607 possit.
836 3538 901 3590 Et
926 3536 1089 3597 Deus,
1120 3537 1211 3605 qui
1238 3538 1378 3589 dedit
1401 3537 1543 3590 vobis
1569 3549 1615 3590 et
1639 3513 1761 3591 trelle
1787 3550 1835 3592 et
1858 3555 1986 3607 ope—

2095 1754 2266 1807 forma
2291 1768 2409 1822 qua:
2437 1753 2588 1806 vobis
2611 1752 2782 1821 magis
2808 1752 2979 1819 placet
3010 1754 3059 1804 in
3101 1753 3288 1806 calice.
3311 1753 3526 1805 Interim
3560 1769 3657 1804 au-

2094 1852 2201 1896 tem
2225 1850 2405 1894 utetur
2435 1857 2623 1895 servus
2644 1851 2818 1893 vester
2836 1857 2899 1893 eo
2930 1843 3095 1895 calice
3136 1859 3293 1910 quem
3325 1843 3479 1896 Ilccci
3508 1844 3656 1911 prior

2095 1929 2362 1983 habuistis
2386 1929 2475 1993 ³η,
2514 1938 2569 1982 et
2593 1930 2898 1981 succedenti
2930 1929 3097 1996 priori
3146 1930 3393 1991 dedistis;
3419 1929 3511 1981 sed
3553 1930 3659 1982 sci-

2095 2028 2206 2073 tote
2259 2020 2384 2088 quia
2438 2035 2627 2073 aurum
2681 2019 2767 2072 ille
2828 2018 3656 2081 nullatenus"’crederet,nisi

2091 2118 2270 2161 vestra
2332 2108 2677 2176 fidejussione
2728 2126 2742 2161 :
2786 2124 2881 2161 vos
2934 2110 3074 2161 enim
3126 2106 3481 2173 tidejussistis,
3533 2108 3658 2174 quia

2088 2182 2517 2266 jussistis.Satis
2554 2208 2730 2252 autem
2755 2207 2903 2267 patet
2932 2198 3015 2250 cui
3072 2198 3134 2249 sit
3176 2198 3442 2250 lidendum
3489 2214 3553 2249 ne
3589 2195 3659 2228 ⁸¹δ

2094 2290 2194 2342 sub
2250 2287 2426 2342 Patris
2480 2298 2534 2343 et
2584 2288 2781 2342 domini
2839 2286 3178 2353 lidejnssioue
3231 2286 3370 2339 ﬁlius
3432 2301 3652 2340 servum

2058 2432 2071 2445 ο
2094 2379 2264 2433 fallat.

2512 2469 2670 2541 342
2700 2467 3028 2522 EPISTOLA
3060 2467 3117 2519 IIl
3143 2466 3211 2498 ³³⁵

2662 2596 2728 2633 ΑΒ
2762 2594 3098 2633 (ἓΟΝΙἯΙᾸ-ῚἿΜ.

2091 2667 2183 2744 illi
2218 2670 2548 2744 quantumvis
2585 2670 2820 2735 episeopo
2855 2669 3168 2744 fainiliarem
3205 2667 3489 2744 amicitiam
3540 2685 3661 2744 pro~

2160 2750 2407 2802 testatur;
2444 2750 2490 2790 et
2521 2738 2799 2790 Berccnses
2839 2737 3119 2789 monac/ws
3149 2754 3276 2805 quos
3322 2738 3373 2788 in
3418 2737 3659 2806 Angliam

2161 2809 2342 2872 mittit,
2371 2809 2418 2860 ei
2450 2810 2791 2860 commendat.

2165 2919 2390 2972 Domino
2437 2926 2490 2970 et
2536 2918 2730 2979 amico,
2764 2912 2908 2968 Patri
2946 2924 2999 2967 et
3046 2916 3244 2977 Fratri,
3272 2914 3566 2968 reverenda
3608 2924 3663 2969 ct

2092 3010 2286 3063 dilecto
2317 3009 2568 3076 episcopo
2622 3007 2908 3060 Goxnou‘o
2952 3006 3117 3059 frater
3168 3000 3470 3071 Asianus,
3519 3006 3662 3074 quod

2092 3100 2216 3152 olim
2250 3099 2389 3167 quod
2430 3114 2493 3152 ex
2534 3114 2639 3165 quo
2670 3098 2838 3168 magis
2869 3114 2965 3151 nos
2999 3097 3305 3150 dileximus.
3557 3097 3562 3101 ’

2164 3187 2484 3254 Quanquam
2556 3186 2788 3255 dignitas
2844 3186 3196 3253 episcopalis,
3250 3194 3304 3239 et
3358 3182 3659 3237 reverentia

2097 3277 2400 3343 sanctitatis
2430 3276 2509 3329 sic
2539 3288 2773 3329 vestram
2805 3277 2934 3329 mihi
2967 3293 3246 3345 personam
3280 3275 3664 3345 saperexaltet,

2102 3375 2160 3420 ut
2190 3380 2275 3419 me
2306 3366 2459 3419 valde
2488 3366 2625 3428 infra
2656 3368 2867 3420 deserat
2893 3384 2904 3418 :
2932 3382 3142 3433 semper
3171 3366 3526 3435 tamen,qnod
3553 3382 3656 3419 non

2101 3464 2313 3509 tumore
2336 3455 2429 3508 sed
2455 3464 2641 3506 amore
2666 3455 2806 3525 dico,
2823 3454 3049 3523 pristina
3082 3454 3418 3507 familiaritas
3435 3463 3488 3506 et
3511 3452 3667 3505 fami—

2098 3544 2246 3596 liaris
2305 3544 2541 3597 amicitia
2592 3545 2658 3597 ad
2710 3544 3073 3613 amualitatem
3121 3558 3205 3597 me
3264 3544 3506 3597 sublevat
3549 3558 3561 3595 :
3607 3550 3667 3595 ut

1710 3627 1941 3682 VARI/IS
1982 3630 2377 3685 IJECTION'ES.

500 3698 566 3767 ³¹Ϊ
610 3696 833 3767 Multum
886 3698 1057 3766 tetigit
1082 3715 1178 3756 ms.
1208 3698 1430 3767 multum
1457 3713 1619 3767 prope
1644 3698 1816 3765 tetigit

428 3767 501 3799 ⁸¹⁹
522 3766 725 3819 Collata
749 3784 863 3818 cum
890 3771 1063 3819 eodem
1089 3784 1183 3817 ms.

1960 3702 2028 3731 ³¹⁸
2066 3703 2393 3765 Qnautocius
2424 3716 2709 3769 precamur
2731 3716 2829 3751 ms.
2854 3699 3172 3767 quantocius
3199 3698 3662 3769 nobispreeanrur

1264 3768 1331 3797 ³²⁰
1364 3766 1466 3837 Ρη)
1495 3766 1589 3820 sua
1618 3767 1887 3822 voluntate
1904 3786 2000 3822 ms.
2034 3786 2130 3837 pro
2156 3773 2291 3823 bona
2319 3766 2590 3822 voluntate

2663 3771 2725 3800 ³¹¹
2753 3764 3008 3821 Mutinavit
3041 3786 3137 3821 ms.
3176 3768 3392 3819 mutavit
3472 3764 3661 3815 ’"lla-

428 3836 589 3889 buisti
621 3852 697 3889 ms
744 3837 1005 3889 habuistis
1091 3836 1159 3866 ⁸³³
1180 3836 1256 3888 Illi
1284 3836 1584 3890 nullatenus
1608 3853 1705 3889 ms.
1744 3838 1831 3891 ille
1863 3826 2169 3894 nullatenus
2234 3839 2312 3870 7’”
2344 3840 2641 3894 Fideudutn
2671 3854 2736 3895 ne
2756 3855 2856 3892 ms.
2885 3839 3191 3900 videndum,
3225 3852 3289 3889 ne
3363 3826 3429 3865 ³⁵³
3457 3833 3662 3887 Collata

428 3920 546 3958 cum
588 3906 763 3957 eodem
792 3921 887 3957 uis.

1582 3996 1852 4051 IOANNIS
1883 3998 2148 4055 PICARDI
2186 4000 2391 4056 ΝΟΤᾹΞ

428 4091 710 4146 superatus
733 4092 786 4136 et
811 4084 925 4151 ipse
945 4083 996 4135 in
1024 4082 1286 4151 lacrymas
1308 4082 1507 4137 ell‘usus
1529 4084 1658 4137 nihil
1683 4085 1860 4138 dicere,
1890 4102 1982 4152 po.

433 4153 683 4217 tuit;vix
730 4163 907 4205 tamen
936 4152 1198 4205 eluctatus
1242 4153 1294 4205 in
1341 4169 1527 4207 vocem
1570 4154 1796 4208 absolvit
1829 4156 1983 4220 tilios,

431 4225 670 4289 dansque
697 4221 1119 4275 benedictionem
1151 4230 1206 4275 et
1242 4236 1426 4289 pacem
1459 4224 1727 4285 omnibus,
1758 4232 1865 4275 tam
1894 4226 1988 4277 ab-
2021 4232 2065 4289 υ

431 4300 612 4344 nentes
630 4306 786 4358 quam
816 4300 1104 4357 praesentes
1132 4291 1419 4355 immortali
1442 4306 1533 4345 eos
1556 4291 1697 4345 Patri
1720 4306 1990 4346 commen-

433 4360 601 4422 davit,
632 4375 695 4413 ac
717 4360 1050 4429 discedentes
1078 4359 1227 4429 (quia
1253 4360 1369 4426 plus
1398 4375 1500 4412 non
1539 4362 1771 4428 poterat]
1801 4371 1857 4413 ut
1898 4378 1994 4429 pro

432 4445 493 4482 se
530 4435 749 4482 orarent
781 4426 1095 4495 postulavit.
1138 4426 1297 4481 Dolor
1336 4438 1389 4481 et
1438 4426 1684 4497 Iacryuue
1722 4426 1994 4484 orationes

434 4498 654 4558 ﬁebant,
688 4497 812 4564 quia
840 4498 924 4548 vix
959 4498 1034 4550 ‘ab
1057 4496 1135 4550 eis
1163 4497 1398 4564 psalmus
1428 4496 1731 4551 continuari
1762 4499 1989 4564 valebat,

406 4567 560 4619 «λίπω
591 4567 815 4633 quisque
850 4565 1074 4618 alterum
1119 4567 1458 4633 respiciebat,
1487 4568 1635 4633 quasi
1666 4566 1776 4632 jam
1808 4583 1995 4621 eerne-

436 4644 518 4717 rct
546 4633 750 4717 patrem
794 4635 959 4717 fratre
982 4635 1248 4697 orbatum,
1280 4638 1593 4717 erumpebat
1621 4636 1670 4688 in
1708 4636 1989 4717 lacrymas.

434 4704 628 4773 Coram
657 4704 747 4757 illo
776 4705 1028 4773 plangere
1064 4720 1398 4772 nequaquam
1428 4705 1712 4767 audebant,
1743 4704 1864 4772 quia
1896 4721 1990 4772 spe

436 4773 572 4825 bona
602 4772 957 4843 Iaztahumlus,
988 4788 1090 4826 non
1118 4774 1474 4843 lacrymantes
1503 4775 1594 4827 sed
1626 4774 1865 4828 hetautes
1896 4790 1989 4829 eos

436 4856 625 4912 omnes
657 4841 835 4895 videre
857 4842 1083 4912 volebat.
1112 4841 1343 4912 Sicujus
1366 4845 1415 4895 in
1441 4842 1713 4912 rlacrymas
1739 4844 1993 4897 concitati

437 4911 727 4977 singultum
754 4910 1037 4970 sentiebat,
1064 4911 1345 4965 confestim
1374 4911 1525 4963 solita
1565 4910 1824 4977 gravitate
1849 4928 1995 4966 com-

437 4980 706 5048 pcscebat.
746 4997 763 5029 ι
819 4978 1054 5032 Tandem
1105 4980 1191 5033 die
1237 4980 1457 5033 Sahbati
1506 4982 1732 5033 mediani
1783 4982 1998 5035 circiter

434 5057 651 5102 noctem
697 5064 770 5101 vn
805 5048 1023 5099 Kalend.
1065 5048 1335 5116 Septemb.
1376 5050 1771 5103 sanctissimam
1804 5050 1999 5104 elllavit

440 5118 696 5179 animam,
743 5117 938 5169 Christi
984 5117 1246 5171 iucmnati
1278 5133 1420 5170 anno
1470 5118 1623 5179 1078,
1672 5136 1780 5172 sua:
1823 5121 1998 5173 (etatis

442 5202 585 5239 anno
628 5202 841 5242 axxnv.
892 5188 1239 5240 monachatus
1285 5203 1424 5240 κων.
1469 5186 1708 5241 Cadaver
1734 5190 1784 5240 ia
1825 5189 1997 5241 media

442 5258 655 5326 exedra:
676 5254 1016 5326 genuibiticae
1046 5272 1169 5308 area
1200 5257 1495 5320 conditum,
1527 5257 1783 5326 nigroque
1824 5257 1997 5325 lapide

443 5322 907 5447 pariisrelhgiebus
926 5322 1111 5377 uelato
1141 5335 1337 5379 tectum
1363 5326 1482 5390 fuit,
1520 5322 1677 5393 quem
1702 5322 1843 5396 ipsis
1870 5322 1997 5378 ocu-

468 5407 510 5446 IS
536 5408 583 5444 vi
626 5410 660 5445 ι.

468 5407 510 5446 IS
536 5407 660 5445 "Idl.

519 5461 648 5515 Tres
676 5462 854 5515 titulos
896 5464 1067 5515 eidem
1118 5463 1287 5516 factos
1315 5463 1545 5517 habebat
1590 5465 1707 5519 cod.
1743 5466 1993 5519 Bcccens.

447 5545 671 5587 auorum
712 5534 863 5598 duos,
892 5534 1011 5600 quia
1056 5535 1192 5602 apud
1236 5533 1496 5588 Gemtuet.
1532 5535 1625 5588 lib.
1657 5551 1705 5589 vt
1740 5535 1869 5593 llist.
1902 5534 1996 5589 du-

2095 4106 2215 4143 eum
2247 4089 2737 4143 Northmannorum
2764 4104 2882 4155 cap.
2916 4088 2968 4138 9.
3010 4087 3188 4139 videre
3217 4095 3316 4148 est,
3360 4086 3535 4149 mitto;
3568 4085 3664 4139 ad-

2100 4160 2360 4212 missurus
2388 4160 2623 4221 tertium,
2655 4158 2743 4225 qui
2773 4160 2851 4211 sic
2893 4158 3053 4239 habet
3084 4174 3094 4207 :
3254 4186 3267 4197 κ
3607 4175 3633 4213 κ

2098 4274 2396 4327 Humanum
2433 4274 2653 4341 ’apsum.
2681 4271 3058 4341 qucmrincrre
3100 4287 3198 4322 non
3227 4270 3462 4334 potuisti,

2096 4342 2403 4396 Courlitione
2432 4360 2601 4407 verus,
2630 4340 2789 4393 Pater
2813 4340 3080 4403 Ilerluine,
3113 4340 3314 4392 subisti.

2102 4413 2279 4465 Primo
2307 4413 2511 4480 quidem
2538 4411 2702 4473 miles,
2727 4427 2842 4478 quae
2868 4421 2985 4461 sunt
3014 4410 3193 4460 mundi
3226 4408 3466 4480 tenuisti;

2098 4482 2203 4534 Sed
2236 4479 2513 4534 miserante
2546 4481 2650 4533 Deo
2673 4482 2922 4531 mundum
2952 4488 3062 4545 post
3087 4479 3381 4540 deseruisti,

2099 4548 2433 4617 Paupertatts
2457 4566 2586 4603 onuv
2620 4551 2875 4615 patienter
2897 4565 3029 4613 sirpe
3059 4548 3243 4606 tulisti,

2099 4619 2241 4671 Nam
2271 4628 2358 4670 tua
2388 4620 2704 4686 pauperibus
2728 4620 2985 4684 sapienter
3010 4617 3337 4669 distribuisti.

2099 4687 2251 4739 liceri
2281 4688 2531 4753 fundator
2558 4690 2755 4754 primus
2779 4687 2893 4754 ﬁeri
2917 4687 3166 4754 meruisti,

2098 4756 2376 4824 lpsiusque
2406 4756 2509 4808 lori
2538 4757 2823 4808 monachus
2854 4765 3115 4822 νέοισι-(μισ
3144 4755 3308 4822 fuisti,

2108 4823 2295 4879 Vivere
2311 4826 2501 4892 quique
2533 4842 2733 4892 gregem
2759 4835 2994 4877 sanctum
3020 4834 3185 4875 tecum
3214 4823 3438 4892 coluisti,

2100 4893 2157 4948 Si
2188 4894 2314 4963 quid
2336 4891 2451 4946 eum
2478 4891 2749 4960 premeret,
2782 4895 2846 4945 tle
2873 4909 3012 4945 more
3032 4894 3191 4963 patris
3213 4891 3458 4963 doluisti,

2101 4963 2321 5016 Munere
2351 4962 2524 5015 divino
2552 4963 2643 5013 tibi
2675 4964 2973 5014 commissos
3003 4962 3240 5013 docuisti.

2103 5033 2237 5085 Ecce
2262 5032 2355 5093 sub
2386 5033 2482 5083 liae
2520 5031 2719 5091 tumba,
2752 5033 2881 5083 cinis
2907 5047 2978 5089 es,
3016 5031 3099 5081 cui
3130 5031 3356 5081 membra
3386 5030 3592 5083 dedisti.

2102 5101 2375 5169 Laudibus
2402 5118 2519 5163 erqo
2540 5102 2637 5166 piis
2679 5100 2955 5152 Beccenses
2993 5111 3315 5159 venerentur,

2104 5170 2301 5240 Detque
2328 5173 2419 5223 tibi
2446 5170 2697 5223 Dominus
2723 5185 2930 5238 regnum
2957 5169 3174 5233 cwleste,
3208 5178 3498 5236 precentur.

2172 5259 2540 5329 Neerologium
2577 5257 2730 5329 llecci
2765 5256 3121 5329 bisgpauculis
3165 5258 3276 5329 ejus
3320 5256 3520 5308 obitum
3548 5267 3664 5329 mc-

2102 5339 2277 5382 morat
2326 5349 2337 5382 :
2396 5323 2426 5380 ξ’
2467 5344 2532 5380 vn
2577 5326 2797 5379 Kalend.
2845 5325 3119 5393 Septemb.
3168 5326 3293 5378 obiit
3347 5323 3666 5377 venerabilis

2102 5400 2374 5453 ιιιρηιοιίευ
2404 5398 2649 5449 dominus
2676 5397 2839 5451 abbas
2879 5396 3162 5452 Ilerluinus
3190 5404 3371 5464 pastor
3398 5405 3447 5447 et
3474 5394 3664 5447 funda-

2104 5481 2187 5522 tor
2227 5468 2385 5537 hujus
2406 5466 2654 5522 ctrnobii.
2698 5486 2714 5516 ι
