4214 6190
646 321 781 382 “’5!

1186 323 1246 378 S.
1289 323 1590 401 ANSELH!
1618 322 1967 395 CANTUAR.
2007 312 2322 377 ARCHIEP.
2364 310 2516 370 OPP.
2558 309 2737 367 PARS
2775 310 2861 366 In.
2891 309 3362 366 —EI’lSTOL}E.

3712 272 3876 368 ttae

644 452 1121 513 quantumcunque
1160 440 1423 511 dignitate
1459 450 1515 495 et
1550 439 1756 494 meritis
1783 447 2053 509 strenuus
2078 436 2209 505 epi-

2284 422 2417 487 ,ιιἱεί
2494 420 2613 477 sola
2669 424 2805 477 bona
2866 419 3143 474 voluntate
3193 424 3511 487 cognoscant
3542 416 3638 483 '3';
3696 432 3877 478 tamen

614 516 837 603 emptis
891 542 947 587 et
995 534 1222 603 ignavus
1258 535 1553 589 monachus
1596 540 1947 601 separentur,
1998 545 2211 599 semper

2287 521 2489 568 ‘vestra
2521 522 2647 567 nota
2694 510 2878 565 multis
2915 508 3217 576 benignitas
3267 508 3397 562 facit
3447 522 3532 561 me
3558 506 3630 562 de
3652 523 3710 563 se
3737 526 3879 578 ιιι-ω-

644 633 821 678 tamen
852 620 1155 679 Gnudulfus
1202 633 1258 679 et
1308 624 1596 679 Anselmus
1638 622 1889 676 familiari
1924 621 2212 675 dilectione

638 713 980 777 copulentur.
1005 714 1343 783 Quapropter
1376 726 1651 781 nunquam
1680 711 1860 773 minus
1886 725 2207 781 praesumam

639 809 706 857 de
748 804 904 858 vobis
952 816 1172 873 propter
1204 817 1439 859 vestrum
1492 802 1892 873 episc0patum,
1932 817 2207 873 nunquam

612 888 819 951 'minns
842 896 1105 953 confidam
1134 905 1351 964 propter
1381 898 1616 950 veétram
1663 894 2046 958 sanctitatem;
2080 893 2206 962 quia

639 1001 854 1048 semper
876 1004 1038 1051 unum
1065 1001 1162 1041 cor
1188 1001 1394 1048 sumus,
1438 990 1662 1054 propter
1697 1000 1881 1056 parem
1904 984 2207 1038 dilectionis

638 1076 1084 1131 familiaritatem.
1114 1073 1224 1141 luto
1270 1083 1421 1129 tanto
1447 1090 1648 1145 magis,
1680 1075 1770 1129 ubi
1814 1074 1951 1129 ratio
1994 1072 2204 1143 exiget,

637 1176 840 1238 quanto
873 1166 1043 1235 magis
1070 1165 1223 1220 vobis
1270 1165 1509 1234 suppetit
1533 1177 1590 1220 et
1621 1166 1673 1219 in
1720 1167 1947 1219 terrenis
1973 1163 2203 1218 facultas

636 1273 702 1313 ex
745 1258 1031 1327 dignitate,
1073 1266 1128 1310 et
1183 1257 1237 1311 in
1295 1256 1663 1327 spiritualibus
1713 1256 2088 1324 Opportunitas
2135 1270 2203 1310 ex

634 1349 946 1405 sanctitate.
980 1348 1114 1402 Cum
1160 1349 1304 1403 enim
1360 1349 1411 1402 in
1462 1348 1563 1401 hoc
1609 1363 1707 1416 par
1754 1347 1828 1400 sit
1858 1346 2106 1401 voluntas
2148 1348 2201 1402 in

631 1444 957 1510 utroque,ut
986 1439 1231 1507 quisquis
1255 1438 1377 1493 velit
1401 1438 1629 1491 alterum
1655 1438 1911 1507 prodesse
1941 1448 2199 1507 quantum

2312 617 2547 665 sumere,
2588 610 2672 664 ut,
2707 616 2829 654 cum
2857 614 2992 668 opus
3042 606 3155 659 est,
3184 612 3289 651 non
3326 598 3560 653 dubitem
3610 600 3751 668 quod
3778 614 3879 657 vos

2310 708 2416 747 non
2456 692 2731 756 dedeceat,
2765 692 3041 759 expetere.
3094 686 3228 741 Nam
3279 697 3335 742 et
3364 704 3463 757 ego
3496 705 3734 758 paratam
3775 707 3878 747 no-
3926 724 3929 725 ν

2309 792 2478 838 stram
2536 782 2705 836 fateor
2741 780 3066 837 voluntatem
3098 778 3164 833 ad
3214 780 3589 845 obedientium,
3617 782 3663 836 si
3692 792 3875 837 vestra

2308 874 2608 942 paternitas
2637 886 2666 924 a
2696 885 2811 923 mea
2840 872 3106 937 parvitate
3141 869 3340 937 aliquid
3382 870 3627 939 exigeret
3672 872 3879 928 facien-

2310 961 2462 1015 dum.
2497 963 2705 1029 Quippe
2733 968 2789 1012 et
2836 958 3093 1019 cbaritas.
3126 976 3285 1027 quam
3312 975 3525 1030 semper
3555 962 3708 1016 nobis
3736 963 3878 1017 iuvi-

2313 1068 2432 1108 eem
2458 1053 2731 1121 debemus,
2760 1056 2901 1108 sicut
2941 1059 3156 1120 paratos
3204 1066 3302 1106 nos
3331 1051 3461 1107 facit
3481 1052 3546 1106 ad
3576 1053 3877 1119 obsequen—

2306 1134 2563 1209 dum,'ita
2611 1144 2836 1198 ﬁdentes
2864 1140 3037 1195 reddit
3064 1141 3130 1193 ad
3162 1142 3508 1208 poscendum.
3541 1141 3877 1214 Quapropter

2284 1236 2582 1291 confidens
2629 1236 2695 1290 de
2743 1243 3013 1304 prmeepto
3060 1233 3342 1289 charitatis
3398 1241 3454 1288 et
3504 1235 3876 1304 experimento

2290 1314 2497 1379 vestrae
2525 1324 2896 1393 benignitatis,
2911 1333 2967 1379 et
2986 1322 3314 1379 conscientia
3334 1330 3533 1378 nostra:
3559 1322 3873 1390 voluntatis,

2303 1416 2622 1470 commendo
2665 1424 2857 1470 vestra:
2901 1424 3137 1489 pateram
3168 1415 3420 1470 charitati
3450 1424 3507 1469 et
3536 1414 3876 1471 cbaritatlva:

632 1502 834 1599 μοιρέιο
869 1502 1091 1586 ὴρεεέεε
1129 1502 1218 1585 '05,
1242 1539 1303 1583 ιη
1326 1528 1449 1598 plus
1484 1529 1573 1583 me
1600 1502 1791 1599 μέθεξιν
1816 1530 1905 1597 (ιω
1948 1502 2203 1599 bluspo,
2234 1536 2251 1565 .
2282 1502 2616 1576 'paternitati
2652 1506 2851 1561 fratres
2878 1516 3112 1570 nostros,
3158 1521 3292 1599 quos
3336 1507 3388 1560 in
3426 1506 3671 1577 Angliam
3702 1506 3878 1562 mitti-

636 1628 759 1675 test.
787 1620 1010 1691 Oportet
1055 1635 1183 1689 ergo
1224 1630 1283 1672 ut
1326 1619 1446 1689 plus
1489 1628 1730 1674 vestram
1784 1619 1913 1674 mihi
1953 1634 2198 1688 magnam

617 1709 969 1768 devotionem
1026 1714 1164 1781 apud
1220 1711 1387 1764 Deum
1452 1711 1710 1780 prodesse
1762 1710 1984 1773 curetis,
2020 1706 2195 1779 quam

2306 1615 2460 1664 mus;
2488 1609 2775 1669 quatenus,
2805 1600 2894 1653 ubi
2938 1615 3074 1669 opus
3120 1598 3243 1661 erit,
3272 1608 3454 1652 vestro
3502 1600 3879 1655 sustineantur

2303 1692 2532 1758 autxilio;
2559 1700 2736 1746 vestro
2779 1699 3033 1760 regantur
3082 1676 3339 1754 consilio,
3368 1698 3547 1745 vestra
3593 1673 3875 1759 diligentia

634 1817 809 1856 meam
850 1804 991 1872 (quae
1021 1770 1203 1871 utique
1252 1812 1346 1855 aut
1392 1770 1687 1859 ferenulla
1717 1801 1820 1872 est)
1843 1770 2099 1871 ριιοιιέεέο
2127 1802 2198 1833 m
2229 1770 2410 1872 Blvita
2440 1798 2627 1837 eorum
2661 1780 3068 1851 exquiratur,et
3093 1788 3272 1835 vestra
3291 1794 3518 1835 censura
3545 1778 3878 1849 approbatur

632 1892 783 1948 robis
809 1892 1161 1961 exspectetis.
1190 1891 1300 1946 Nec
1326 1893 1429 1947 hoc
1459 1893 1603 1955 dico,
1632 1900 1690 1944 ut
1715 1908 1813 1962 pro
1856 1907 1988 1947 vero
2023 1894 2198 1947 amico

631 1997 749 2037 meo
781 1999 885 2037 non
923 1999 1099 2048 orem,
1124 1984 1266 2037 sicut
1287 1999 1537 2051 possum;
1568 1982 1659 2036 sui
1691 1991 1749 2037 ut
1770 1983 2046 2037 ostendam
2072 1983 2195 2051 quia

632 2072 793 2128 nimis
848 2089 1035 2144 parum
1084 2082 1166 2127 est
1195 2074 1338 2143 quod
1385 2088 1602 2143 possum
1632 2092 1645 2128 :
1675 2084 1941 2143 quatenus
1989 2075 2078 2127 ille
2105 2075 2195 2143 qui

632 2162 752 2230 plus
776 2173 979 2233 potest,
1014 2163 1235 2231 adjuvet
1278 2165 1425 2218 illum
1468 2166 1556 2232 qui
1608 2165 1787 2218 minus
1812 2173 2017 2233 potest,
2044 2174 2102 2217 ut
2130 2166 2195 2218 ad

614 2252 869 2323 gilliua'et
902 2271 1058 2311 suum
1100 2271 1236 2324 opus
1264 2256 1381 2323 plus
1411 2256 1599 2324 possit.
1628 2254 1737 2310 Nec
1794 2256 1991 2311 idcirco
2018 2265 2195 2309 vestra

633 2355 830 2415 pronte
850 2342 1009 2400 debet
1038 2344 1213 2398 oratio
1242 2344 1457 2414 frigere,
1483 2346 1609 2414 quia
1642 2361 1757 2400 mea
1784 2361 1881 2411 pro
1910 2346 2059 2400 vobis
2087 2362 2193 2402 non

630 2428 1059 2506 mleta‘qttaliter
1072 2433 1565 2504 fervere.Quisquis
1590 2436 1732 2490 enim
1755 2438 1925 2507 diligit
1940 2437 2193 2508 aliquem,

626 2528 722 2579 aut
749 2535 842 2595 per
857 2521 1202 2580 dilectionem
1227 2525 1445 2593 prodest
1469 2526 1628 2580 alicui
1652 2542 1666 2578 :
1698 2527 1893 2582 scitote
1925 2528 2051 2596 quia
2076 2527 2195 2597 plus
2222 2554 2233 2571 «π

629 2611 728 2667 sibl
745 2610 991 2687 prodest,
1015 2627 1178 2681 quam
1204 2613 1297 2670 alii
1332 2614 1421 2667 "’.
1451 2615 1614 2669 Multo
1647 2630 1879 2686 namque
1919 2617 2090 2686 majus
2114 2626 2196 2697 est
2230 2640 2237 2645 ’

629 2701 771 2773 quod
833 2712 980 2763 tenet
1023 2703 1196 2773 ipsam
1251 2704 1593 2769 eharitatem,
1622 2721 1784 2775 quam
1833 2706 1905 2761 sit
1956 2706 2007 2760 id
2055 2706 2196 2774 quod

615 2803 850 2864 'prtestat
882 2795 969 2849 alii
995 2810 1093 2865 per
1113 2796 1453 2852 cbaritatem.
1484 2797 1577 2851 lsti
1600 2799 1741 2852 enim
1782 2799 1832 2852 id
1859 2798 2029 2853 solum
2053 2799 2195 2867 quod

626 2881 864 2938 clraritas
888 2884 954 2936 ad
981 2894 1193 2954 tempus
1220 2893 1418 2955 potest.
1465 2886 1721 2941 tribuitur
1749 2888 1851 2951 ³²⁸;
1880 2887 1955 2942 illi
1988 2903 2116 2943 vero
2142 2895 2196 2942 et

625 2973 713 3029 hic
744 2972 854 3040 ipsa
895 2962 1134 3030 eha'ritas
1183 2976 1461 3043 tribuitur,
1491 2985 1545 3032 et
1600 2978 1652 3031 in
1707 2977 1890 3032 futuro
1934 2985 2194 3046 quantum

623 3062 737 3131 ipsa
768 3069 851 3117 est
878 3061 1565 3129 retribuitur.Commendo
1588 3073 1780 3120 vestra:
1806 3058 2043 3135 paternae
2068 3066 2196 3120 cha-

622 3155 769 3211 ritati
815 3164 870 3209 et
906 3154 1247 3211 cbaritativa‘.
1282 3158 1593 3226 paternitati
1627 3157 1824 3211 fratres
1874 3166 2089 3213 nostros
2136 3168 2192 3211 et

622 3254 862 3305 vestros,
892 3260 1028 3312 quos
1060 3246 1113 3300 in
1143 3247 1391 3321 Angliam
1420 3247 1709 3311 mittimus;
1760 3256 2048 3316 quatenus,
2098 3248 2187 3300 ubi

623 3350 758 3404 opus
808 3338 934 3396 er't.
966 3347 1148 3391 vestro
1188 3338 1562 3393 sustineantur
1602 3338 1836 3407 auxilio,
1873 3348 2058 3391 vestro
2109 3354 2192 3391 rc-

613 3425 1106 3493 ‘gantur'cnnsilio
1146 3458 1162 3489 ,
1235 3437 1418 3480 vestra
1480 3427 1755 3497 diligentia
1821 3429 1931 3481 vita
2005 3444 2189 3483 torum

623 3516 945 3585 exquiratur
996 3528 1049 3573 et
1079 3527 1257 3574 vestra
1282 3534 1511 3575 censura
1544 3520 1871 3589 approbetur
1907 3520 1988 3575 vel
2018 3521 2191 3575 corri-

622 3616 796 3685 gatur.

1117 3700 1449 3755 EPISTULA
1496 3701 1561 3753 ιν
1602 3700 1691 3756 δ”.

1192 3828 1255 3866 to
1288 3829 1611 3886 aspersum.

627 3900 1181 3956 Commentlntisstmos
1226 3902 1503 3953 Brrrrnses
1552 3904 1829 3953 monorhos
1874 3903 1925 3953 in
1953 3903 2192 3970 Angliam

767 3972 1066 4039 utirigmttes
1094 3972 1205 4038 ejus
1234 3974 1461 4031 rurtegac
1488 3972 1724 4039 regimini
1752 3973 2045 4023 conmittit.

696 4078 995 4155 Dnmnomt
1022 4078 1160 4131 Patri
1192 4079 1485 4133 reverendo
1512 4078 1691 4131 abbati
1726 4078 1997 4134 BALDUINO
2032 4079 2195 4134 frater

628 4172 930 4234 Amemus,
960 4171 1009 4222 in
1060 4171 1159 4224 hoc
1196 4169 1389 4224 smcttlo
1419 4181 1627 4235 sancte,
1672 4180 1729 4224 et
1755 4172 1804 4224 in
1835 4170 2013 4227 futuro
2042 4173 2215 4243 beate
2304 4226 2310 4231 .

630 4277 825 4314 \‘th‘l‘C.

694 4350 951 4415 Quamvis
977 4348 1037 4402 de
1060 4357 1233 4402 vestra
1250 4350 1536 4419 sanctitate
1559 4365 1643 4405 me
1671 4351 1799 4405 nihil
1828 4350 2193 4420 promeruisse

2288 1866 2388 1927 'vel
2415 1873 2737 1931 corrigatur.

2768 2006 2771 2011 λ
2859 1922 3193 1997 EPISTOLA
3234 1926 3315 1995 'v.

2895 2052 2963 2089 ΔΙ)
2984 2052 3273 2091 ΒΕΝΒΙΕΠΙ.

2560 2118 2670 2194 Ipsi
2700 2125 2901 2179 eosdem
2935 2124 3214 2178 Becreuus
3244 2124 3588 2179 commendat.

2372 2216 2576 2271 Domno
2613 2223 2671 2267 et
2710 2213 2864 2269 fratri
2913 2213 3235 2269 charissimo
3272 2213 3513 2291 "ENle
3561 2212 3728 2270 frater
3758 2214 3873 2271 Att-

2297 2322 2495 2362 ssmus
2524 2307 2773 2363 salutem.

2366 2398 2517 2453 Licet
2556 2400 2876 2455 charitatem
2927 2408 3164 2453 vestram
3196 2398 3515 2453 fraternitas
3560 2408 3738 2454 nostra
3774 2412 3864 2452 ra-

2296 2489 2410 2543 rius
2429 2488 2748 2559 alloquatnr
2796 2490 2849 2543 in
2900 2489 3157 2557 epistola,
3197 2504 3533 2557 nequaquam
3567 2498 3741 2543 tamen
3781 2487 3868 2542 tli-

2296 2576 2457 2633 lectio
2514 2580 2739 2649 tepescit
2784 2578 2838 2632 in
2885 2579 3241 2641 conscientia.
3268 2578 3558 2645 Postquam
3609 2578 3749 2632 enim
3796 2579 3869 2634 de

2296 2673 2422 2724 vera
2482 2672 2693 2725 ratione
2754 2670 2968 2725 dilectio
3019 2656 3161 2723 inter
3211 2669 3558 2723 rationabiles
3601 2669 3863 2732 nascitur,

2297 2775 2637 2829 nequaquam
2670 2762 2810 2829 ipsa,
2841 2760 3075 2830 quandiu
3110 2759 3261 2813 radix
3299 2760 3453 2821 vivit,
3486 2759 3865 2824 exstinguitur.

2295 2852 2633 2923 Quapropter
2679 2868 2777 2908 nec
2822 2868 2923 2922 ego
2968 2866 3071 2905 nec
3098 2865 3196 2905 vos
3235 2850 3301 2904 de
3340 2858 3525 2903 mutua
3581 2850 3867 2905 dilectione

2296 2944 2553 2999 debemus
2604 2945 2875 3007 dubitare,
2912 2932 3168 3012 quoniam
3223 2942 3297 2994 uti
3353 2950 3536 2994 mutua
3580 2941 3865 3010 pmsentia

2297 3027 2402 3089 non
2431 3034 2674 3088 valemus
2697 3076 2711 3099 ,
2747 3036 2839 3088 sed
2868 3015 3081 3102 semper
3110 3033 3162 3085 in
3194 3030 3311 3097 ejus
3340 3030 3661 3085 certitudi’ue
3682 3045 3865 3099 perse-

2254 3119 2267 3163 ἓ
2299 3139 2513 3189 verare,
2537 3124 2775 3193 quandiu
2805 3138 3023 3178 causam
3061 3120 3288 3192 originis
3327 3121 3444 3190 ejus
3480 3119 3863 3176 immutabilem

2300 3222 2567 3268 tenemus.
2600 3213 2929 3268 Commendo
2977 3219 3168 3265 vestras
3218 3208 3469 3284 fraternae
3521 3208 3764 3275 charitati
3810 3216 3865 3263 et

2300 3305 2635 3358 eharitativm
2682 3304 3032 3365 fraternitati,
3071 3302 3270 3356 fratres
3319 3307 3863 3365 nostrosetvcstros,

2300 3410 2435 3463 quos
2461 3395 2513 3446 iu
2537 3393 2780 3458 Angliam
2814 3392 3107 3454 mittimus;
3140 3398 3424 3459 quatenus.
3451 3390 3539 3443 ubi
3567 3404 3703 3456 opus
3729 3388 3855 3450 erit.

2303 3494 2480 3539 vestro
2531 3485 2898 3537 sustineantur
2925 3482 3126 3535 auxilio
3146 3522 3161 3543 ,
3188 3489 3369 3534 vestro
3404 3487 3659 3549 regantur
3686 3480 3863 3535 consi-

2300 3572 2400 3635 l’o,
2458 3581 2632 3625 vestra
2685 3569 2961 3638 diligentia
3018 3568 3123 3622 vita
3171 3584 3358 3622 eorum
3406 3570 3743 3637 exquiratur,
3807 3575 3863 3622 et

2299 3672 2477 3715 vestra
2501 3674 2728 3719 censura
2758 3657 3084 3727 apprnbctur
3113 3657 3196 3709 vel
3225 3658 3531 3726 corrigatur

2862 3745 3192 3801 EPISTULA
3221 3745 3303 3800 Vl.

2408 3858 2629 3897 ANSEIJII
2661 3860 2728 3896 ΕΤ
2760 3858 2974 3896 ιιιολιιοι
3004 3856 3070 3895 ΔΙ)
3099 3853 3365 3894 ιιιεΑιιιιυιι
3388 3854 3457 3893 ΕΤ
3482 3850 3757 3893 BOIIMDII.

2300 3934 2375 3985 De
2419 3932 2677 3997 beneﬁciis
2710 3932 2906 3998 gratias
2937 3930 3077 3998 agit;
3134 3937 3182 3982 et
3215 3926 3522 3998 Becccnses,
3582 3940 3711 3998 quos
3750 3921 3864 3998 ejus

2369 3993 2621 4053 imtantia
2674 3993 2729 4052 in
2793 3993 3032 4066 Anglia-nt
3064 3997 3284 4065 _mittit,
3351 3995 3461 4065 ejus
3532 3993 3865 4064 providentia:

2278 4069 2285 4075 ⁷
2369 4070 2603 4123 dimittit.

2375 4149 2828 4214 Suo'charissimo
2866 4155 3081 4209 domino
3115 4154 3390 4219 Brenno,
3436 4161 3493 4206 et
3523 4168 3632 4206 sum
3655 4151 3864 4223 charis-

2300 4254 2449 4307 sima:
2472 4249 2699 4305 dominm
2724 4247 2945 4303 Bonum
2976 4246 3089 4317 (ἳῦ)
3128 4244 3294 4299 frater
3324 4232 3603 4298 Ausetanus
3625 4252 3681 4296 et
3705 4234 3871 4298 frater

2306 4345 2579 4398 RICARDUS
2634 4338 2887 4411 parvulus
2932 4335 3255 4401 monachus,
3321 4350 3442 4390 cum
3479 4341 3589 4388 tota
3645 4345 3868 4403 congn-

1783 4502 1791 4508 ,
1902 4440 2139 4496 νᾹιὶΗΕ
2178 4431 2580 4492 LECTIONES.

700 4528 769 4559 ’θ’
795 4529 899 4581 Ant
928 4544 1051 4583 vere
1078 4531 1221 4584 nulla
1254 4542 1357 4593 est,
1390 4519 1650 4599 prodesse
1680 4551 1775 4587 ms.
1804 4542 1898 4587 aut
1924 4548 2051 4587 vere
2080 4530 2242 4595 nulLi,
2266 4533 2356 4599 aut
2379 4524 2492 4579 fere
2520 4523 2660 4599 nulla
2691 4530 2791 4583 est.
2823 4521 3081 4599 prodesse
3149 4519 3217 4551 ³”
3249 4516 3417 4599 Quam
3443 4517 3561 4572 aliis
3584 4532 3682 4599 tus.
3704 4529 3862 4599 quan!

626 4598 717 4652 abi
786 4599 855 4631 ³³⁸
880 4599 1132 4655 Charitas
1163 4602 1345 4655 tribuit
1368 4594 1463 4655 uis.
1491 4605 1726 4657 Charitas
1752 4604 2004 4657 tribuitur
2075 4602 2143 4633 ³³³
2178 4597 2386 4653 Collum
2408 4610 2527 4647 cum
2555 4594 2731 4646 eodem
2768 4608 2867 4645 ms.

2942 4590 3012 4622 ³¹⁰
3041 4589 3380 4660 Gognoscant
3409 4604 3507 4642 ma.
3541 4593 3869 4656 cognoscant

1792 4692 2073 4749 JOANNIS
2111 4686 2381 4746 I‘ICARDI
2420 4682 2656 4738 ΝΟΤᾸΞ.

695 4782 806 4861 (ῆό)
846 4780 951 4861 Sita
979 4784 1285 4861 charissima
1314 4785 1524 4861 domino
1555 4784 1799 4861 Ricardo,
1828 4796 1877 4839 et
1919 4783 2192 4861 autecltn-
2230 4787 2272 4840 D

626 4852 844 4904 rissima:
870 4853 1094 4905 dominre
1118 4852 1366 4906 Rnhnidi.
1403 4854 1511 4907 Non
1545 4870 1605 4907 ex
1646 4856 1747 4907 hoc
1779 4864 1979 4906 tantum
2010 4854 2187 4915 titulo,

626 4921 793 4990 sedet
819 4936 881 4974 ex
914 4922 1318 4990 insequentibus
1339 4925 1497 4990 epist.
1526 4924 1759 4976 Auselm.
1787 4925 1966 4978 verbis
1997 4924 2143 4977 hisce
2168 4940 2180 4974 :

633 5009 666 5061 c_
684 4989 891 5061 Quanto
918 4989 1057 5048 enim
1084 4993 1236 5059 plura
1271 4989 1408 5046 bona
1461 4993 1610 5047 nobis
1646 4992 1891 5047 facitis‘et
1921 4992 2188 5061 promitti-

630 5057 719 5130 tis,
743 5076 779 5130 Δι
821 5060 984 5130 liquet
1021 5057 1113 5116 eos
1141 5078 1261 5116 esse
1291 5063 1357 5116 de
1385 5064 1577 5130 quibus
1608 5061 1896 5117 llerluinus
1923 5057 2192 5130 protecte-

628 5127 920 5200 nobiart-ba
956 5128 1243 5185 Bcccensis
1284 5134 1383 5184 sub
1404 5127 1577 5185 'tiucm
1625 5127 1950 5200 diplomatis',
2004 5132 2091 5183 ubi
2141 5142 2193 5183 et

627 5195 997 5266 eleemosynas
1025 5200 1076 5252 in
1108 5216 1261 5254 suum
1291 5201 1513 5255 collatas
1538 5195 1862 5262 etcuobium,
1892 5195 1944 5253 et
1970 5201 2195 5255 collato-

628 5281 716 5318 res
742 5278 1006 5329 recenset,
1039 5278 1091 5320 et
1122 5272 1186 5323 de
1219 5271 1303 5325 bis
1328 5272 1539 5329 quidem
1566 5272 1642 5324 sic
1671 5288 1684 5322 :
1730 5290 1749 5320 ο
1793 5270 1853 5324 Ei
1877 5272 1974 5322 lem
2011 5285 2194 5323 mona-

630 5338 795 5388 smrio
840 5336 984 5389 dedit
1028 5337 1285 5393 Ricardus
1312 5336 1450 5395 ﬁlius
1475 5341 1747 5395 Gilleberti
1782 5341 1993 5393 comitis
2037 5356 2190 5391 tuan-

631 5404 808 5457 siones
837 5406 988 5471 duas,
1010 5407 1201 5459 Totinc
1225 5418 1279 5459 et
1307 5409 1609 5474 Estrahani,
1637 5420 1768 5463 teste
1788 5418 1841 5461 et
1864 5411 2192 5463 assentiente

632 5487 800 5527 uxore
838 5491 929 5528 sua
973 5486 1027 5530 ιιι
1080 5476 1224 5535 filiis.
1256 5476 1482 5543 Rogerio
1522 5489 1577 5533 et
1606 5479 1921 5542 Gilleberto,
1965 5488 2017 5531 et
2060 5478 2192 5529 duas

634 5546 1059 5617 partcsAdeeima:
1081 5545 1147 5598 de
1173 5543 1609 5617 llondetneresto,
1641 5558 1692 5601 et
1719 5549 1785 5601 de
1805 5547 2192 5617 Cypestedehe,

633 5619 687 5681 et
717 5613 784 5665 de
808 5613 1093 5678 Gnentum,
1125 5622 1178 5669 ct
1219 5615 1285 5669 de
1316 5615 1699 5681 Blacingeleth,
1725 5626 1779 5669 et
1816 5613 2195 5669 tle—Beecesur-

631 5679 779 5746 dum,
806 5692 857 5738 et
888 5684 949 5739 de
978 5683 1357 5751 Toruccrusto,
1382 5693 1435 5739 et
1465 5679 1527 5740 de
1562 5684 1965 5741 Vualcutcrona.
1998 5686 2061 5740 Et
2094 5684 2198 5738 lto-

2299 4774 2419 4828 hais
2447 4772 2615 4840 ipsius
2646 4770 2861 4823 ltieardi
2885 4770 3043 4840 gux’or
3070 4782 3167 4840 per
3186 4782 3513 4840 consensum
3533 4765 3690 4840 illius
3717 4764 3869 4840 dedit

2300 4835 2479 4897 eidem'
2508 4840 2838 4892 monasterio
2882 4839 2984 4893 hoc
3011 4838 3151 4907 quod
3183 4838 3235 4891 in
3268 4837 3504 4907 dominio
3533 4835 3759 4907 habebat
3800 4837 3867 4891 ad

2303 4911 2733 4970 llamerelessan,
2772 4918 2878 4960 tam
2925 4910 2976 4960 in
3004 4904 3163 4960 terris
3192 4923 3350 4975 quam
3395 4906 3445 4959 in
3474 4906 3594 4960 aliis
3624 4904 3805 4975 rebus.
3842 4924 3860 4955 ι

2302 4982 2392 5033 Sic
2419 4981 2469 5032 in
2500 4980 2785 5046 diplomate
2810 4980 3035 5047 signato.
3063 4972 3230 5030 Porro
3257 4976 3540 5047 Ricardum
3564 4972 3864 5044 parvulum,

2296 5066 2455 5117 (ptem
2500 5044 2775 5101 intrante
2822 5044 3057 5115 epistola:
3104 5044 3528 5117 notatuAnseIm.
3575 5052 3701 5110 puto
3745 5056 3868 5117 esse

2299 5110 2444 5172 illum
2477 5118 2648 5186 ipsum
2682 5110 2948 5170 lleliensis
2979 5115 3286 5186 monasterii
3320 5124 3649 5186 postremum
3676 5110 3864 5186 qarc_hl-.

2300 5178 2641 5251 mandritam,
2681 5187 2747 5238 de
2773 5202 2877 5251 quo
2904 5185 3040 5238 infra
3073 5185 3137 5236 ad
3164 5178 3333 5251 epist;
3356 5182 3478 5235 126.
3504 5182 3596 5251 lib.
3642 5182 3726 5237 ιιι.
3762 5178 3866 5233 Sed

2298 5273 2349 5312 et
2377 5259 2517 5310 hunc
2546 5250 2897 5325 parentesque
2923 5252 3039 5325 ejus
3058 5250 3219 5307 fuisse
3249 5251 3463 5321 Anglos,
3489 5250 3655 5304 claret
3680 5262 3743 5303 ex
3774 5264 3868 5325 vp-

2299 5328 2503 5380 cabnlis
2526 5318 2762 5393 Anglicis
2808 5318 2986 5377 rerum
3012 5318 3497 5393 donatarum'nunc
3520 5318 3889 5393 enumeratia

2301 5406 2353 5450 et
2387 5412 2449 5450 ex
2490 5387 2740 5449 Ansevlmo
2778 5395 2877 5448 sub
2921 5394 3077 5446 linem
3110 5391 3351 5459 epistolzr
3399 5390 3614 5459 aiente:
3648 5404 3681 5459 ι-
3713 5387 3872 5459 (Zom-

2304 5467 2621 5519 mendamus
2648 5480 2777 5533 ergo
2812 5464 2961 5515 vobis
2992 5456 3241 5533 illos,'ut_
3262 5461 3399 5533 sicut
3446 5457 3640 5533 vadunt
3670 5456 3723 5511 in
3758 5457 3868 5510 An-

2302 5535 2486 5603 gliam,
2525 5553 2542 5584 ι
2576 5544 2683 5588 etc.
2712 5526 2963 5600 “Insuper
2991 5547 3180 5587 nomen
3209 5530 3428 5593 llohais,
3475 5526 3633 5599 pleno
3654 5534 3871 5596 guttqu

2304 5614 2557 5673 personat
2591 5603 2943 5670 Anglismum.

3742 5978 3743 5981 η
3794 5964 3805 5975 ι
