4214 6224
408 224 547 280 uss
630 196 633 199 ’

1724 217 1846 272 LIB.
1874 217 1935 282 ll,
1964 215 2180 271 EPIST.
2218 217 2320 271 VII.

3502 219 3644 277 1158

400 335 615 406 gationc
681 332 938 395 Beccensi
1005 331 1232 386 salutem
1304 339 1359 384 et
1420 328 1602 381 lidelcs
1670 328 1963 381 orationes.
2001 341 2045 393 Α
2078 326 2370 381 secundum
2431 328 2596 379 Deum
2662 325 2858 392 vivitis,
2924 326 3330 396 congratulatur
3390 326 3641 382 ιΙιτιιιίιιιιὶ

471 424 692 495 Magnas
714 423 918 494 gratias
948 422 1217 476 reddimus
1248 420 1299 473 in
1328 418 1518 488 primis
1546 418 1715 480 l)co,a
1749 433 1857 486 quo
1884 427 1965 469 est

401 516 577 569 omnis
630 517 766 568 bona
817 514 1085 574 voluntas,
1128 520 1180 565 et
1227 526 1323 578 pro
1371 506 1524 573 cujus
1579 524 1761 560 amore
1792 507 1971 558 omnia

400 607 540 661 bona
567 606 723 659 nobis
756 605 922 671 fiunt;
966 604 1161 657 deinde
1211 601 1384 663 vobis,
1412 616 1507 668 pro
1537 600 1787 653 oninibn‘s
1821 597 1973 647 bouis

404 712 527 766 qua:
580 696 737 749 nobis
804 694 983 749 facilis
1054 704 1109 747 et
1161 691 1497 761 promittitis.
1546 690 1599 743 ln
1670 691 1769 742 hoc
1829 687 1971 739 cnint

402 786 719 842 monstratis
760 785 896 839 bene
950 784 1075 852 quia
1117 798 1268 835 amor
1326 791 1522 844 vester,
1552 794 1710 847 quem
1759 791 1973 843 smnpm-

401 876 667 931 habuistis
716 877 782 929 ad
829 884 1069 929 nostrum
1120 872 1526 935 monasterium,
1560 882 1832 934 nunquam
1877 868 1970 917 de—

403 967 635 1029 crescit;
666 967 758 1019 sed
794 965 913 1033 plus
934 963 1134 1031 etplus
1162 963 1378 1015 crescit.
1409 960 1620 1026 Quanto
1649 956 1791 1009 enim
1820 953 1971 1022 plura

398 1057 543 1127 bona
593 1057 746 1110 nobis
795 1055 972 1109 facitis
1017 1064 1071 1108 et
1121 1052 1457 1121 promittitis,
1498 1057 1647 1100 tanto
1684 1044 1969 1099 certiorem

401 1163 641 1202 amorem
697 1140 1001 1201 ostenditis.
1056 1144 1411 1212 Omnipotens
1474 1142 1634 1201 Deus,
1689 1146 1741 1190 et
1788 1144 1969 1188 sanrta

399 1250 578 1293 mater
608 1238 723 1306 ejus
746 1238 936 1300 Maria,
964 1253 1100 1305 quos
1125 1230 1364 1302 quotidie
1391 1245 1644 1301 rogamus
1676 1244 1779 1298 pro.
1800 1218 1969 1289 vobis,

400 1337 456 1382 et
483 1342 580 1397 pro
611 1342 841 1393 quorum
874 1340 1058 1379 amore
1085 1324 1240 1378 nobis
1269 1322 1447 1375 facitis
1487 1320 1690 1374 omnia.
1726 1317 1796 1370 illi
1825 1316 1974 1370 vobis

400 1418 707 1473 retribuant
734 1434 787 1473 tn
821 1431 983 1488 regno
1007 1415 1289 1469 cazlorum.
1319 1412 1538 1466 Fratres
1585 1420 1799 1463 nostros
1820 1408 1971 1462 vobis

384 1488 687 1566 .mittitnus.
719 1507 859 1559 sicut
898 1504 1157 1574 jussistis.
1185 1502 1630 1579 Commendamus
1658 1514 1785 1568 ergo
1822 1497 1972 1552 vobis

400 1598 543 1661 illos,
584 1608 643 1651 ut
670 1597 809 1652 sicut
838 1598 1038 1650 vadunt
1064 1597 1114 1649 in
1143 1594 1392 1665 Angliam
1424 1603 1600 1647 vestra
1647 1590 1968 1660 jnssione'ct

2078 427 2266 473 vestrae
2293 418 2532 471 fraterno
2554 425 2607 471 et
2638 426 2860 485 paterno
2881 417 3072 472 al'fcrtn
3096 421 3271 473 anima
3304 435 3439 473 mea.
3468 419 3646 476 Testis

2075 508 2217 559 enim
2243 516 2326 559 est
2357 507 2486 560 mihi
2519 506 2846 559 conscientia
2877 523 2992 560 mea
3019 510 3141 577 qttia
3167 510 3294 563 nihil
3323 524 3409 563 Inc
3436 518 3643 564 tantum

2078 594 2331 656 hetilicat,
2372 603 2631 662 quantunt
2668 610 2874 655 eorum,
2924 596 3011 662 qui
3064 613 3192 650 mc:c
3242 599 3515 665 parvitati,
3544 614 3643 653 ne-

2074 684 2186 737 scio
2231 700 2337 751 quo
2377 684 2559 737 divino
2594 684 2796 752 judicio
2837 685 3108 737 commissi
3143 696 3287 747 sunt,
3318 691 3645 757 prosperitas

2073 786 2125 828 et
2157 776 2424 828 rcctitudo
2457 793 2469 826 :
2508 775 2637 829 nihil
2668 791 2754 829 me
2783 783 2992 828 tantum
3023 778 3349 842 ittmstilicat,
3381 786 3639 845 quantmn

2074 854 2382 920 corumdcnt
2412 867 2713 920 adversitas
2753 875 2809 919 et
2839 866 3113 919 tortitudo.
3147 867 3481 934 Qunqiroptcr
3521 885 3638 938 pre-

2075 973 2169 1011 cor
2198 972 2290 1010 vos
2318 965 2374 1010 ut
2420 956 2635 1021 fratres,
2682 973 2872 1013 inom-o
2908 966 2965 1008 ut
3005 956 3140 1010 [ilius
3178 958 3550 1023 charissimos,
3583 969 3642 1013 ut

2074 1062 2289 1116 semper
2319 1048 2629 1100 memoriam
2664 1048 2988 1099 monachica:
3016 1047 3288 1115 religionis
3331 1058 3643 1115 perpetuam

2074 1138 2346 1202 habeatis;
2384 1147 2441 1190 ut
2470 1138 2614 1205 quod
2660 1138 2872 1190 habitus
2901 1138 3090 1191 vestra:
3116 1139 3393 1206 religionis
3419 1139 3645 1207 profite-

2078 1237 2180 1292 tur,
2207 1230 2310 1281 vita
2335 1238 2388 1281 et
2413 1229 2651 1281 moribus
2670 1228 2989 1281 cxhibcatis.
3013 1230 3216 1296 Quippe
3239 1247 3334 1281 nec
3358 1247 3521 1290 .ocus,
3551 1246 3649 1285 nec

2076 1325 2284 1385 tempus
2318 1318 2533 1387 aliquod
2578 1326 2805 1370 excusat
2848 1318 3082 1384 aliquem
3128 1319 3256 1385 quin
3305 1319 3438 1373 bene
3478 1322 3648 1389 poSsit

2074 1408 2273 1471 vivere,
2317 1424 2437 1462 cum
2489 1416 2541 1462 ct
2587 1408 2782 1462 bonam
2834 1409 3160 1461 voluntatem
3207 1424 3361 1461 nemo
3412 1426 3645 1479 unquam

2075 1501 2268 1553 alicubi
2300 1516 2329 1553 a
2362 1500 2612 1554 cordibus
2637 1501 2936 1563 hominum,
2967 1499 3095 1568 ipsis
3126 1500 3457 1566 nolentibus,
3478 1508 3645 1570 possit

2074 1593 2397 1657 excludere;
2436 1603 2491 1647 et
2522 1609 2731 1648 morum
2766 1594 3083 1663 compositio
3118 1596 3169 1646 in
3201 1594 3437 1662 qnalilel
3469 1611 3646 1647 rerum

399 1697 577 1743 vestra
606 1703 700 1757 spe
721 1728 736 1752 ,
767 1689 838 1741 ita
870 1688 1089 1741 omnino
1137 1690 1208 1741 sit
1234 1687 1285 1739 in
1317 1693 1492 1739 vestra
1540 1698 1667 1736 cura
1706 1690 1760 1735 et
1791 1690 1968 1734 vestra
2000 1691 2042 1748 Β
2072 1684 2478 1752 perturbatione
2507 1684 2802 1737 secundum
2836 1700 3013 1737 rerum
3056 1687 3466 1754 congruentiam
3502 1686 3647 1737 ordi-

399 1777 738 1847 providentia
764 1778 890 1845 quid
918 1776 991 1830 illi
1019 1776 1252 1841 faciant,
1285 1784 1380 1828 aut
1407 1773 1676 1843 quomodo
1703 1782 1797 1825 aut
1828 1772 1989 1824 unde'

494 1886 609 1921 ιιιιι.
1292 1908 1296 1921 ι

439 1876 447 1878 “
494 1886 519 1919 a
591 1906 609 1921 .
1292 1908 1296 1921 .
1504 1876 1515 1881 '

398 1881 487 1922 ml
529 1876 586 1920 m
986 1958 1319 2013 EPISTOLA
1352 1956 1438 2011 Vll
1474 1958 1563 2009 3".

616 2084 682 2123 AD
724 2085 989 2123 ιιιειιῐιυυιι
1026 2086 1093 2123 ΕΤ
1136 2082 1408 2121 HONACIIOS
1441 2078 1749 2119 DECCENSES.

401 2155 470 2212 Ut
510 2158 788 2212 Beecemes
825 2162 877 2211 in
924 2160 1163 2225 Angliam
1194 2158 1355 2210 delati
1393 2155 1628 2223 religioée
1657 2155 1861 2218 vivant,
1894 2139 1968 2205 ἐι

506 2227 767 2281 Henricus
796 2224 1115 2280 conterui-ius
1141 2228 1204 2279 ab
1236 2226 1484 2279 ebrietate
1512 2224 1863 2291 prohibeatur.

471 2315 660 2369 Frater
687 2316 991 2382 Anseenus,
1031 2315 1206 2369 dictus
1235 2314 1400 2368 abbas
1428 2312 1737 2378 Bccccnsis,
1770 2312 1970 2364 Fratri-

399 2407 501 2461 bus
522 2415 573 2459 et
600 2405 722 2460 tiliis
744 2405 1100 2469 cbarissimis,
1125 2405 1370 2460 lltcaano
1394 2413 1448 2458 et
1478 2405 1597 2458 aliis
1625 2405 1688 2457 de
1717 2403 1969 2457 Becceusi

399 2497 817 2565 c0ngrcgatione
849 2496 899 2549 in
930 2496 1118 2565 Anglia
1164 2496 1630 2559 conversantibus,
1661 2497 1887 2549 salutem
1919 2504 1973 2548 ct

397 2595 678 2654 paternam
703 2600 821 2637 cum
847 2585 1131 2640 dilectione
1152 2585 1599 2647 benedictionem.

471 2671 527 2727 Si
577 2689 730 2740 sane,
781 2674 835 2729 si-
874 2689 1149 2744 prospere,
1194 2676 1246 2729 ἐἰ
1290 2675 1521 2744 denique
1549 2675 1888 2757 concorditer
1913 2683 1969 2727 et

2072 1782 2197 1825 nata
2229 1783 2394 1841 queat
2419 1773 2735 1825 consistere.
2775 1770 2951 1840 Opera
2986 1789 3216 1842 namque
3258 1776 3397 1829 Deus
3440 1789 3649 1844 nequa-

2075 1874 2236 1929 quam
2261 1862 2429 1928 exigit
2456 1862 2595 1914 ultra
2624 1863 3053 1929 possibilitatem,
3088 1866 3177 1919 ubi
3218 1867 3373 1920 bonae
3399 1866 3649 1920 volunta-

2076 1953 2144 2003 tis
2184 1961 2235 2005 et
2273 1953 2537 2005 bonorum
2586 1966 2796 2005 morum
2836 1955 3100 2022 conspicit
3134 1957 3514 2025 integritatem.
3554 1956 3646 2012 Sic

2078 2041 2238 2111 igitur
2279 2036 2527 2119 tleSidero
2564 2053 2622 2096 ut
2657 2044 2715 2116 in
2767 2044 3016 2097 omnibus
3043 2048 3396 2114 vosmetipsos
3443 2049 3646 2116 absque

2074 2134 2220 2187 omni
2249 2135 2598 2187 excusatione
2626 2134 2944 2194 cxhibcatis,
2978 2146 3035 2188 ut
3064 2151 3157 2189 vos
3184 2151 3288 2189 n0n
3320 2153 3445 2191 naun
3470 2139 3525 2203 'i,
3557 2155 3648 2192 nec

2072 2240 2259 2279 eorum
2314 2243 2431 2295 qua:
2498 2227 2551 2279 in
2598 2227 2793 2279 mundo
2850 2237 3010 2293 sum,
3063 2230 3156 2281 sed
3221 2228 3308 2281 Dei
3350 2242 3409 2299 et
3463 2244 3647 2283 eorum

2074 2331 2193 2385 qua:
2239 2317 2330 2369 Dei
2366 2326 2512 2379 sunt,
2540 2325 2813 2369 amatores
2842 2317 3139 2371 ostendatis
3169 2317 3220 2384 (Ι
3250 2316 3410 2371 Jaan.
3443 2334 3499 2384 ll,
3539 2321 3641 2388 lii).
3698 2316 3699 2319 “

2073 2408 2350 2473 Quatenus
2388 2408 2455 2459 de
2494 2408 2630 2460 bona
2672 2418 2851 2460 vestra
2881 2408 3292 2462 conversatione
3331 2409 3448 2463 aliis
3479 2411 3641 2463 Deam

2073 2497 2435 2558 laudantibus,
2468 2511 2566 2550 vos
2616 2498 2667 2549 in
2716 2499 2967 2565 prmsenti
3017 2507 3071 2550 et
3099 2498 3276 2551 futura
3312 2501 3418 2553 vita
3452 2501 3503 2554 in
3536 2502 3644 2553 Deo

2072 2588 2290 2654 possitis
2320 2587 2573 2655 gaudere,
2615 2595 2667 2640 ct
2699 2601 2800 2655 ego
2826 2603 2951 2641 vere
2984 2589 3183 2657 possim
3218 2588 3476 2644 fratribus
3497 2600 3548 2643 et
3583 2591 3647 2645 fi—

2067 2675 2151 2729 liis
2176 2677 2310 2730 meis
2333 2676 2683 2747 congaudcre.
2711 2674 2822 2746 (9.4)
2850 2676 3129 2731 Dedonmo
3154 2677 3402 2743 llcnrieo,
3434 2679 3525 2748 qui
3558 2695 3645 2733 -.a-

1681 2786 1913 2841 V'ARIIE
1953 2786 2353 2842 LECTIONES.

471 2875 749 2932 “‘Collala
772 2894 887 2931 cum
910 2879 1084 2933 eodem
1115 2893 1195 2932 ms

1568 2969 1850 3026 JOANNIS
1887 2969 2157 3025 PlCAllDl
2190 2969 2418 3025 ΝΟΤᾹΞ.

468 3059 596 3141 (Ξρ).
630 3060 706 3112 De
732 3058 941 3113 domino
981 3058 1228 3141 Henrico,
1283 3058 1372 3128 qui
1403 3062 1722 3141 temerarias
1767 3061 1890 3129 fuit.
1915 3060 1967 3141 bl
1996 3073 2036 3128 (ς
2071 3060 2389 3140 exercendis
2432 3061 2563 3141 sive.
2616 3062 2997 3141 conservandis
3040 3061 3359 3141 necessaria.
3402 3069 3544 3115 sunt.
3578 3061 3641 3141 .lu

397 3130 633 3183 nominis
667 3144 771 3198 non
806 3145 969 3182 unum
1006 3130 1309 3197 significare
1334 3132 1568 3198 comperi
1612 3131 1785 3198 primo
1824 3130 1963 3196 apud

398 3198 648 3252 abbatem
686 3196 1344 3267 Joacbimum,’quiicap.
1396 3199 1420 3251 1
1459 3196 1628 3267 Apoc;
1677 3200 1967 3253 enucleaus

396 3267 578 3336 posuit
621 3281 718 3334 pro
746 3267 1079 3336 amanuensi.
1138 3284 1157 3316 ι
1197 3266 1309 3320 Nec
1354 3266 1549 3333 inquit,
1598 3268 1813 3329 mirum,
1866 3268 1975 3319 sia

398 3333 525 3391 ἐσιιί
551 3333 845 3389 cameraria
877 3333 1196 3401 (Iohannem
1223 3337 1604 3403 evangelistam
1640 3338 1809 3404 notat)
1832 3337 1965 3389 serio
1994 3386 1995 3389 η

398 3404 566 3473 bitur,
594 3405 678 3457 cui
710 3419 871 3473 supra
911 3413 1097 3473 pectus
1130 3404 1338 3457 Domini
1376 3407 1768 3467 recumbenles,
1804 3425 1821 3455 ι
1857 3414 1964 3458 etc.

402 3472 459 3527 Si
492 3483 736 3526 neutrum
759 3472 1028 3537 decurrat,
1078 3477 1311 3542 positum
1358 3482 1463 3525 erit
1494 3488 1590 3541 pro
1616 3475 1843 3540 quodam
1868 3490 1963 3526 eu-

400 3542 733 3612 curbitarum
762 3556 978 3612 genere,
1008 3542 1148 3610 quod
1194 3542 1320 3612 quia
1367 3557 1609 3595 cameras
1637 3550 1687 3596 et
1719 3543 1965 3610 pergulas

400 3610 577 3677 operit
610 3610 948 3678 reptantibus
974 3612 1189 3681 llagillis
1215 3610 1269 3665 et
1292 3612 1556 3732 capreﬂlis
1584 3613 1958 3674 innitentibus,

405 3680 815 3732 binc~oninatur
856 3681 1071 3732 ductum
1116 3690 1171 3732 et
1212 3682 1408 3732 dictum
1442 3713 1457 3732 .
1496 3681 1639 3732 arius
1666 3679 1958 3732 Granaldus

405 3680 815 3749 bincopinatur
856 3679 1071 3735 ductum
1116 3690 1171 3736 et
1212 3682 1408 3735 dictum
1442 3679 1639 3733 Marius
1666 3679 1965 3749 Grajnliltts

400 3747 439 3802 ι.
473 3764 489 3803 t
518 3747 824 3819 Aputbecaa.
867 3750 1171 3819 Ouupbrius
1218 3751 1269 3802 in
1299 3751 1569 3818 explanat.
1618 3747 1835 3805 obscur.
1867 3764 1962 3801 vo-

400 3818 736 3889 cumeccles.
752 3819 888 3889 huic
908 3818 1240 3889 etymologia:
1271 3820 1638 3884 subscribens,
1662 3819 1766 3871 alio
1788 3830 1962 3889 tamen

403 3888 700 3957 respiciens
730 3888 901 3957 docet,
955 3888 1312 3942 Camerarium
1359 3890 1647 3957 (exstincto
1678 3888 1963 3942 Archidia-

402 3954 524 4011 coni
553 3954 609 4009 S.
636 3954 699 4008 Β.
733 3956 792 4009 Ε.
821 3958 1053 4025 nomine)
1092 3959 1171 4012 sic
1202 3954 1449 4013 vocatum
1477 3957 1663 4023 fuisse,
1690 3959 1831 4025 quod
1867 3971 1961 4025 pe-

400 4026 676 4079 cuniarum
726 4026 1235 4092 ecclesiasticarum,
1272 4043 1390 4094 qua:
1430 4029 1480 4080 in
1508 4030 1741 4081 cameris
1782 4042 1962 4080 asser-

399 4103 616 4157 vantur,
640 4110 821 4147 curam
852 4097 1079 4160 habent;
1109 4102 1315 4164 hocque
1345 4097 1661 4150 vocabulum
1713 4097 1961 4150 habuerit

403 4164 909 4236 temporeGi-egorii
937 4166 1041 4218 Vll.
1072 4166 1206 4220 lluic
1226 4167 1449 4236 augurio
1475 4166 1744 4236 consentit
1767 4181 1958 4236 nomen

401 4234 682 4304 camerarii
720 4236 949 4304 positum
982 4237 1031 4289 in
1079 4237 1234 4304 epist.
1272 4234 1394 4298 152,
1430 4235 1522 4291 lib.
1556 4251 1632 4297 Ill,
1667 4235 1750 4288 ubi
1778 4235 1960 4304 obser-

401 4303 532 4375 vavi
544 4303 613 4375 ad
634 4303 944 4375 marginem
972 4303 1122 4358 illum
1141 4305 1352 4360 Petrum
1382 4305 1469 4374 (de
1494 4320 1613 4375 quo,
1636 4304 1767 4375 illic)
1794 4303 1959 4375 fuisse

402 4386 469 4424 ex
496 4372 832 4426 Cluniacensi
879 4378 1137 4428 monacho
1165 4372 1531 4428 Catnerarium
1579 4372 1791 4428 Urbano
1821 4374 1863 4426 ll
1906 4383 1960 4428 et

402 4440 668 4513 Pascltali.
698 4441 753 4495 ln
794 4445 1061 4513 veteribus
1094 4444 1447 4513 Floriacensis
1476 4447 1540 4496 ad
1588 4444 1818 4513 Ligerim
1851 4457 1962 4497 cte-

404 4509 547 4563 nobii
580 4514 793 4581 statutis
843 4512 965 4579 legi,
1016 4513 1155 4581 quod
1207 4512 1340 4566 feria
1376 4514 1559 4579 quinta
1609 4509 1960 4567 hebdomadis

404 4588 645 4633 sanctae:
678 4598 696 4630 ι
729 4579 905 4634 Finito
952 4579 1218 4643 sermone,
1257 4582 1477 4649 jubente
1510 4582 1728 4635 domino
1770 4584 1963 4635 abbate

404 4650 577 4720 surgit
609 4651 957 4713 camerarius,
989 4661 1045 4703 et
1090 4651 1456 4720 snfl'raganeus
1481 4650 1616 4716 ejus,
1649 4660 1704 4704 et
1745 4667 1839 4718 per
1866 4667 1961 4705 eos

407 4718 665 4789 fratribus
717 4735 849 4772 nova
906 4718 1278 4775 calceamenta
1319 4729 1626 4789 erogantur.
1683 4739 1701 4770 ι
1773 4720 1891 4773 Lib.
1946 4736 1960 4772 ι

407 4785 740 4859 S_tatuto_rum
774 4799 1097 4852 nostrorum,
1128 4805 1246 4859 cap.
1274 4790 1359 4852 10,
1392 4785 1740 4859 explanatius
1782 4798 1961 4859 partes

406 4855 522 4923 ejus
543 4856 633 4923 cui
649 4864 732 4908 est
756 4860 979 4923 nomini,
1004 4855 1365 4913 memorantur
1388 4858 1439 4911 in
1460 4855 1597 4911 lianc
1616 4855 1963 4913 sententiam:

413 4922 536 4996 (Ad
559 4922 785 4979 ollicium
814 4931 1097 4983 eamerarii
1127 4930 1375 4996 pertinet,
1411 4937 1669 4982 utomnes
1697 4943 1889 4982 census
1914 4938 1968 4982 et

409 4993 612 5063 reditus
645 4998 950 5050 monasterii
982 4999 1095 5051 sive
1127 4993 1204 5050 'de
1231 4999 1366 5051 villis
1394 4999 1506 5051 sive
1530 4998 1595 5050 de
1646 4999 1822 5063 terris,
1854 4998 1965 5052 sive

408 5063 477 5117 de
504 5062 785 5128 molendis,
816 5067 927 5119 sive
964 5069 1027 5120 de
1072 5067 1397 5135 quibuslibet
1430 5067 1549 5121 aliis
1580 5069 1737 5121 rebus
1767 5062 1966 5135 statuto

411 5142 648 5211 tempore
678 5137 1032 5211 erperquirat
1064 5149 1117 5191 et
1147 5138 1387 5211 recipiat.
1423 5138 1497 5211 De
1527 5139 1757 5211 receptis
1785 5146 1976 5211 autem

409 5204 745 5275 pecuniisad
770 5206 1017 5260 abbatem
1041 5223 1105 5261 ac
1146 5207 1424 5274 praadictos
1453 5204 1809 5275 depositarios
1849 5207 1963 5259 sin-

410 5271 948 5346 gulisnbcbdomadis,
982 5271 1237 5346 quantum
1282 5276 1397 5330 fieri
1434 5271 1629 5345 potest,
1667 5291 1727 5330 se
1762 5289 1960 5346 exone-

412 5340 513 5393 ret.
545 5340 774 5397 llorreas
824 5340 1015 5411 etiam;
1060 5357 1262 5411 aratra,
1313 5357 1366 5400 et
1418 5340 1573 5400 terra:
1603 5340 1855 5409 arabiles,
1907 5354 1963 5398 et

410 5422 614 5464 ceterae
657 5415 877 5467 culturae
906 5418 1247 5482 monasterii,
1282 5432 1377 5472 nec
1420 5431 1524 5470 non
1569 5424 1623 5467 et
1670 5429 1863 5482 pecora
1910 5422 1962 5468 et

406 5496 591 5557 omnes
619 5485 900 5539 nutritura:
921 5502 1234 5541 communes
1262 5488 1328 5541 ad
1352 5488 1467 5557 ejus
1487 5499 1668 5557 curam
1694 5492 1960 5557 spectanl.
1990 5506 1991 5509 ‘

410 5563 465 5606 ut
500 5552 609 5622 ipse
652 5559 927 5621 provideat
970 5572 1087 5628 qua:
1144 5557 1195 5611 in
1229 5552 1474 5612 omnibus
1518 5552 1885 5609 instaurandis
1911 5562 1964 5607 et

2070 3132 2396 3182 monasterio
2421 3130 2596 3183 onmis
2630 3146 2759 3183 cura
2787 3122 3142 3189 exteriorum.
3174 3138 3227 3183 ct
3266 3131 3430 3183 totius
3476 3131 3641 3185 curia:

2067 3199 2402 3266 providentia
2440 3197 2506 3251 ad
2536 3214 2655 3252 eum
2687 3200 2936 3266 pertinet,
2978 3200 3243 3253 stabulum
3272 3209 3326 3253 ct
3346 3202 3523 3253 omnis
3545 3218 3639 3253 su-

2070 3267 2264 3335 pellex,
2293 3276 2345 3320 et
2376 3284 2495 3335 quze
2522 3268 2586 3319 ad
2639 3268 2907 3337 stabulum
2935 3280 2986 3322 et
3014 3285 3179 3336 equos
3209 3271 3496 3337 pertinent,
3528 3281 3639 3322 tntn

2069 3346 2121 3388 et
2144 3336 2214 3388 ibi
2235 3337 2534 3406 servientes
2560 3337 2658 3389 sub
2684 3336 2799 3403 ejus
2831 3348 2958 3401 sunt
2982 3340 3335 3404 providentia.
3370 3358 3387 3388 ι
3427 3337 3492 3390 Ει
3516 3348 3637 3406 p0st

2070 3419 2279 3473 pauca:
2315 3422 2335 3454 ι
2371 3405 2691 3459 Granarinm
2744 3416 2799 3458 ct
2842 3406 3116 3460 cellarium
3165 3416 3217 3460 et
3269 3405 3526 3459 horreum
3568 3409 3637 3462 ad

2069 3489 2253 3544 curam
2308 3483 2361 3528 et
2409 3475 2799 3542 providentiam
2858 3476 3142 3530 camerarii
3194 3484 3460 3544 Spectant.
3501 3496 3518 3527 ι
3571 3475 3639 3530 Ει

2068 3543 2248 3607 capite
2277 3544 2641 3611 prwccdenti:
2682 3561 2700 3592 ι
2764 3545 3042 3611 Expensas
3095 3543 3273 3598 autem
3321 3547 3635 3602 monast=rii

2067 3611 2363 3684 celerarius
2390 3611 2572 3684 faciat,
2595 3613 2734 3684 sicut
2755 3614 3085 3684 camerarius
3109 3623 3354 3680 receptas
3374 3616 3631 3684 colligit.»

2066 3680 2336 3751 Hactenus
2392 3680 2623 3751 Statutai
2657 3681 2951 3746 Victorius,
3000 3697 3063 3736 ex
3102 3684 3296 3751 quibus
3342 3680 3630 3743 camerarii

2066 3750 2423 3803 ministerium
2470 3750 2844 3803 enucleantius
2873 3750 3194 3818 expositum,
3228 3753 3350 3805 lmic
3381 3753 3497 3805 loco
3520 3755 3633 3805 An»

2066 3820 2217 3873 selmi
2262 3820 2582 3889 rectissime
2632 3818 2881 3889 quadrat.
2939 3821 3155 3889 Regula:
3211 3820 3267 3873 S.
3328 3821 3633 3877 Bcnedicaa:

2066 3888 2302 3957 cap.3l,
2332 3888 2591 3958 Cellarius
2629 3888 2841 3941 videtur
2889 3889 2993 3942 hoc
3032 3888 3185 3958 iungi
3241 3905 3486 3951 mum-re,
3527 3907 3634 3958 quo

2066 3956 2395 4012 caincrarius
2442 3956 2800 4022 Victorianus,
2853 3960 2945 4011 sed
2993 3956 3241 4011 universa
3289 3960 3403 4026 ejus
3452 3956 3633 4014 munia

2067 4037 2173 4080 tam
2223 4027 2495 4095 sigillatint
2552 4027 2910 4093 privatimque
2962 4042 3066 4079 non
3120 4030 3515 4095 exprimuntur.
3557 4030 3634 4082 Ex

2066 4097 2328 4149 Eadmero
2356 4105 2531 4149 autem
2558 4098 2723 4163 liquet
2761 4097 2967 4149 diversa
3000 4105 3120 4149 esse
3143 4099 3427 4149 camerarii
3451 4105 3503 4149 ct
3529 4098 3635 4151 cel-

2063 4164 2182 4218 larii
2203 4165 2395 4229 ollicia,
2423 4164 2634 4217 fainnlis
2663 4179 2874 4232 quoque
2901 4164 3244 4218 cubicularis
3270 4167 3425 4217 video
3458 4180 3486 4218 a
3512 4169 3633 4233 qni-

2062 4236 2284 4289 busdam
2310 4235 2446 4288 hanc
2477 4249 2594 4287 eSsc
2615 4234 2832 4287 inditam
2856 4235 3286 4302 appellationem,
3315 4251 3429 4301 qua:
3455 4244 3631 4289 tamen

2061 4305 2189 4359 olim
2221 4304 2347 4371 regii
2378 4303 2610 4357 cubiculi
2642 4303 2876 4371 prazfccn
2906 4307 3100 4356 summi
3132 4315 3184 4356 et
3206 4305 3361 4372 primi
3391 4306 3625 4359 maxime

1989 4398 2039 4459 υ
2064 4382 2294 4459 (ξι-ιιιτιιι
2326 4373 2427 4454 legi
2462 4372 3629 4459 inepistol.‘iiabnlnvonggarno‘t.'ubigale-

2069 4452 2232 4497 ranu’s
2262 4442 2403 4511 regis
2449 4442 2779 4496 camerarins
2822 4443 3037 4497 dicitur.
3071 4443 3135 4495 Et
3162 4444 3211 4495 in
3248 4442 3628 4511 diplomatibus

2068 4513 2323 4566 Ludovici
2370 4512 2548 4566 Crassi
2578 4511 2904 4564 Francorum
2939 4514 3109 4581 reg's.
3142 4512 3344 4580 filiique
3390 4512 3628 4578 ejusdem

2068 4583 2325 4637 Ludovici
2359 4580 2467 4634 Vll.
2502 4581 2656 4634 Prius
2702 4581 2915 4649 quidem
2962 4580 3236 4635 Catalanni
3262 4584 3439 4635 datum
3471 4581 3629 4636 1105.

2069 4651 2426 4719 subscriptum
2472 4651 2654 4704 estita
2692 4667 2705 4703 :
2760 4650 2975 4719 Signum
3018 4650 3283 4719 ﬂuidum:
3312 4650 3629 4705 'camerurii.

2074 4718 2345 4774 Posterius
2373 4719 2571 4774 lutetiae
2601 4721 2921 4773 Parisiorum
2949 4736 2975 4771 a
3014 4718 3283 4772 Ludovico
3308 4719 3493 4772 Crassi
3519 4720 3629 4772 lilio

2068 4789 2363 4844 blanditum
2402 4789 2465 4840 ad
2499 4789 2840 4843 asserendam
2894 4788 3065 4840 Patris
3097 4790 3548 4852 magniﬁcentiam
3578 4792 3628 4841 iu

2073 4858 2408 4912 Victorianos
2435 4869 2650 4912 nostros
2698 4860 2876 4910 datum
2928 4872 3070 4910 anno
3118 4859 3272 4921 1H7,
3326 4858 3546 4911 Parisiis
3579 4876 3631 4911 ιιι

2069 4927 2319 4988 Basilica,
2374 4928 2459 4980 cui
2509 4930 2728 4981 suberat
2775 4929 2875 4981 hoc
2917 4928 3327 4995 chirographum
3364 4925 3631 4995 :Signum

2074 4997 2309 5066 [lagonis
2338 4999 2632 5049 cautemrii.
2662 4998 2807 5050 Alios
2840 4997 2991 5049 mitto
3035 4998 3199 5056 locos,
3230 5011 3292 5048 ex
3324 4998 3517 5063 quibus
3551 4998 3622 5050 si-

2071 5068 2213 5121 milia
2270 5066 2564 5133 potuissem
2619 5076 2931 5134 argumenta
2980 5067 3221 5133 proferre
3254 5067 3296 5118 si
3332 5066 3383 5118 in
3420 5081 3474 5118 re
3525 5077 3627 5117 tam

2070 5137 2169 5189 levi
2203 5136 2553 5188 morosiorem
2588 5151 2670 5189 me
2711 5150 2870 5203 quam
2904 5136 3258 5188 stndiosoretn
3310 5135 3493 5187 lectori
3543 5150 3625 5186 me

2068 5215 2417 5260 ostentarem.
2450 5205 2676 5258 Unicum
2710 5206 2921 5264 adiam,
2956 5205 3161 5257 scilicet
3187 5205 3355 5269 illum,
3391 5219 3540 5269 quem
3570 5203 3619 5253 in

2064 5276 2331 5345 plerisque
2374 5274 2723 5345 monasteriis
2797 5284 3217 5345 procuratorem,
3257 5283 3346 5345 aut
3402 5286 3622 5345 (cenno-

2065 5342 2205 5397 iunm
2237 5343 2569 5410 appellitant,
2593 5343 2677 5395 hic
2697 5344 3054 5395 camerarium
3080 5342 3336 5395 nominari
3365 5342 3499 5405 apud
3526 5355 3624 5393 nos

2065 5412 2389 5477 Chambrier,
2418 5422 2475 5465 ut
2502 5415 2665 5465 etiam
2697 5420 2965 5466 nostrates
3005 5412 3137 5466 Galli
3171 5411 3452 5463 vernat-ulc
3487 5424 3623 5461 nun-

2064 5491 2259 5551 cupant
2284 5496 2432 5549 papa:
2462 5482 2842 5535 eamerarimn.
2880 5481 2983 5535 Sed
3007 5490 3065 5551 et
3091 5481 3355 5546 quondam
3376 5479 3619 5551 cubicu-

2067 5548 2232 5607 larius
2264 5548 2442 5620 regius
2469 5552 2569 5605 hoc
2598 5552 2892 5607 vocabatur
2930 5550 3163 5615 nomine,
3201 5560 3257 5603 ut
3305 5548 3480 5619 palam
3534 5548 3623 5603 lict
