4214 6208
510 288 646 343 n55
712 362 713 365 γ

1106 287 1165 341 S.
1212 282 1512 340 ANSE-LMI
1544 278 1895 338 CANTUAR.
1927 277 2241 332 ARCIIIEP.
2271 279 2419 335 OPP.
2454 279 2629 337 PARS
2658 279 2743 335 III.
2784 312 2855 325 -
2881 278 3267 341 EPISTOLE.

3610 268 3751 345 usa

511 401 772 455 ratnerius
789 400 1083 463 fuit,audio
1106 399 1228 469 quia
1259 400 1310 453 in
1344 398 1521 451 multis
1544 396 1844 451 inordinate
1867 408 1924 448 se
1946 393 2080 463 agit,
2116 398 2155 453 Λ
2189 395 2539 461 permissione
2578 396 2688 463 jam
2744 410 3067 463 temoratttr,
3116 400 3222 453 imo
3267 398 3496 467 jussioni
3554 416 3755 462 nostra:

509 503 564 548 et
587 493 814 545 maxime
836 491 889 545 in
916 492 1320 555 bibendo;itaut
1340 493 1390 545 in
1416 491 1583 545 Gildis
1608 506 1727 544 cum
1752 487 1975 542 elniosis
2001 487 2080 539 hi-

508 582 620 643 bat,
646 589 698 634 et
722 594 841 634 eum
864 582 942 635 eis
970 582 1268 636 inebrietur
1297 583 1383 634 ³³³.
1411 581 1565 647 Quod
1591 582 1632 632 si
1667 594 1848 631 verum
1874 588 1976 643 est,
2005 577 2081 631 di-

508 682 629 722 cere
655 682 758 720 non
787 683 1004 737 possunt
1029 680 1287 739 quantum
1317 685 1410 723 cor
1435 683 1608 721 meum
1633 667 1696 719 de
1722 674 1867 718 tanta
1896 666 2079 720 fratris

505 758 808 829 perditione
830 759 1028 851 doleat.
1068 758 1181 814 Non
1216 760 1356 814 enim
1387 760 1474 811 ditt
1506 759 1619 811 sola
1648 757 1751 810 erit
1781 757 1879 810 ista
1912 758 2075 811 mise-

513 850 583 903 ria
606 889 619 912 ,
652 849 744 902 sed
773 848 872 902 nisi
898 865 953 903 se
972 846 1101 912 cito,
1129 850 1236 901 Deo
1265 846 1602 914 respiciente,
1634 846 1955 911 correxerit,
1983 861 2078 914 per

505 958 622 995 eam
658 941 721 994 ad
754 941 856 993 alia
908 941 1149 994 trahetur
1196 939 1385 992 mortis
1432 939 1750 1008 praecipitia.
1806 938 2074 1004 Quantum

507 1031 669 1098 igitur
700 1029 863 1083 abbas
890 1028 1045 1081 debet
1070 1026 1357 1097 prohibere
1399 1029 1687 1089 monacho,
1721 1038 1927 1081 tantum
1955 1041 2073 1096 ego,

506 1122 888 1188 qualiscunque
938 1128 1192 1186 peccator
1246 1120 1379 1186 sim,
1427 1136 1489 1173 ex
1525 1118 1615 1172 Dei
1666 1127 1719 1172 et
1767 1129 2073 1173 sanctorum

504 1214 619 1282 ejus
663 1221 714 1264 et
763 1191 944 1263 nostra
991 1212 1312 1266 auctoritate
1355 1212 1631 1281 prohibeo,
1677 1228 1744 1264 ne
1793 1219 2073 1277 postquam

505 1304 641 1355 hanc
675 1310 913 1355 nostram
945 1302 1360 1372 prohibitionem
1393 1300 1725 1369 cegnoverit,
1763 1300 2069 1393 atnpliusjn

500 1391 675 1455 Gilda,
709 1392 877 1445 autin
919 1403 1181 1448 conventu
1210 1407 1392 1447 eorum
1446 1392 1534 1461 qui
1579 1391 1644 1444 ad
1699 1391 2072 1446 inebrianduin

501 1484 671 1538 solum
702 1489 1048 1548 conveniunt,
1101 1485 1522 1539 hihcre‘audeat
1567 1484 1655 1536 ³³³.
1705 1484 1817 1538 Hoc
1861 1498 2074 1553 quoque

505 1577 780 1643 pra-cipio,
809 1584 866 1628 ut
895 1577 957 1629 de
992 1575 1258 1645 praeterita
1293 1574 1711 1638 inordinatione,
1744 1576 1787 1628 si
1830 1591 1949 1629 eam
1984 1592 2073 1631 ne-

503 1681 631 1734 gare
660 1684 762 1720 non
808 1675 1004 1734 potest,
1040 1665 1241 1719 dontini
1285 1668 1453 1719 nostri
1485 1665 1774 1719 Lanfranci
1804 1666 2075 1733 archiepi~

504 1754 671 1822 scopi,
702 1765 792 1807 aut
820 1755 1017 1807 domini
1048 1754 1281 1823 episcopi
1317 1754 1585 1818 Gonlnlﬁ,
1613 1762 1705 1807 aut
1730 1755 2072 1822 vestrojudi-
2108 1731 2148 1788 Β

502 1844 588 1897 eio
628 1845 888 1913 pmnitere
932 1861 1035 1898 non
1079 1845 1347 1915 negligat;
1402 1854 1454 1897 et
1504 1845 1754 1913 deinceps
1796 1859 1982 1898 curam
2015 1862 2074 1901 sc

502 1931 837 1985 custodiendi
868 1933 933 1985 ah
961 1933 1222 1987 ebrietate
1253 1942 1306 1986 et
1337 1950 1364 1986 a
1416 1933 1697 1987 malitiosis
1729 1931 1911 1987 verbis
1952 1950 2073 1989 cum

506 2019 599 2074 Dei
630 2021 831 2079 auxilio
874 2023 1087 2076 haheat.
1132 2022 1199 2075 At
1242 2024 1285 2077 si
1332 2039 1389 2077 se
1416 2026 1687 2095 corrigere
1715 2028 2077 2081 nolueritom-

506 2109 635 2162 nino
654 2152 668 2175 ,
704 2110 861 2171 malo,
900 2121 1201 2179 contempta
1228 2113 1371 2165 omni
1398 2113 1626 2167 utilitate
1651 2131 1808 2182 quam
1837 2130 1929 2182 per
1952 2130 2075 2168 enzu

510 2201 775 2277 iit/Anglia
810 2203 1063 2257 debemus
1096 2202 1311 2265 habere,
1346 2211 1402 2255 ut
1441 2204 1506 2257 ad
1540 2219 1638 2256 nos
1668 2205 1765 2257 sub
1793 2204 2073 2274 disciplina

509 2293 773 2361 regendus
799 2292 1001 2354 redeat,
1031 2308 1191 2361 quam
1227 2303 1283 2345 ut
1311 2293 1466 2363 longe
1495 2310 1524 2347 a
1548 2294 1827 2364 disciplina
1851 2296 2075 2364 perden-

507 2379 606 2432 dus
636 2390 930 2434 remaneat.
963 2382 1224 2435 Domuum
1258 2398 1382 2436 vero
1414 2383 1702 2438 llenricutn
1734 2385 1799 2439 tle
1828 2384 2075 2439 Goruaco

506 2467 736 2538 benigne
760 2485 891 2537 rogo
917 2479 975 2523 ιιι
1006 2472 1071 2524 de
1096 2487 1160 2524 eo
1195 2471 1335 2539 quod
1371 2473 1419 2523 in
1454 2472 1644 2526 litteris
1676 2474 1786 2528 suis
1816 2482 1923 2525 tam
1956 2486 2074 2527 stu-

506 2558 657 2614 diose
701 2561 955 2630 postulat,
1009 2562 1277 2630 patienter
1318 2572 1369 2614 et
1417 2563 1598 2631 quieto
1642 2564 1822 2618 animo
1863 2565 2072 2631 toleret,

507 2649 677 2704 donec
712 2651 942 2705 domnus
990 2651 1249 2705 Ricardus
1298 2652 1408 2720 (qui
1462 2653 1527 2705 ad
1565 2668 1675 2715 nos,
1711 2654 1762 2706 in
1811 2656 2073 2723 proximo,

506 2741 645 2795 sicut
675 2756 705 2793 a
748 2756 872 2809 rege
913 2742 1111 2804 audivi,
1146 2751 1403 2796 venturus
1432 2744 1556 2811 est),
1591 2745 1769 2799 veniat
1805 2763 1816 2797 :
1849 2756 1901 2799 ct
1935 2748 2076 2815 quod

503 2840 631 2886 tunc
653 2832 717 2887 de
744 2832 833 2885 illo
854 2842 906 2885 et
929 2832 994 2886 de
1019 2833 1169 2887 vobis
1192 2834 1441 2887 omnibus
1467 2835 1555 2902 qui
1586 2848 1806 2904 propter
1827 2837 2075 2891 eumdem

501 2923 755 2978 domuum
796 2924 1083 2977 Ricardum
1125 2925 1271 2978 missi
1317 2935 1465 2986 sunt.
1516 2936 1700 2979 nostro
1746 2936 1800 2979 et
1846 2926 2075 2981 fratrum

502 3024 811 3071 nostrorum
844 3015 1066 3069 consilio
1114 3015 1430 3084 dispositum
1466 3016 1646 3082 fuerit,
1695 3020 1923 3087 benigna
1976 3034 2075 3087 pa-

503 3108 689 3166 tientia
712 3116 765 3163 et
789 3108 1013 3177 patienti
1046 3108 1373 3177 benignitate
1396 3111 1683 3164 sustineat.
1724 3120 1754 3181 η’

1026 3237 1362 3292 EPISTULA
1403 3237 1535 3292 VIII.

984 3346 1064 3406 to
1125 3369 1426 3407 nunquit
1493 3352 1582 3403 ⁸³³.

501 3461 578 3527 De
617 3463 869 3516 monacho
910 3463 1106 3517 diutius
1146 3477 1381 3520 morante
1416 3468 1468 3519 in
1503 3466 1670 3518 curia.
1708 3462 1775 3517 Et
1805 3466 1868 3519 de
1898 3466 2069 3531 malo;

440 3540 446 3551 '
498 3532 501 3535 ’
1074 3550 1143 3587 an
1183 3536 1381 3607 aliquid
1420 3538 1506 3588 sit.

568 3645 758 3699 Frater
787 3646 1086 3711 Anssutus,
1125 3648 1302 3701 dictus
1330 3647 1497 3701 abbas
1525 3645 1702 3708 Deeci,
1739 3646 1933 3700 dilecto
1960 3645 2071 3699 fra-

482 3735 565 3814 .tri
597 3745 651 3789 et
692 3735 801 3789 ﬁlio
826 3753 922 3791 suo
961 3738 1235 3792 Μλυιιιῐιο
1264 3737 1489 3791 salutem
1520 3744 1573 3790 et
1609 3728 1701 3789 Dei
1729 3737 2067 3791 benedictio-

500 3843 648 3883 nem.
1008 3829 1013 3834 ’
1812 3880 1815 3881 ν

571 3918 708 3988 Erga
741 3919 963 3993 fratrem
998 3921 1170 3984 illum,
1200 3920 1266 3974 de
1292 3934 1398 3988 quo
1428 3919 1580 3984 mihi,
1612 3921 1753 3987 quod
1789 3934 1874 3974 res
1896 3922 2077 3995 evigo-

501 4007 616 4070 bat,
650 4009 913 4078 srripsisti
943 4011 1066 4079 quia
1095 4025 1190 4079 pro
1220 4009 1368 4063 Iibitu
1398 4025 1507 4062 suae
1544 4010 1857 4074 voluntatis,
1894 4012 2074 4079 ncgtco

502 4106 588 4151 cta
609 4096 833 4152 claustri
860 4101 1288 4163 conversatione,
1313 4110 1554 4152 moratur
1578 4101 1629 4153 in
1653 4100 1801 4153 curia
1821 4101 1957 4169 regis
1973 4099 2072 4165 8'i’;

496 4188 621 4242 volo
656 4198 713 4241 ut
752 4191 823 4244 ita
857 4192 1108 4261 deinceps
1158 4201 1211 4244 tu
1252 4200 1303 4245 et
1347 4192 1525 4245 caeteri
1562 4190 1755 4244 fratres
1788 4191 1956 4253 nostri
1985 4192 2073 4260 qui

499 4290 676 4335 tecum
716 4292 861 4347 sunt,
904 4299 995 4338 vos
1042 4284 1303 4337 habeatis.
1350 4282 1404 4337 Si
1449 4284 1655 4336 venerit
1690 4283 1755 4335 ad
1802 4298 1913 4345 vos,
1948 4298 2073 4349 pcr-

2184 494 2365 550 apcrte
2400 486 2673 540 contraire
2702 502 2807 540 non
2842 498 3074 541 voretur.
3108 488 3213 543 Nec
3244 490 3317 544 illi
3355 492 3551 545 mando
3580 503 3638 547 ut
3666 511 3749 549 re-

2183 574 2336 637 deat,
2401 574 2499 628 nec
2551 562 2893 631 concedent
2941 588 3236 632 remaneat.
3284 581 3555 647 Quasdam
3605 587 3750 640 enim

2182 679 2370 718 causas
2401 666 2633 731 intueor,
2683 670 2878 736 quibus
2935 668 3070 723 hanc
3118 669 3231 736 ejus
3279 674 3749 741 przesumptionem

2182 754 2413 809 tolerare
2435 756 2609 810 adhuc.
2636 756 3020 811 dissimulando
3048 760 3355 828 compellor.
3395 763 3610 827 Verum,
3645 764 3751 819 nisi

2181 844 2413 900 celerius
2438 863 2497 900 se
2525 848 2848 910 correxerit,
2879 850 3193 919 postpositis
3224 852 3471 905 omnibus
3496 853 3601 917 his,
3628 856 3750 919 quis

2180 937 2279 991 bus
2310 952 2432 990 eum
2460 930 2632 991 adhuc
2664 948 2939 1007 exspecto,
2971 939 3174 1005 causis,
3204 940 3503 1011 regularem
3536 942 3586 994 in
3622 957 3746 995 eum

2180 1040 2265 1078 me
2311 1040 2567 1079 exercere
2608 1026 2952 1080 severitatem
2995 1042 3215 1082 necesse
3256 1030 3380 1083 erit.
3431 1029 3637 1085 Mallem
3670 1038 3757 1105 ιιι-κ

2179 1130 2301 1169 men
2326 1116 2392 1180 ³³1
2424 1116 2565 1169 illius
2587 1126 2935 1185 spontaneam
2959 1119 3372 1182 correctionem,
3398 1114 3557 1187 quam
3585 1120 3757 1197 ullam

2178 1206 2226 1259 ei
2260 1190 2460 1260 inifet're
2490 1207 2807 1260 austerioris
2836 1204 3131 1276 disciplina:
3164 1210 3579 1278 correptionem.
3606 1191 3755 1265 Pran

2180 1307 2327 1352 terea
2369 1299 2627 1367 scriptum
2676 1298 2825 1363 illud,
2869 1299 3010 1368 quod
3053 1300 3121 1352 de
3163 1313 3225 1352 ea
3258 1300 3582 1368 quaestione,
3609 1317 3749 1372 quo»

2177 1389 2333 1441 modo
2363 1389 2586 1453 scilicet,
2615 1404 2736 1442 cum
2767 1389 3124 1444 malnnrnihil
3151 1404 3271 1446 esse
3296 1392 3529 1455 dicatur,
3555 1407 3748 1449 nomen

2175 1477 2295 1549 ejus
2325 1478 2528 1547 aliquid
2558 1479 2846 1547 signiﬁcet,
2884 1490 3070 1550 rogatu
3112 1482 3467 1548 quorumdam
3515 1483 3749 1538 fratrum

2177 1579 2243 1622 uc
2274 1566 2468 1621 talibus
2517 1583 2600 1621 me
2649 1567 2979 1637 frequenter,
3011 1576 3070 1621 ut
3102 1569 3266 1634 nosti,
3302 1570 3748 1641 interrogandum

2179 1672 2350 1726 nuper
2393 1658 2521 1722 feci;
2572 1673 2670 1727 per
2713 1657 3057 1727 prtesentiutn
3090 1658 3318 1714 latorem
3351 1661 3446 1715 tibi
3485 1661 3664 1724 modo,
3692 1670 3752 1717 ut

2180 1740 2481 1814 postulasti,
2515 1748 2638 1801 huic
2673 1763 2942 1803 annexum
2972 1749 3214 1817 epistola:
3237 1750 3430 1805 direxi.
3459 1750 3517 1805 Si
3549 1750 3748 1807 malum

2180 1837 2312 1890 nihil
2350 1847 2452 1903 est,
2487 1840 2755 1906 quomodo
2808 1855 3001 1894 nomen
3044 1840 3158 1909 ejus
3209 1841 3408 1911 aliquid
3452 1844 3752 1913 signiﬁcat?

2181 1930 2402 1993 Itursns,
2433 1932 2475 1984 si
2521 1932 2705 1985 audito
2752 1933 2968 1987 nomine
3013 1932 3138 1986 mali
3173 1933 3522 2004 intelligimus
3546 1934 3751 2003 aliquid

2181 2023 2320 2089 quod
2374 2024 2657 2077 horremus
2694 2030 2745 2076 et
2800 2022 3074 2077 vitandum
3129 2038 3446 2088 censemus,
3479 2027 3753 2094 quomodo

2180 2121 2272 2165 aut
2298 2110 2493 2173 malum
2528 2112 2655 2164 mhil
2678 2123 2779 2176 est,
2804 2121 2896 2165 aut
2920 2112 3045 2165 mali
3076 2126 3268 2165 nomen
3295 2112 3427 2165 nihil
3456 2112 3753 2182 signiﬁcat?
3814 2182 3817 2183 ν

2180 2204 2285 2259 Sed
2326 2184 2585 2271 et'ipstnu
2634 2202 2784 2267 nihil,
2826 2203 2955 2272 quid
2997 2205 3121 2257 est?
3158 2202 3353 2259 Verum
3389 2220 3509 2260 cum
3550 2221 3751 2275 nequa-

2179 2311 2339 2364 quam
2366 2294 2613 2347 differant
2646 2294 2776 2346 nihil
2809 2310 2948 2360 esse,
2976 2304 3030 2348 et
3056 2311 3163 2349 non
3201 2310 3320 2350 esse
3350 2296 3551 2365 aliquid
3571 2337 3586 2361 ,
3616 2314 3755 2365 quo-

2179 2386 2337 2437 modo
2364 2385 2465 2437 dici
2502 2392 2677 2453 potest
2704 2384 2832 2453 quid
2857 2385 2928 2438 sit
2956 2386 3097 2455 quod
3130 2401 3235 2440 non
3279 2396 3363 2441 est
3392 2387 3639 2457 aliquid?
3665 2388 3754 2458 Ip-

2178 2489 2295 2528 sum
2331 2483 2507 2527 tanien
2551 2491 2742 2530 nomen
2774 2477 2915 2545 quod
2946 2478 3196 2542 dicimus,
3235 2478 3369 2532 nihil
3406 2479 3496 2541 ³³³,
3529 2480 3573 2535 si
3618 2479 3751 2533 nihil

2178 2566 2465 2643 significat,
2510 2566 2558 2618 id
2598 2575 2681 2620 est
2727 2568 2770 2620 si
2821 2583 2924 2621 non
2976 2569 3247 2638 significat
3289 2570 3525 2639 aliquid,
3555 2585 3752 2627 nomen

2180 2652 2285 2710 non
2316 2667 2449 2733 estP:
2485 2658 2577 2710 sed
2626 2673 2819 2713 nomen
2862 2666 2966 2712 est.
3010 2652 3326 2728 Quanquam
3370 2656 3535 2731 igitur
3574 2660 3753 2716 nullus

2180 2747 2325 2801 dicat
2367 2747 2499 2801 nihil
2544 2762 2665 2801 esse
2697 2748 2921 2817 aliquid,
2952 2749 3043 2804 sed
3076 2765 3290 2820 semper
3315 2751 3448 2805 nihil
3475 2766 3592 2807 esse
3619 2751 3753 2807 nihil

2181 2853 2434 2907 cogannn-
2483 2836 2637 2891 fateri
2682 2856 2697 2891 :
2739 2854 2896 2892 nemo
2935 2847 3110 2893 tamen
3154 2850 3331 2910 potest
3379 2856 3572 2897 nomen
3616 2838 3754 2896 nihil

2180 2926 2591 2993 significativutu
2620 2940 2739 2981 esse
2759 2925 2995 2982 difﬁteri.
3027 2926 3224 2983 Verum
3255 2939 3480 2984 econtra
3511 2948 3524 2983 :
3570 2929 3618 2986 si
3650 2931 3756 2986 hoc

2181 3016 2351 3083 ipsum
2391 3032 2583 3071 nomen
2632 3034 2737 3075 non
2782 3019 3053 3088 signiﬁcat
3100 3020 3253 3086 nihil,
3297 3021 3393 3075 sed
3431 3021 3666 3090 aliquid,
3697 3020 3753 3076 id

2176 3107 2320 3173 quod
2350 3107 2705 3177 signiﬁcatur,
2737 3108 2952 3162 videtur
2998 3125 3102 3163 non
3131 3124 3289 3178 posse
3322 3126 3439 3165 esse
3467 3110 3622 3177 nihil,
3655 3111 3753 3167 sed

2173 3195 2347 3266 magis
2398 3196 2620 3264 aliquid.
2672 3196 2728 3250 Si
2769 3211 2899 3267 ergo
2946 3200 3088 3267 quod
3137 3199 3492 3269 signiﬁcatur,
3528 3214 3633 3265 non
3663 3208 3754 3256 est

2175 3288 2329 3351 nihil,
2362 3288 2454 3342 sed
2491 3286 2724 3355 aliquid,
2760 3287 2992 3356 qualiter
3033 3304 3219 3342 verum
3252 3291 3357 3344 erit
3383 3300 3440 3343 ut
3479 3290 3755 3360 signiﬁce-

2177 3386 2264 3429 tur
2288 3391 2385 3443 per
2414 3376 2514 3428 hoc
2537 3388 2755 3439 nomen,
2783 3374 3009 3439 scilicet,
3041 3375 3169 3428 nihil
3184 3377 3208 3428 ?
3235 3375 3441 3446 Quippe
3461 3379 3603 3447 quod
3624 3393 3757 3435 vero

2174 3469 2305 3521 nihil
2333 3468 2549 3529 dicitur,
2592 3481 2717 3520 vere
2750 3465 2883 3518 nihil
2919 3475 3031 3528 est;
3058 3475 3115 3520 ct
3138 3468 3340 3522 idcirco
3381 3484 3485 3523 non
3516 3477 3599 3525 est
3633 3470 3739 3524 ali-

2172 3560 2320 3629 quid.
2357 3558 2534 3624 Quare
2560 3556 2605 3611 si
2652 3557 2794 3625 quod
2835 3556 3176 3627 signiﬁcatur
3222 3558 3323 3614 hoc
3368 3560 3604 3625 nomine,
3638 3576 3771 3636 non~

2171 3658 2257 3703 cst
2285 3648 2437 3713 nihil,
2467 3647 2561 3701 sed
2593 3640 2829 3714 aliquid,
2872 3646 3324 3715 quemadmodum
3360 3652 3750 3718 consequentia

2171 3736 2384 3789 videtur
2411 3735 2741 3789 ostendere:
2774 3733 2908 3787 falso
2947 3743 3001 3789 et
3043 3734 3336 3805 incongrue
3382 3748 3604 3791 vocatur
3646 3738 3755 3794 hoc

2174 3826 2408 3880 nomine.
2432 3826 2502 3878 At
2529 3835 2769 3889 econtra,
2794 3825 2837 3878 si
2868 3825 3161 3881 secundum
3188 3826 3452 3895 judicium
3483 3820 3751 3898 omnium,

2176 3914 2225 3967 id
2264 3914 2406 3984 quod
2455 3913 2761 3967 nominatur
2806 3913 2955 3977 nihil,
3006 3930 3132 3969 vero
3177 3914 3311 3969 nihil
3344 3924 3427 3969 est
3464 3924 3517 3969 et
3549 3930 3752 3985 nequa-

2177 4019 2336 4072 quam
2365 4013 2447 4056 est
2475 4002 2672 4071 aliquid
2713 4020 2725 4054 :
2760 4016 3057 4071 usquamnc
3087 4004 3297 4058 videtur
3322 4006 3523 4075 aliquid
3558 4020 3754 4062 conse-

2178 4092 2451 4162 quentius,
2471 4108 2634 4163 quam
2664 4102 2722 4147 ιιι
2751 4094 2850 4147 hoc
2877 4094 3049 4161 ipsum
3081 4110 3275 4148 nomen
3300 4095 3430 4148 nihil
3459 4096 3747 4165 signiticet,

2178 4186 2229 4239 id
2274 4194 2354 4239 est
2398 4200 2500 4237 non
2527 4184 2595 4214 ³³⁸
2620 4183 2884 4254 significet
2912 4184 2979 4214 “°
3013 4185 3233 4254 aliquid.
3264 4186 3400 4252 Quid
3439 4187 3600 4256 igitur
3640 4195 3749 4252 est,

2178 4276 2303 4344 quia
2328 4276 2430 4329 hoe
2459 4291 2675 4339 nomen,
2705 4275 2950 4329 videlicet
2980 4277 3132 4341 nihil,
3165 4291 3267 4346 non
3301 4279 3567 4346 signiﬁcat
3592 4278 3748 4343 nihil,

500 4370 653 4422 tnitto
683 4379 740 4421 ut
775 4384 894 4422 eum
933 4372 1258 4439 suscipiatis,
1287 4369 1537 4423 fraternae
1564 4371 1611 4423 ei
1644 4369 2071 4423 eharitatis-olli-
2104 4397 2153 4456 ι)
2179 4368 2269 4420 sed
2304 4366 2538 4435 aliquid;
2577 4376 2631 4419 et
2663 4380 2768 4419 non
2800 4366 3067 4435 significat
3095 4367 3318 4433 aliquid,
3348 4366 3441 4422 sed
3468 4367 3633 4421 nihii?
3662 4366 3748 4423 Διι

500 4456 642 4510 eiqu
694 4458 1037 4526 impendatis.
1082 4459 1357 4513 Ostendite
1404 4461 1504 4513 sibi
1558 4468 1735 4513 tamen
1781 4474 1844 4513 ex
1898 4469 2071 4513 vestra

499 4559 676 4617 parte,
708 4564 801 4601 vos
833 4550 1004 4602 vereri
1038 4551 1104 4580 ³³⁸³
1146 4567 1214 4604 ne
1246 4552 1295 4604 id
1340 4550 1627 4618 displiceat
1668 4550 1815 4603 mihi.
1853 4552 2074 4620 Argnite

502 4638 675 4701 illutn,
707 4638 883 4692 debita
930 4648 1105 4693 tamen
1146 4640 1428 4703 modestia,
1460 4639 1523 4691 de
1549 4656 1640 4691 sua
1671 4648 1812 4691 tanta
1852 4641 2070 4693 temeri-

502 4737 611 4782 tate
639 4740 692 4781 et
722 4726 1104 4781 inobcdientia.
1140 4727 1273 4782 Nam
1302 4744 1473 4796 neque
1497 4738 1675 4782 nostra
1696 4726 1937 4794 jussione
1974 4740 2066 4783 aut

2179 4457 2400 4511 forsitan
2435 4473 2536 4510 non
2568 4466 2887 4526 repugnant,
2932 4457 3237 4527 signiﬁcare
3268 4458 3397 4511 nihil
3427 4467 3479 4513 et
3509 4458 3751 4529 aliquid?

2174 4547 2277 4601 Sed
2302 4548 2345 4599 si
2372 4564 2474 4600 non
2510 4557 2827 4617 repugnant,
2855 4558 2946 4602 aut
2974 4548 3294 4603 invenienda
3324 4564 3411 4603 res
3435 4558 3515 4604 est
3539 4551 3746 4618 aliqua,

2172 4653 2291 4706 qua:
2321 4636 2389 4691 sit
2420 4638 2619 4706 aliquid
2654 4648 2705 4691 et
2744 4639 2908 4701 nihil,
2941 4639 3081 4706 quod
3113 4653 3216 4690 non
3262 4648 3436 4705 potest
3471 4639 3693 4708 intelligi
3727 4656 3744 4693 :

2175 4739 2267 4782 aut
2320 4730 2422 4783 ista
2462 4744 2561 4781 vox
2600 4732 2808 4782 diversa
2846 4729 3277 4782 consideratione
3315 4729 3584 4798 significat
3611 4731 3749 4786 nihil

1662 4874 1667 4879 ,
1728 4817 1954 4869 minus
1986 4806 2401 4874 lacertosus.

572 4912 637 4941 ³³³
668 4910 1017 4964 1ιιρ1ιιῐριηις.
1053 4910 1347 4962 inebrietur

503 4979 561 5032 S.
599 4978 847 5040 Ebrnlphi

504 5065 647 5109 tuen,
673 5050 809 5113 quod

501 5118 767 5187 signiticet

908 5050 972 5080 ³³⁸
1009 5048 1208 5103 Nomen
1242 5051 1371 5101 nihil
1402 5066 1521 5099 mss.
1552 5064 1742 5100 nomen
1772 5048 1921 5099 ttihili

1442 4909 1509 4939 ³³³
1540 4907 1729 4962 Vivere
1778 4909 1971 4961 audeat
2000 4928 2096 4963 ms.
2126 4900 2312 4965 bibere
2338 4910 2533 4962 amicat

945 4980 1010 5016 ³³⁵
1056 4981 1212 5032 (Suria
1250 4980 1407 5045 Regia
1443 4996 1562 5029 mss.
1596 4980 1739 5029 cttrit:
1789 4978 1946 5041 Itegis
2021 4980 2087 5008 3““
2121 4980 2294 5033 Videt'i
2328 4998 2450 5031 mss.
2486 4981 2656 5031 vereri

2020 5050 2085 5079 ³³³
2118 5051 2275 5105 ldent
2296 5067 2399 5102 non
2430 5065 2528 5101 ms.
2558 5050 2614 5101 δ.
2647 5049 2773 5102 Ebr.
2801 5050 2849 5103 id
2872 5042 3079 5104 estnon
3142 5042 3222 5079 ’³’⁸⁰
3252 5042 3588 5119 Sigtliliraret
3614 5070 3743 5109 nus.

2628 4910 2695 4939 3”
2726 4909 2928 4962 Collala
2960 4927 3074 4962 cum
3103 4911 3277 4963 eodem
3304 4927 3402 4965 ms.
3426 4922 3473 4965 et
3497 4930 3612 4967 cum
3639 4930 3744 4971 ms.

2760 4981 2824 5009 ³³⁷
2858 4980 3077 5043 Tamen,
3124 4982 3263 5047 quod
3289 4999 3410 5047 mss,
3440 4994 3525 5034 lart
3548 4998 3613 5035 cn
3641 5000 3748 5039 no-

1659 5184 1939 5239 JDANNIS
1973 5186 2118 5241 I’ICA
2132 5189 2239 5242 ltDI
2283 5188 2510 5244 NOTAE.

499 5294 562 5333 ex
590 5279 690 5331 hoc
706 5276 976 5344 epistulari
998 5279 1144 5330 titulo
1166 5278 1436 5331 Laurentii
1463 5276 1755 5329 I’riml‘aetii
1781 5276 1845 5327 ad
1874 5276 2068 5328 librum

501 5349 577 5401 DE
614 5357 886 5401 senectute
914 5367 939 5397 ιι
974 5366 1029 5401 se
1058 5352 1239 5415 gallire
1274 5366 1504 5404 versum.
1538 5364 1675 5397 anno
1702 5345 1853 5395 ‘Iz’tllfi.
1888 5346 1930 5395 Α
1962 5358 2064 5398 tres

499 5418 763 5485 exreii’cnl,
796 5419 1030 5485 ςιίυγίινιω·
1070 5429 1114 5468 ct
1150 5418 1291 5468 nolite
1332 5420 1505 5484 prince
1547 5416 1674 5481 Loys
1704 5416 1845 5465 uncle
1873 5417 1939 5465 ιΙιι
1974 5432 2064 5482 roy

500 5489 563 5537 de
594 5484 815 5547 France,
845 5488 942 5538 (Inc
968 5489 1029 5538 ile
1061 5488 1325 5546 Ii’onrbnn,
1364 5497 1525 5537 comic
1555 5488 1615 5535 de
1642 5486 1899 5535 (Ilermont
1928 5495 1972 5535 et
1998 5488 2060 5535 de

504 5554 736 5618 Foreslz,
768 5560 999 5624 scigncnt‘
1042 5560 1103 5609 de
1151 5557 1401 5621 “(’tlitjtfit,
1457 5557 1617 5619 grttnd
1668 5553 1969 5604 (I/tttmbrirr
2015 5565 2059 5604 cl

501 5628 719 5689 pt'cntiet'
748 5631 862 5692 prtir
890 5628 951 5679 dc
998 5627 1218 5679 Fiume.
1270 5626 1432 5691 Hujus
1463 5635 1637 5675 autem
1667 5625 1923 5675 versionis
1956 5626 2057 5675 duo

2176 5279 2505 5345 exemplaria
2534 5277 2893 5346 manuscripta
2930 5285 3175 5345 prostant
3227 5278 3278 5331 in
3326 5287 3507 5333 nostra
3544 5279 3743 5337 Biblio—

2178 5351 2348 5419 theca.
2384 5350 2549 5419 Quem
2599 5363 2725 5399 vero
2756 5347 3075 5419 laturi-titius
3114 5348 3457 5419 I’riml'actins
3501 5350 3777 5419 ejusdem,

2176 5418 2423 5469 Ludovici
2458 5418 2703 5470 liorbonii
2752 5418 2979 5467 clericus
3023 5418 3309 5485 appellavit
3348 5420 3514 5486 grnnd
3557 5422 3746 5473 cltum-

2172 5488 2325 5545 bricr,
2368 5488 2521 5539 ItO‘Iil!
2574 5489 2756 5541 dicunt
2789 5487 2955 5553 grani!
2997 5486 3342 5551 clmmbcllun,
3386 5498 3477 5540 aut
3514 5489 3748 5557 premi"

2172 5558 2510 5609 ι’]ιιιιιιίιεΙΙιιιι.

3700 5924 3707 5929 ’
3750 5918 3873 5981 .11-
