4214 6206
370 251 505 307 H57

1658 241 1788 295 LIB.
1831 240 1893 304 ll,
1935 241 2151 294 EPIST.
2178 244 2243 296 Χ.

3463 258 3592 311 1138

368 373 421 419 et
447 360 666 431 aliquid.
696 359 917 413 Constat
940 368 1169 423 namque
1206 352 1458 421 quoniam
1489 351 1602 405 hzec
1628 366 1753 415 vox,
1786 318 1929 403 scili:
1962 355 2007 410 Λ
2039 349 2197 404 ﬁcant
2227 353 2443 422 aliquid,
2476 363 2530 409 et
2564 358 2701 423 quod
2741 360 3073 429 signiﬁcatur
3111 372 3195 417 est
3236 364 3455 432 aliquid,
3487 386 3590 422 non

370 463 455 508 eet
501 452 650 513 nihil,
691 457 946 517 quantum
992 446 1057 497 ad
1096 442 1570 513 signiﬁcationem,
1620 440 1933 493 nullatenus

369 542 546 597 diﬂ'erl
591 542 658 593 ab
683 555 769 601 eo,
801 537 943 606 quod
987 536 1125 599 dico,
1161 552 1262 586 nun
1303 532 1521 600 aliquid.
1552 530 1693 599 Nihil
1725 544 1935 597 quoque

372 634 475 686 hoc
521 629 777 698 apertius,
809 642 968 695 quam
1000 625 1140 694 quod
1172 625 1284 676 hmc
1313 621 1377 652 ³⁵³
1409 636 1508 674 vox
1530 617 1695 690 3M
1731 619 1939 672 scilicet

372 740 475 777 non
498 720 718 789 aliquid,
750 734 964 773 omnem
992 712 1111 769 rem
1143 715 1374 784 penitus,
1403 722 1457 767 et
1491 728 1649 765 omne
1683 710 1823 778 quod
1857 719 1938 763 est

373 812 594 882 aliquid,
631 810 899 864 intellectu
942 808 1355 870 removendum;
1397 819 1496 857 nec
1522 800 1741 854 nimiino
1774 800 1936 852 ullam

374 919 510 969 rem,
558 910 651 956 aut
694 903 908 970 penitus
952 898 1092 965 quod
1135 896 1332 964 aliquid
1372 896 1442 948 sit
1483 891 1809 962 ponendum,
1843 886 1959 944 sua'

374 993 675 1064 prolatione
707 989 995 1059 signiﬁcat.
1036 986 1139 1040 Sed
1170 986 1424 1056 quoniam
1453 983 1678 1036 remotio
1720 981 1940 1047 alicujus

376 1084 456 1139 rei
483 1081 775 1152 signiﬁcari
815 1079 1120 1133 nullatenus
1156 1087 1351 1147 potest,
1384 1074 1483 1128 nisi
1515 1090 1634 1127 eum
1671 1070 1941 1141 signiﬁca-

378 1172 661 1239 tione'cjus
690 1171 858 1240 ipsius
889 1171 1043 1240 cujus
1081 1166 1415 1238 signiﬁcatur
1444 1164 1691 1226 remotio,
1726 1177 1942 1217 necesse

378 1272 463 1319 est
493 1271 551 1316 ιιι
586 1264 699 1316 haec
728 1277 829 1315 vox
859 1275 975 1329 qum
1018 1270 1102 1313 est
1133 1259 1201 1289 m
1238 1274 1341 1309 non
1367 1255 1585 1323 aliquid,
1619 1254 1943 1310 destruendo

382 1357 433 1410 id
464 1356 608 1423 quod
629 1352 958 1420 estaliquid,
983 1350 1249 1419 signiﬁcet
1275 1347 1494 1416 aliquid.
1521 1345 1782 1413 Quoniam
1818 1362 1944 1403 vero

381 1443 676 1498 auferendo
719 1457 879 1495 omne
918 1440 1057 1508 quod
1099 1447 1181 1493 est
1221 1437 1445 1507 aliquid,
1479 1436 1640 1490 ullam
1676 1435 1944 1505 signiﬁcat

378 1534 692 1596 essentiam,
723 1546 882 1600 quam
909 1529 1176 1583 audientis
1201 1527 1499 1582 intellectus
1527 1527 1680 1594 quasi
1708 1524 1965 1580 existens

383 1632 488 1678 tem
518 1622 746 1677 retineat
773 1620 1018 1674 :idcirco
1047 1635 1147 1671 non
1176 1618 1372 1685 aliquid
1409 1631 1531 1679 vox,
1576 1614 1773 1667 nullam
1804 1629 1939 1677 rem,

2039 446 2332 498 secundum
2382 462 2515 510 rem,
2574 449 2666 501 sed
2712 454 3003 506 secundum
3053 442 3280 508 formam
3325 455 3593 524 loqnmdi.

2039 532 2179 586 Nihil
2219 537 2361 588 enim
2395 551 2498 590 non
2530 537 2673 589 aliud
2714 539 3000 607 signiﬁcat,
3032 560 3193 612 quam
3240 562 3341 599 non
3374 547 3596 615 aliquid,

2039 635 2131 679 ant
2160 627 2457 681 absentiam
2485 644 2669 682 eorum
2708 646 2828 698 qua:
2860 641 2980 684 sunt
3015 635 3213 702 aliquid
3258 656 3270 688 :
3311 647 3361 690 et
3400 639 3599 691 malum

2038 730 2141 769 non
2169 728 2253 770 est
2279 717 2423 770 aliud
2460 733 2617 786 quam
2653 735 2757 772 non
2802 721 3020 786 bonum,
3053 734 3144 776 aut
3176 728 3419 780 absentia
3454 727 3600 791 beni,

2040 806 2129 860 ubi
2155 806 2309 860 debet
2338 816 2428 861 aut
2452 810 2667 877 expedit
2705 824 2825 864 esse
2862 810 3079 866 homno.
3111 814 3258 879 Quod
3287 826 3462 868 autem
3496 834 3599 869 non

2040 908 2123 952 est
2150 899 2314 964 aliud,
2346 915 2507 968 quam
2538 901 2778 954 absentia
2810 900 2925 968 ejus
2957 903 3098 971 quod
3125 915 3207 958 est
3233 906 3462 974 aliquid,
3497 907 3601 958 uli-

2042 1004 2146 1057 qnc
2178 1005 2280 1042 non
2307 999 2389 1042 est
2421 990 2640 1058 aliquid.
2680 991 2871 1044 Malum
2905 993 3067 1062 igitur
3096 1009 3221 1048 vere
3249 1006 3332 1049 est
3368 998 3517 1058 nihil,
3550 1005 3604 1050 et

2043 1078 2173 1132 nihil
2202 1094 2304 1132 non
2332 1087 2413 1132 est
2448 1079 2678 1145 aliquid;
2729 1089 2904 1133 tamen
2935 1083 3328 1150 quodammodo
3350 1098 3472 1140 sunt
3502 1086 3600 1138 ali-

2042 1169 2169 1238 quid
2202 1188 2213 1221 :
2254 1169 2379 1237 quia
2417 1169 2495 1223 sic
2526 1168 2795 1238 loquimur
2828 1174 3023 1236 dehis,
3057 1177 3209 1245 quasi
3238 1178 3343 1231 sint
3381 1176 3601 1247 aliquid,

2041 1274 2164 1315 eum
2203 1260 2429 1313 dicimus
2467 1259 2617 1323 nihil,
2658 1267 2739 1313 vel
2779 1260 2973 1313 malum
3014 1262 3177 1329 fecit:
3216 1276 3307 1319 aut
3343 1268 3490 1329 nihil,
3524 1268 3604 1320 vel

2044 1349 2240 1402 malum
2267 1358 2341 1401 est
2374 1353 2510 1416 quod
2541 1347 2662 1415 fecit
2684 1389 2699 1413 ,
2730 1350 2869 1402 sicut
2892 1349 3143 1416 dicimus,
3175 1352 3371 1420 aliquid
3403 1355 3483 1407 vel
3516 1356 3606 1409 bo-

2046 1454 2164 1491 num
2197 1437 2337 1504 fecit,
2363 1446 2455 1490 aut
2478 1436 2674 1506 aliquid
2702 1437 2784 1491 vel
2816 1439 3004 1491 bonum
3034 1442 3265 1509 estquod
3301 1443 3434 1494 fecit.

2548 1545 2878 1601 EPISTOLA
2915 1548 2984 1601 IX
3022 1549 3109 1601 ³³⁸.

2464 1654 2531 1691 ΑΒ
2573 1653 2845 1693 HONACHOS
2882 1656 3190 1695 BECCENSES.

382 1710 640 1779 autquod
674 1710 745 1764 sit
773 1707 997 1776 aliquid,
1026 1678 1314 1774 signiﬁcat.
1342 1704 1512 1773 Igitur
1542 1706 1654 1758 luce
1694 1719 1795 1757 vox
1838 1720 1942 1757 non

2049 1722 2123 1778 De
2147 1740 2390 1794 urospero
2416 1726 2496 1778 sui
2522 1727 2582 1797 ἱηΔ
2600 1726 3113 1794 Αυῃϋαηηάιτιιιιη
3133 1745 3282 1797 quem
3310 1740 3361 1783 et
3384 1730 3609 1785 dominre

381 1798 584 1867 aliquid
613 1798 696 1851 his
726 1795 953 1852 diversis
983 1794 1280 1848 rationibus
1313 1792 1652 1861 aliquatenus
1683 1790 1948 1862 signiﬁcat

379 1903 496 1942 rem
520 1896 574 1943 et
601 1886 828 1956 aliquid,
860 1896 916 1947 ω
946 1885 1250 1939 nullatenus
1271 1883 1536 1953 signiﬁcat
1578 1896 1689 1937 rem
1716 1893 1810 1935 aut
1844 1882 1947 1935 ali-

379 1980 508 2048 quid
545 1997 559 2032 :
592 1978 861 2050 signiﬁcat
898 1977 1065 2039 enim,
1099 1975 1377 2045 negando;
1409 1982 1465 2027 et
1507 1986 1612 2026 non
1657 1971 1944 2041 signiﬁcat,

380 2060 774 2123 constituendo.
802 2066 913 2120 llac
937 2066 1143 2120 ratione
1167 2066 1296 2118 nihil
1322 2078 1540 2124 nomen,
1564 2061 1705 2133 quod
1733 2061 1950 2130 perimit

380 2174 543 2218 etnoe
567 2159 710 2228 quod
737 2166 822 2212 est
848 2156 1086 2225 aliquid;
1118 2164 1167 2209 et
1200 2153 1526 2208 destruendo
1551 2168 1655 2205 non
1684 2150 1949 2219 signiﬁcat

385 2249 539 2312 nihil,
583 2249 677 2305 sed
732 2245 969 2315 aliquid;
1020 2254 1075 2299 et
1121 2243 1495 2298 constituendo
1537 2257 1640 2295 non
1684 2241 1953 2311 signiﬁcat

384 2338 611 2407 aliquid,
641 2337 737 2392 sed
769 2336 923 2389 nihil.
952 2334 1290 2403 Quapropter
1313 2348 1417 2387 non
1453 2342 1538 2386 est
1565 2345 1781 2385 necesse
1816 2329 1948 2384 nihil

384 2440 507 2481 esse
543 2424 765 2494 aliquid,
790 2424 910 2478 ideo
934 2422 1057 2492 quia
1084 2436 1278 2476 nomen
1304 2419 1421 2488 ejus
1457 2418 1723 2488 signiﬁcat
1747 2416 1948 2487 aliquid

383 2514 626 2585 quolibet
670 2513 858 2578 modo;
899 2511 992 2564 sed
1027 2510 1206 2578 potius
1244 2522 1465 2563 necesse
1507 2521 1627 2561 esse
1670 2506 1800 2560 nihil
1830 2521 1949 2560 esse

386 2601 538 2664 nihil,
565 2602 690 2670 quia
726 2614 920 2655 nomen
950 2600 1067 2669 ejus
1094 2598 1365 2668 signiﬁcat
1395 2596 1597 2666 aliquid
1633 2595 1737 2649 hoc
1765 2595 1946 2649 modo.

386 2691 502 2751 Hoc
531 2692 712 2761 itaque
735 2692 892 2746 modo
914 2705 1019 2745 non
1043 2699 1304 2758 repugnat
1335 2687 1532 2741 malum
1564 2685 1696 2741 nihil
1723 2700 1866 2752 esse,
1897 2692 1951 2740 et

387 2785 512 2840 mali
561 2783 692 2839 nihil
721 2798 841 2838 esse
877 2781 1327 2853 signiﬁcativum;
1372 2779 1415 2833 si
1448 2779 1526 2833 sic
1567 2776 1769 2848 aliquid
1802 2768 1949 2846 perii

385 2876 581 2931 mendo
603 2873 891 2943 signiﬁcat,
910 2881 969 2925 ut
990 2872 1187 2925 nullius
1212 2872 1288 2925 rei
1312 2870 1384 2924 sit
1403 2869 1826 2924 constitutivum.
1845 2866 1950 2923 Sed

385 2982 509 3023 cum
537 2966 638 3021 hac
663 2966 871 3020 ratione
900 2963 1097 3018 malum
1126 2971 1181 3017 et
1204 2962 1337 3016 nihil
1374 2975 1501 3015 vere
1529 2960 1831 3028 signiﬁcent
1852 2959 1951 3012 ali-

384 3057 547 3127 quid;
573 3066 631 3111 et
658 3065 833 3110 tamen
862 3055 1001 3124 quod
1024 3054 1103 3108 sic
1125 3052 1457 3123 signiﬁcatur
1483 3066 1589 3103 non
1612 3059 1695 3105 est
1722 3050 1942 3113 malum,

389 3147 472 3202 vel
506 3145 638 3200 nihil
674 3154 757 3198 est
789 3153 965 3198 tamen
1008 3150 1064 3196 et
1102 3141 1203 3194 alia
1244 3139 1455 3193 ratione
1477 3138 1581 3203 m;
1611 3154 1714 3207 qua
1746 3138 1949 3207 signiﬁ-

389 3244 519 3292 cant
562 3230 787 3303 aliqui'd,
818 3242 873 3287 et
907 3232 1048 3301 quod
1098 3229 1435 3299 signiﬁcatur
1477 3236 1560 3281 est
1597 3226 1820 3294 aliquid,
1857 3226 1949 3279 sed

386 3339 495 3381 non
544 3338 671 3379 vere
708 3322 929 3390 aliquid,
974 3321 1066 3379 sed
1106 3319 1260 3388 quasi
1304 3316 1525 3386 aliquid.
1558 3315 1721 3369 Multa
1757 3315 1953 3384 quippe

388 3414 643 3470 dicuntur
664 3412 957 3468 secundum
982 3409 1229 3473 formam,
1255 3423 1374 3478 qua:
1390 3423 1493 3461 non
1514 3416 1638 3461 sunt
1658 3407 1950 3461 secundum

388 3520 540 3569 rem;
570 3511 628 3556 ut
652 3503 853 3565 timere,
884 3500 1177 3554 secundum
1204 3498 1435 3552 formam
1458 3496 1623 3562 vocis,
1649 3496 1846 3573 dicitur
1868 3510 1952 3550 ac-

378 3584 581 3656 tivum,
608 3607 728 3646 cum
758 3592 829 3646 sit
853 3591 1125 3661 passivum
1153 3588 1444 3643 secundum
1475 3602 1607 3642 rem.
1634 3586 1710 3639 lta
1738 3600 1949 3655 quoque

385 3682 602 3739 caecitas
646 3680 842 3734 dicitur
868 3680 1065 3748 aliquid
1095 3679 1385 3732 secundum
1408 3676 1635 3729 formam
1669 3675 1943 3743 loquendi;

387 3789 510 3828 cum
553 3788 657 3828 non
690 3774 761 3828 sit
792 3770 992 3841 aliquid
1038 3766 1329 3824 secundum
1374 3781 1508 3821 rem.
1538 3765 1689 3819 Sicut
1714 3765 1854 3820 enim
1886 3766 1952 3819 de

387 3864 572 3933 aliquo
598 3864 827 3918 dicimus
848 3862 971 3931 quia
998 3861 1155 3915 habet
1184 3859 1381 3923 visum,
1405 3866 1460 3911 et
1490 3856 1635 3911 visus
1662 3866 1743 3911 est
1771 3856 1823 3909 in
1851 3871 1948 3921 eo;

387 3953 463 4011 ita
489 3955 716 4008 dicimus
752 3952 874 4022 quia
916 3952 1080 4005 habet
1110 3951 1429 4015 caecitatem,
1458 3957 1512 4002 et
1542 3948 1757 4001 caecitas
1785 3957 1867 4000 est
1898 3947 1951 4001 in

384 4057 473 4108 eo,
502 4057 623 4096 cum
651 4043 767 4095 haec
789 4056 892 4094 non
921 4040 992 4093 sit
1019 4039 1238 4108 aliquid,
1264 4041 1354 4091 sed
1385 4037 1562 4106 potius
1587 4051 1688 4088 non
1714 4035 1945 4103 aliquid:

383 4143 443 4192 et
469 4135 610 4189 hanc
640 4134 855 4195 habere,
890 4148 993 4186 non
1030 4134 1100 4188 sit
1131 4134 1327 4186 habere
1357 4131 1590 4199 aliquid;
1629 4133 1736 4184 iuno
1766 4144 1831 4183 eo
1856 4146 1947 4184 ca-

385 4240 529 4291 rere,
553 4225 693 4293 quod
719 4234 801 4278 est
820 4224 1038 4293 aliquid.
1073 4223 1297 4277 Ctecitas
1321 4237 1551 4291 namque
1580 4238 1681 4275 non
1709 4230 1789 4275 est
1808 4220 1950 4274 aliud

2558 1792 2692 1847 Evn!
2712 1797 2815 1848 vult
2844 1798 3117 1849 nuntiuri.’

2120 1885 2340 1936 Domms
2372 1891 2427 1936 et
2459 1881 2714 1936 fratribus
2736 1882 3101 1941 dilectisslmis
3135 1887 3185 1939 in
3211 1887 3464 1942 Beeccnsi
3493 1904 3607 1943 cm-

2048 1973 2209 2026 nohio
2250 1972 2359 2026 Deo
2403 1974 2762 2026 servientibus
2804 1973 2970 2028 frater
3013 1978 3316 2042 Asseuws,
3349 1996 3534 2034 servus
3557 1990 3610 2033 et

2047 2077 2340 2117 conservus
2389 2078 2595 2127 eorum,
2634 2078 2849 2131 semper
2875 2073 3060 2119 sancte
3096 2067 3299 2133 vivere,
3329 2079 3378 2121 et
3414 2086 3452 2122 s:
3475 2080 3613 2123 ncne

2048 2152 2175 2207 vita:
2201 2153 2478 2221 praemium
2507 2153 2808 2221 percipere.

2118 2240 2305 2295 Sciens
2340 2251 2395 2295 et
2417 2250 2565 2295 certe
2592 2242 2768 2296 sciens
2796 2242 3163 2298 dulcissimum
3206 2245 3334 2299 mihi
3376 2256 3611 2303 vestram

2048 2330 2387 2386 dilectionem
2429 2332 2674 2384 nuntium
2717 2346 2850 2385 meas
2892 2332 3277 2388 incolumitatis
3316 2346 3369 2388 et
3398 2353 3611 2405 prospc«

2051 2422 2224 2484 vitatis
2258 2432 2370 2477 toto
2418 2422 2612 2477 aﬁectn
2641 2424 2969 2487 desiderare,
3018 2441 3123 2478 non
3164 2426 3310 2494 potui
3339 2442 3456 2479 eam
3482 2414 3609 2481 dila-

2049 2504 2196 2565 tione
2224 2511 2400 2581 aliqua
2444 2512 2690 2582 fatigare.
2731 2512 2846 2580 ipsa
2891 2513 3071 2581 itaque
3100 2514 3204 2577 dic,
3243 2530 3346 2582 qua
3387 2516 3616 2570 domnus

2049 2602 2312 2657 Girardus
2360 2604 2514 2668 hora,
2550 2618 2670 2672 qua:
2705 2603 2905 2657 dicitur
2931 2605 3128 2673 prima,
3159 2620 3188 2657 a
3230 2620 3316 2660 me
3350 2622 3506 2659 mare
3536 2608 3615 2659 in-

2051 2707 2233 2762 gresso
2271 2691 2545 2757 discessit,
2582 2691 2762 2746 divina
2800 2693 3060 2762 protectio
3085 2708 3168 2748 me
3193 2694 3386 2748 vestris
3414 2694 3616 2748 oratio-

2051 2772 2208 2836 nibus
2240 2780 2291 2834 in
2320 2780 2597 2851 Anglieam
2642 2790 2842 2835 terram
2891 2796 3147 2850 prospera
3192 2784 3533 2853 navigatione
3559 2792 3615 2837 et

2051 2870 2169 2925 sine
2216 2871 2481 2934 molestia,
2524 2885 2685 2939 quam
2729 2872 2880 2925 multi
2924 2871 3237 2943 navigantes
3277 2873 3386 2942 pati
3416 2874 3614 2938 solent,

2052 2963 2183 3016 hora
2216 2978 2357 3017 nona
2385 2962 2636 3032 perduxit
2680 2962 2748 2993 “7
2783 2980 2797 3014 :
2833 2971 2886 3017 et
2915 2965 2982 3015 ad
3012 2964 3291 3016 dominum
3319 2971 3371 3017 et
3400 2963 3615 3017 Patrem

2001 3047 2021 3067 ⁸
2053 3061 2293 3107 nostrum
2334 3052 2802 3122 archiepiscopum
2837 3050 3198 3106 Lunfraneum
3245 3066 3467 3120 vespere
3497 3066 3618 3121 per-

2050 3144 2253 3209 venire,
2286 3151 2341 3196 et
2379 3158 2501 3197 cum
2546 3142 2739 3212 gaudio
2768 3142 2965 3211 suscipi
3017 3142 3157 3210 apud
3200 3141 3379 3194 villam
3425 3141 3616 3209 ipsius,

2050 3235 2267 3289 nomine
2296 3233 2557 3303 Limingis
2580 3233 2672 3297 m,
2700 3214 2991 3288 concessit.
3020 3232 3076 3286 In
3104 3232 3337 3286 crastina
3362 3245 3490 3285 vero
3516 3230 3615 3286 has

2050 3322 2260 3403 litteras
2305 3323 2516 3391 scripsi,
2559 3323 2752 3390 quibus
2777 3329 2834 3376 et
2867 3321 3148 3391 prwfatum
3176 3320 3498 3376 desiderium
3520 3335 3615 3374 ve-

2050 3423 2222 3469 strum
2251 3412 2620 3481 adimplerem,
2644 3422 2703 3467 et
2729 3421 2973 3467 sanctum
3002 3413 3337 3481 propositum
3367 3420 3607 3465 vestrum

2050 3519 2265 3573 semper
2294 3502 2503 3558 fervere
2539 3512 2593 3556 et
2629 3505 2696 3557 ad
2741 3502 2963 3557 meliora
3005 3501 3265 3571 proﬁcere
3294 3517 3619 3556 commemo-

2050 3606 2162 3644 rem
2187 3589 2276 3643 ³⁸⁸.
2308 3588 2508 3643 Precor
2537 3590 2697 3658 igitur
2727 3600 2786 3641 ut
2829 3588 3018 3652 frater,
3056 3590 3241 3645 hortor
3267 3599 3323 3641 ut
3358 3598 3527 3657 pater,
3558 3598 3619 3642 ut

2048 3682 2126 3735 sic
2155 3680 2224 3711 ”°
2249 3677 2509 3734 studeatis
2544 3679 2595 3731 in
2628 3693 2758 3746 pace
2777 3687 2832 3730 ct
2861 3678 3123 3746 religione
3150 3678 3461 3733 monachica
3485 3693 3613 3730 con-

2049 3772 2283 3835 versari;
2309 3778 2576 3839 quatenus
2597 3779 2651 3823 et
2672 3773 2772 3823 vos
2793 3785 2860 3822 ex
2884 3770 3047 3824 vestri
3071 3770 3232 3823 studii
3262 3770 3613 3824 retributione

2050 3862 2274 3917 valeatis
2320 3860 2646 3924 beatiﬁeari,
2700 3869 2756 3914 et
2808 3875 2906 3929 ego
2933 3861 3000 3913 de
3060 3870 3239 3915 vestra
3288 3861 3615 3914 beatitudine

2051 3954 2370 4023 quandoque
2410 3949 2797 4017 congratulari.
2830 3948 3181 4018 Omnipotens
3226 3949 3610 4004 Dominussna

2049 4060 2147 4099 vos
2182 4044 2248 4075 ³⁵¹
2277 4043 2609 4113 protectione
2637 4042 2705 4095 ab
2738 4041 2888 4095 omni
2919 4039 3243 4094 adversilate
3266 4039 3534 4104 defendat,
3562 4047 3619 4094 et

2050 4150 2203 4189 suam
2243 4134 2394 4188 vobis
2423 4131 2877 4193 misericordiam,
2915 4146 3011 4199 per
3042 4132 3348 4184 continuam
3374 4131 3616 4198 corporis

2052 4213 2322 4279 et‘anima:
2347 4210 2781 4291 prosperitatum,
2804 4220 3073 4274 ostendat.
3109 4220 3352 4273 Mandate
3379 4223 3536 4274 matri
3561 4232 3617 4276 et

386 4331 546 4385 quam
580 4330 684 4368 non
718 4316 884 4379 visus,
918 4324 1010 4367 aut
1036 4314 1275 4368 absentia
1304 4314 1474 4373 visus,
1506 4313 1592 4367 ubi
1619 4312 1764 4367 visus
1787 4312 1945 4367 debet
1978 4326 2021 4380 1)
2048 4313 2272 4370 domina:
2285 4321 2479 4365 nostra:
2502 4309 2797 4378 Evaz,quod
2817 4311 2882 4363 de
2904 4308 3011 4362 ﬁlio
3034 4324 3131 4362 suo
3154 4309 3504 4377 primogenita
3529 4325 3615 4363 vo-

386 4419 525 4460 essc.
555 4404 668 4460 Non
703 4406 848 4459 visus
883 4421 1030 4470 vero,
1063 4405 1145 4458 vel
1185 4404 1425 4458 absentia
1457 4404 1606 4459 visus
1636 4418 1738 4457 non
1783 4406 1951 4473 magis

386 4504 472 4551 est
496 4495 717 4567 aliquid,
745 4495 832 4549 ubi
870 4496 1026 4548 debet
1056 4509 1177 4547 esse
1204 4495 1368 4556 visus,
1402 4509 1564 4561 quam
1593 4492 1680 4545 ubi
1718 4509 1824 4546 non
1855 4496 1948 4547 dc-

388 4588 479 4644 bet
521 4601 661 4642 esse.
704 4587 882 4652 Quare
918 4586 1132 4640 caecitas
1178 4600 1281 4637 non
1326 4584 1495 4652 magis
1535 4592 1617 4636 est
1667 4582 1868 4652 aliquid
1896 4583 1949 4636 in

389 4676 564 4739 oculo,
608 4676 731 4745 quia
760 4676 832 4730 ibi
864 4674 1022 4729 debet
1056 4689 1175 4728 esse
1210 4674 1391 4736 visus;
1428 4687 1587 4740 quam
1632 4686 1737 4724 non
1780 4671 1945 4735 visus,

389 4765 472 4817 vel
504 4766 744 4819 absentia
783 4766 931 4819 visus
970 4765 1020 4817 in
1053 4764 1226 4831 lapide
1261 4763 1347 4826 ³⁸⁵,
1375 4762 1462 4815 ubi
1487 4778 1590 4814 non
1620 4762 1778 4815 debet
1807 4775 1945 4814 esse.

393 4852 554 4905 Multa
582 4868 793 4921 quoque
835 4854 937 4907 alia
967 4854 1218 4907 similiter
1246 4854 1495 4908 dicuntur
1521 4852 1719 4920 aliquid
1763 4866 1949 4906 secun-

391 4943 517 4997 dum
546 4943 771 4997 formam
820 4946 1089 5013 loquendi,
1115 4961 1232 5014 qua:
1268 4960 1372 5000 non
1402 4952 1525 4999 sunt
1556 4943 1789 5011 aliquid;
1821 4959 1953 5012 quo-

392 5032 533 5088 niam
561 5035 641 5087 sie
666 5034 871 5089 scilicet
899 5034 1166 5101 loquimur
1190 5034 1259 5065 “5
1288 5035 1354 5087 de
1378 5032 1502 5096 illis,
1536 5034 1675 5087 sicut
1703 5033 1769 5087 de
1794 5036 1951 5087 rebus

392 5124 765 5178 existentibus.
795 5124 906 5179 Hoc
931 5125 1093 5194 igitur
1129 5126 1287 5178 modo
1312 5124 1507 5176 malum
1541 5132 1592 5176 et
1622 5123 1752 5177 nihil
1781 5122 1949 5191 signi-

2056 4406 2260 4460 biscum
2283 4402 2466 4456 audire
2484 4401 2597 4469 pari
2611 4399 2876 4455 desiderio
2894 4407 3193 4467 exspectat,
3209 4408 3264 4453 et
3286 4410 3343 4453 nt
3362 4408 3478 4453 oret
3506 4415 3614 4468 quo

2054 4497 2195 4549 sicut
2222 4494 2331 4547 suis
2350 4491 2680 4546 orationibus
2692 4490 3287 4559 vobiseumimpetravit
3309 4505 3391 4542 me
3408 4506 3433 4541 a
3460 4486 3611 4543 vobis

2057 4583 2363 4638 timentibus
2386 4595 2504 4635 cum
2538 4577 2900 4647 prosperitate
2942 4578 3111 4635 abire.
3151 4579 3223 4631 ita
3271 4579 3517 4646 impetret
3553 4588 3611 4632 ut
3697 4617 3714 4633 .

2054 4676 2251 4730 oossim
2277 4675 2342 4729 ad
2376 4688 2470 4727 vos
2500 4674 2794 4744 gaudenter
2820 4688 2939 4725 cum
2971 4671 3161 4740 gaudio
3199 4670 3392 4723 redire.

2567 4760 2894 4816 EPISTOLA
2928 4759 2973 4812 Χ
3012 4759 3101 4811 πί.

2623 4865 2690 4901 ΑΒ
2729 4864 3030 4903 πουυιῖυπ.

2086 4945 2320 4998 Lwlalur
2351 4942 2415 4994 de
2441 4940 2668 5009 Rodulfo
2700 4942 2769 4993 ad
2799 4943 3092 5010 religiosam
3125 4941 3279 4992 vitam
3307 4954 3573 4991 converso.

2122 5032 2312 5086 Frater
2359 5031 2674 5092 Anssehus,
2717 5031 2894 5085 dictus
2946 5030 3112 5082 abbas
3160 5029 3457 5087 lleccensis,
3515 5042 3611 5080 suo

2050 5122 2176 5175 olim
2204 5121 2380 5173 amico
2416 5120 2894 5181 desideratissimo,
2931 5135 3074 5174 nunc
3099 5120 3316 5185 domno,
3348 5129 3403 5172 et
3431 5117 3605 5180 fratri,

1688 5214 1918 5270 VARI/13
1951 5211 2345 5270 LECTIONES.

462 5311 529 5343 ³³⁵⁸
555 5312 721 5377 Quam
744 5313 884 5381 quod
907 5313 1019 5366 hare
1043 5329 1139 5364 ms.
1170 5309 1292 5363 Ebr.
1315 5310 1567 5381 quoniam
1596 5308 1806 5381 quidem
1882 5307 1948 5338 ³⁵η
1978 5308 2043 5381 Ut
2072 5309 2182 5381 hate
2205 5321 2323 5381 qua:
2351 5316 2431 5381 est
2454 5323 2581 5381 mss_._
2596 5303 2799 5381 _ut_ba2_c
2830 5321 2933 5381 vos
2966 5314 3086 5381 qum
3118 5311 3201 5358 est
3274 5300 3339 5333 3”
3368 5300 3603 5381 ἀπαμφι-

394 5382 540 5437 tione
568 5376 691 5435 mss.
725 5376 824 5435 alia
868 5384 1001 5433 ratio
1076 5382 1143 5411 3“
1219 5376 1371 5433 Visus
1422 5390 1478 5433 ut
1536 5380 1586 5431 in
1620 5378 1791 5447 lapide
1831 5393 1955 5430 mss.
1986 5378 2129 5430 visus
2172 5377 2222 5447 in
2275 5376 2450 5447 lapide

1734 5447 1799 5483 "'7
1847 5447 2032 5501 Solent
2061 5445 2331 5513 (perduxit
2366 5462 2461 5497 ms.
2512 5444 2704 5511 solent)

393 5452 473 5505 sic
504 5452 773 5519 loquimur
844 5450 912 5483 ³⁵⁸
941 5450 1144 5503 (Iollam
1191 5466 1303 5502 cum
1333 5452 1504 5502 eodem
1561 5466 1657 5500 ma.

394 5520 590 5587 mingia
640 5538 736 5573 ms.
781 5522 1040 5590 Limingis
1114 5521 1180 5551 ³⁸³
1222 5519 1623 5575 Commovcrem
1670 5534 1767 5571 ms.
1806 5528 2198 5570 commonerem

394 5602 489 5643 vos
561 5590 628 5620 ⁸⁸⁸
660 5591 860 5645 Collum
889 5608 1000 5644 cum
1023 5590 1195 5643 eodem
1228 5606 1319 5642 ms.

2549 5375 2613 5405 ³⁸⁸
2648 5375 2865 5429 Scilicet
2902 5372 3165 5444 loquimur
3221 5388 3320 5425 ms.
3368 5372 3600 5444 S,__l‘.‘_llr.

2758 5446 2887 5497 liora
2918 5440 3053 5497 nona
3092 5444 3335 5509 perduxit
3408 5440 3476 5471 “3
3516 5440 3602 5491 Li.

2322 5513 2392 5544 ³⁵³
2443 5513 2507 5568 Ut
2563 5514 2648 5567 hic
2691 5530 2785 5566 ms.
2817 5528 2873 5567 ut
2896 5515 2973 5567 sic
3002 5513 3061 5542 ³⁵³
3096 5512 3199 5563 Sua
3234 5526 3330 5564 nos
3357 5527 3453 5563 ms.
3507 5525 3603 5562 sua
