4214 6194
554 122 582 181 ’1
598 119 700 177 139

1134 117 1187 175 s.
1223 118 1341 174 sas
1357 95 1515 188 atati
1550 113 1900 175 CANTUAB.
1932 109 2245 168 ARCHIEP.
2279 108 2427 165 ore.
2470 109 2648 166 rans
2670 68 2752 166 tu.
2779 142 2847 152 —
2876 112 3252 171 EPISTOL/E.

3671 116 3805 174 “60

558 244 616 288 et
648 235 758 287 ﬁlio
779 227 1119 293 charissima,
1152 244 1292 285 novo
1317 229 1522 287 Christi
1562 225 1720 285 militi
1748 227 2001 282 Renum—0
2030 224 2122 287 ³⁸³,
2156 230 2198 283 Α
2228 238 2348 277 cost
2392 222 2559 277 frater
2587 227 2867 280 Assuaus
2898 224 3069 278 dictus
3112 223 3277 279 abbas
3316 224 3630 289 Deceensis,
3664 228 3805 295 quod

555 336 654 392 per
681 328 1045 391 contemptum
1073 328 1412 375 terrenarum
1441 329 1498 377 et
1521 318 1778 375 falsarum
1812 315 2122 373 divitiarum

557 410 777 478 adipisci
805 408 1054 464 caelestes
1080 418 1138 464 et
1162 425 1320 466 veras
1348 410 1563 466 divitias
1585 410 1679 463 ⁸⁸⁸.

624 496 805 554 Gloria
851 501 905 553 in
935 502 1152 556 excelsis
1196 501 1330 567 Deo,
1381 501 1474 572 qui
1506 503 1560 556 in
1595 510 1734 554 terra
1771 498 1860 551 dat
1904 497 2128 552 homini-

555 589 649 643 bus
678 590 873 643 bonam
915 590 1248 645 voluntatem
1281 591 1430 659 (Luc.
1460 603 1527 654 ιι,
1559 589 1647 657 1-1)
1677 606 1693 641 :
1726 586 2123 654 cujus‘evcelsa

554 681 779 735 dextera
828 682 1124 737 secundum
1164 679 1491 736 desiderium
1537 694 1717 734 meum
1769 679 1998 732 mutavit
2029 693 2124 733 vo-

553 771 816 827 luntatem
855 773 1032 827 dilecti
1063 781 1117 825 et
1143 771 1431 826 desiderati
1455 768 1557 827 mei
1583 786 1615 825 a
1649 769 1888 824 vanitate
1912 768 2118 835 saeculi,

554 878 674 933 qua:
708 863 839 917 nulli
872 862 925 917 in
961 863 1065 916 ﬁne
1094 862 1332 931 prodest,
1361 870 1418 916 et
1448 861 1702 917 omnibus
1727 875 1787 915 se
1816 862 2122 916 amantibus

550 956 736 1019 obest;
782 955 846 1008 ad
886 955 1188 1017 veritatem,
1230 969 1352 1023 qua:
1398 954 1529 1008 nulli
1562 969 1800 1023 unquam
1846 955 2022 1019 obest,
2068 963 2122 1008 et

556 1044 804 1099 oninibus
839 1057 899 1096 se
943 1043 1309 1111 quaerentibus
1347 1042 1588 1112 prodest.
1629 1043 1875 1110 Breviter
1904 1042 1996 1096 tibi
2038 1042 2120 1097 lo-

550 1151 707 1200 quor,
753 1133 1063 1190 dulcissime
1111 1134 1257 1189 cordi
1308 1149 1446 1197 meo,
1491 1133 1701 1199 litteris,
1743 1148 1904 1202 quem
1960 1148 2120 1203 super

542 1242 737 1281 eomes
778 1227 1045 1290 homines,
1096 1233 1231 1278 teste
1269 1221 1621 1287 conscientia,
1675 1222 1881 1289 videte,
1926 1230 1983 1276 et
2031 1224 2123 1277 cui

547 1317 774 1372 multum
799 1316 945 1386 loqui
976 1305 1069 1369 ore
1090 1313 1157 1366 ad
1186 1327 1271 1377 os,
1293 1310 1578 1382 plusquam
1606 1310 1764 1366 alicui
1796 1312 1851 1366 in
1876 1321 2019 1367 terra
2040 1314 2120 1367 vi-

546 1408 719 1470 venti,
751 1407 1020 1461 desidero.
1066 1401 1200 1457 Novi
1240 1401 1384 1455 enim
1426 1401 1721 1472 malignam
1749 1402 1949 1459 diaboli
1983 1404 2121 1458 invi-

543 1498 712 1561 diam,
740 1495 863 1566 quia
888 1496 953 1549 de
985 1492 1233 1547 manibus
1258 1492 1391 1555 suis,
1415 1492 1528 1545 imo
1550 1491 1616 1545 de
1640 1505 1735 1546 ore
1755 1506 1856 1546 suo
1895 1501 1943 1546 te
1975 1493 2119 1547 fren-

2228 302 2422 366 dilccto
2450 313 2589 381 patri
2623 314 2793 369 ﬁdelis
2823 314 2982 368 filius.
3103 368 3105 371 .

2300 402 2355 457 Si
2386 404 2542 458 velim
2578 405 2818 478 scribere
2846 420 3006 473 quam
3041 418 3290 471 magnum
3318 413 3370 459 et
3399 421 3558 475 quam
3591 413 3805 475 gramm

2228 492 2299 546 sit
2329 493 2457 547 mihi
2484 496 2648 551 decus
2665 502 2719 546 et
2746 493 2972 548 dulcedo
2998 503 3187 548 vestrm
3215 493 3613 560 f.nniliaritatis,
3641 511 3803 571 quam

2226 595 2290 634 ex
2316 592 2490 639 vestra
2521 583 2874 652 promissione
2905 600 2992 639 me
3025 587 3233 640 conlido
3253 587 3480 640 habere:
3514 599 3808 656 quantum-

2225 685 2330 738 que
2373 685 2490 724 eam
2515 712 2527 731 .
2568 672 2665 726 etsi
2699 687 2802 725 non
2845 675 3016 727 tnerui
3055 676 3329 745 accipere,
3377 677 3676 732 desiderem
3722 678 3805 734 vel

2225 760 2367 814 ﬁdeli
2400 762 2674 816 voluntate
2696 803 2711 827 ,
2745 762 2788 815 si
2822 764 2976 815 aliter
3005 780 3211 832 nequeo
3244 768 3470 831 mereri,
3505 783 3609 823 non
3641 771 3804 824 amit-

2225 859 2372 918 tere;
2409 853 2630 923 forsitan
2661 863 2753 907 aut
2786 854 3209 909 sublrahcndmn
3242 858 3343 911 erit
3372 858 3603 926 aliquid,
3635 868 3695 912 ut
3723 841 3807 914 vi-

2224 939 2392 994 debor
2422 944 2632 996 veritati
2662 943 3037 1011 superaddere.
3069 943 3172 1003 Sed
3197 947 3341 1013 quod
3362 946 3412 999 in
3442 947 3662 1016 epistola
3690 947 3804 1018 (25)

2224 1029 2293 1061 ³⁸³
2330 1047 2435 1085 non
2473 1033 2645 1095 adeo
2683 1030 3007 1086 sullicienter
3043 1036 3423 1103 commendare
3448 1076 3461 1096 ,
3514 1037 3565 1088 in
3605 1038 3808 1094 scrinio
3896 1018 3904 1025 ⁸

2224 1122 2401 1177 cordis
2428 1125 2648 1189 curabo,
2676 1123 2785 1178 Deo
2811 1130 2989 1189 dante,
3020 1124 3250 1179 ﬁdeliter
3277 1138 3511 1179 servare.
3537 1124 3643 1179 Per
3662 1143 3803 1196 pra:-
3834 1194 3845 1203 η

2222 1211 2453 1265 sentiunt
2477 1212 2673 1267 latores
2698 1214 2915 1278 fratres,
2939 1215 3209 1269 sanctitati
3232 1224 3442 1280 vestrae,
3467 1225 3525 1268 ιιι
3543 1218 3770 1287 cognovi
3786 1260 3831 1286 ,.,

2221 1301 2508 1357 dilectores
2536 1303 2841 1358 celsitudiui
2872 1316 3063 1359 vestra:
3092 1306 3158 1359 de
3185 1306 3400 1369 scriptis
3426 1308 3623 1363 nostris
3648 1310 3806 1364 mitto

2222 1394 2365 1460 quod
2390 1391 2646 1461 jussistis.
2683 1394 2739 1449 lu
2772 1409 2875 1465 qua
2905 1409 2961 1448 re
2990 1410 3095 1448 non
3136 1403 3243 1447 tam
3279 1396 3508 1463 alicujus
3540 1412 3627 1451 me
3654 1399 3805 1455 utili-

2227 1485 2345 1548 tati,
2371 1500 2531 1553 quam
2566 1494 2758 1540 vestra:
2785 1486 2898 1539 scio
2925 1486 3127 1539 servire
3154 1486 3432 1539 voluntati.
3467 1485 3806 1557 Quapropter

544 1588 680 1640 deus
704 1583 1198 1641 tabescitevadere.
1232 1580 1386 1637 Unde
1408 1588 1594 1635 certus
1618 1595 1735 1635 sum
1758 1580 1883 1650 quia
1908 1590 1958 1635 te
1982 1582 2120 1636 mul-
2148 1569 2193 1625 B
2222 1574 2265 1628 si
2316 1576 2367 1628 in
2414 1575 2498 1628 illa
2542 1577 2765 1645 legendo
2805 1592 2900 1630 vos
2951 1576 3147 1630 frustra
3198 1587 3407 1645 tempus
3454 1576 3805 1647 insumpsisse

552 1677 623 1730 tis
672 1676 870 1741 modis,
934 1674 1167 1738 scilicet,
1220 1680 1315 1726 aut
1355 1672 1622 1751 gravitate
1673 1671 1950 1726 servitutis
2001 1672 2118 1738 Dei,

541 1781 704 1836 quam
758 1765 1002 1833 elegisti,
1049 1773 1146 1818 aut
1192 1762 1547 1817 delectatione
1592 1762 1862 1816 serviendi
1913 1762 1990 1815 illi
2024 1776 2122 1831 per

543 1870 782 1909 amorem
827 1853 1030 1917 seculi,
1058 1868 1221 1921 quem
1276 1850 1545 1920 reliquisti
1591 1850 1687 1914 ³⁸⁸,
1717 1851 1949 1904 tentabit
1975 1851 2123 1904 deci-

542 1961 691 2015 pere.
719 1938 920 2011 Quare,
949 1946 1203 2013 quoniam
1236 1957 1393 2011 spero
1424 1955 1519 2010 per
1548 1940 1641 1994 Dei
1671 1941 1900 2009 gratiam
1930 1950 2117 1994 contra

543 2051 731 2089 ornues
766 2034 925 2105 345
961 2032 1078 2099 ejus
1111 2031 1374 2093 astutias,
1405 2028 1659 2096 quoniam
1698 2028 1752 2081 in
1792 2027 2027 2082 falsitate
2065 2036 2118 2081 et

543 2123 907 2176 imbecillitate
933 2130 1077 2185 sunt,
1108 2122 1150 2174 si
1175 2130 1324 2173 certa
1352 2133 1474 2187 spes
1502 2119 1553 2172 in
1573 2117 1680 2172 Deo
1707 2133 1812 2171 non
1842 2117 2003 2183 absit,
2035 2134 2118 2171 me

541 2210 637 2262 tibi
670 2226 827 2278 posse
857 2211 1141 2265 consulere
1168 2228 1183 2263 :
1217 2219 1273 2263 et
1303 2226 1399 2279 pro
1428 2218 1580 2263 certo
1608 2208 1723 2262 scio
1752 2206 1954 2261 nullum
1985 2210 2117 2262 cor.-

536 2300 717 2355 silium
755 2302 820 2354 ad
851 2316 1088 2368 praesens
1123 2299 1392 2354 desilerio
1424 2310 1513 2354 tuo
1546 2299 1716 2367 magis
1744 2302 1906 2366 quam
1938 2313 2114 2353 meum

540 2390 783 2446 antiit-ere
809 2391 901 2453 ³⁸⁸,
931 2406 1034 2444 ιιοιι
1065 2389 1285 2444 habebit
1314 2384 1491 2442 anima
1524 2404 1642 2443 mea
1669 2388 1906 2458 requiem
1932 2405 1983 2443 Ill
2009 2405 2114 2449 me.

547 2476 718 2532 donec
748 2479 814 2508 ³⁸⁷
846 2479 1093 2532 videatur
1118 2477 1258 2532 oeuli
1291 2480 1394 2553 mei
1428 2477 1787 2532 desideratum
1819 2493 1998 2533 meum
2019 2519 2033 2543 ,
2065 2490 2120 2533 et

540 2568 846 2637 alloquatur
872 2585 934 2623 os
965 2585 1141 2623 meum
1170 2561 1579 2623 dilectissimum
1610 2570 1779 2623 lilium
1817 2586 2023 2635 meum,
2065 2580 2121 2624 et

536 2658 770 2715 instruat
790 2674 883 2712 cor
907 2674 1083 2712 memn
1107 2667 1295 2712 contra
1322 2658 1515 2711 diaboli
1533 2659 1714 2725 jacula
1746 2674 1941 2711 novum
1968 2648 2118 2713 com-

536 2750 835 2805 militonem
882 2749 950 2781 ⁸⁵⁸
991 2766 1192 2804 meum.
1239 2749 1440 2803 l‘recor
1485 2749 2118 2818 igiturpmnipotentem

537 2839 707 2896 Deum
738 2841 827 2909 qui
854 2843 925 2893 'le
954 2841 1022 2894 ab
1051 2856 1238 2894 amore
1276 2840 1549 2894 smcularis
1576 2839 1834 2893 vanitatis
1863 2855 2116 2910 segrega-

536 2930 640 2993 vit,
674 2940 726 2984 et
755 2931 1151 2984 sanctissimam
1185 2940 1415 2985 matrem
1444 2930 1561 2999 ejus
1592 2946 1711 2999 qua:
1743 2940 1795 2984 te
1829 2930 1895 2984 ad
1939 2946 1998 2986 se
2029 2932 2115 2985 fu-

533 3020 768 3093 gientem
796 3020 897 3075 sub
922 3036 1016 3074 sua
1047 3022 1209 3075 tutela
1248 3022 1518 3089 suscepit,
1550 3031 1607 3073 ut
1639 3031 1690 3075 te
1721 3023 1789 3075 ab
1819 3023 2113 3092 onmi‘per-

537 3111 844 3166 turbatione
880 3112 1074 3180 incepti
1112 3112 1367 3180 propositi
1402 3112 1733 3181 custodiant.
1766 3111 1951 3179 Teque
1988 3128 2118 3181 rogo

537 3217 635 3272 per
664 3202 810 3256 illum
845 3203 997 3270 cujus
1028 3203 1198 3270 gratia
1239 3192 1537 3271 inspirante
1578 3202 1682 3256 hoc
1711 3204 1976 3271 inempisti
2004 3244 2019 3268 ,
2051 3220 2119 3258 ne

539 3300 593 3344 te
622 3298 863 3344 terreant
896 3290 1013 3343 ullae
1044 3291 1251 3344 insidia:
1275 3289 1356 3344 vel
1386 3292 1755 3360 suggestiones
1784 3292 2009 3345 inimici.
2038 3292 2116 3346 Ad

537 3381 643 3437 hoc
671 3382 813 3436 enim
846 3382 985 3434 idem
1017 3380 1268 3435 inimicus
1302 3392 1355 3434 te
1392 3382 1680 3436 molestare
1716 3384 1927 3448 nititur,
1960 3393 2019 3436 ut
2048 3383 2116 3437 de

539 3480 593 3524 te
619 3471 761 3523 victo
787 3460 1048 3537 gaudeat;
1081 3470 1173 3522 sed
1206 3470 1344 3523 Deus
1384 3471 1451 3522 ad
1484 3469 1584 3523 hoc
1620 3470 1694 3522 illi
1734 3472 2028 3539 permittit,
2058 3481 2116 3525 ut

537 3562 739 3614 habeas
773 3559 841 3590 ³⁵⁹
870 3560 1011 3611 unde
1042 3560 1133 3613 tihi
1166 3559 1401 3615 victoria:
1439 3570 1693 3614 Coronam
1725 3562 1837 3630 ipse
1871 3563 2110 3616 tribuat:

542 3649 707 3703 Nemo
742 3651 876 3703 enim
909 3651 1263 3712 coronabitur,
1310 3650 1523 3705 dicente
1554 3652 1837 3719 Apostolo,
1888 3654 1988 3705 nisi
2025 3655 2113 3722 qui

538 3740 762 3809 legitime
783 3740 1049 3791 certaverit
1076 3738 1157 3806 (11
1187 3738 1323 3790 Tim.
1354 3754 1414 3802 tt,
1438 3739 1517 3808 5).
1544 3739 1807 3807 Exstiecta
1836 3742 1998 3809 igitur
2022 3745 2118 3819 do:

544 3845 643 3883 nec
670 3831 913 3894 veniam;
943 3831 1088 3898 quia,
1116 3830 1222 3882 Deo
1245 3830 1427 3894 dante,
1457 3830 1877 3882 t‘OItsolatitmem
1904 3832 1972 3862 ³⁸⁸
2002 3848 2118 3884 om-

541 3922 690 3975 nium
718 3936 835 3989 quae
863 3921 955 3974 tibi
980 3937 1119 3973 mmc
1149 3919 1371 3972 molesta
1400 3929 1525 3972 sunt
1548 3920 1829 3988 suscipics.
1863 3920 2119 3976 Dominus

541 4011 806 4065 custodiat
840 4020 888 4063 te
914 4014 980 4063 ab
1012 4009 1156 4061 oumi
1190 4007 1348 4059 Inalo.
1384 4006 1573 4060 Amen.

1053 4108 1387 4173 El‘lSTOlA‘
1419 4117 1489 4171 XI
1527 4119 1613 4173 ³⁶¹.

1141 4248 1207 4286 Αἰ)
1244 4247 1511 4286 1111003811.

543 4327 621 4383 De
644 4326 950 4396 quibusdam
984 4322 1209 4396 Anselmi
1238 4321 1496 4396 opusculis
1527 4320 1589 4396 ab
1617 4320 2001 4396 archiepiscopo
2032 4338 2112 4373 rc-

544 4405 549 4409 ·
609 4389 833 4466 quisitis.
874 4393 938 4444 1ιί
977 4394 1114 4466 quod
1155 4406 1336 4443 nomen
1374 4390 1572 4466 abbatis
1612 4390 1665 4440 in
1709 4389 1861 4466 titulo
1900 4406 2109 4466 operum

610 4457 824 4519 auorum
856 4457 1137 4530 prie/ixmil
1163 4472 1215 4512 ιιι
1248 4459 1699 4525 ιῑνιιιιιεοωιὶοιιειιι
1726 4457 2037 4512 excluderet.
2063 4522 2067 4526 _

527 4591 542 4608 .
615 4556 821 4609 Domno
843 4563 898 4607 et
928 4552 1069 4604 l’atri
1101 4566 1219 4603 cum
1246 4550 1531 4603 dilectione
1562 4549 1881 4614 reverendo,
1911 4559 1964 4602 et
1988 4566 2107 4603 eum

545 4647 840 4705 reverentia
880 4643 1146 4711 diligendo
1187 4638 1527 4709 Lugdunensi
1566 4638 1965 4708 archiepiscopo
2005 4640 2110 4694 llu-

2220 1664 2570 1734 pmnituerit,
2615 1667 2738 1734 quia
2777 1667 2920 1735 quod
2967 1668 3167 1734 putatis
3210 1683 3317 1723 non
3364 1668 3649 1724 invenietis
3691 1668 3801 1727 ⁸⁸³.

2221 1770 2325 1808 non
2354 1756 2607 1820 mittenti,
2635 1758 2727 1821 seti
2755 1756 2989 1825 exigenti
3017 1757 3282 1826 imputare
3303 1758 3527 1821 debetis.
3555 1758 3629 1813 De
3650 1774 3802 1827 qum-

2221 1845 2486 1900 stionibus
2517 1862 2640 1901 vero
2669 1846 2735 1900 de
2767 1847 2961 1916 quibus
2991 1861 3077 1901 me
3117 1846 3252 1901 velle
3290 1847 3531 1909 scribere
3572 1850 3803 1915 disi,‘et

2222 1940 2523 1994 reverentia
2555 1950 2731 1991 vestra
2763 1954 2848 1991 me
2878 1934 3108 2002 monuit,
3146 1938 3189 1991 si
3227 1937 3295 1969 '“
3322 1939 3509 1995 dixero
3538 1950 3800 2009 quantum

2220 2026 2425 2083 dictare
2455 2029 2716 2096 itnpediar
2752 2027 2819 2057 ³⁸⁵
2841 2068 2857 2092 ,
2888 2026 2956 2080 ab
2999 2026 3137 2091 ullo,
3179 2028 3269 2096 qui
3306 2044 3479 2082 meam
3510 2045 3615 2085 non
3652 2033 3802 2087 novit

2219 2120 2706 2181 conversatimtem,
2735 2117 2880 2171 credi
2914 2131 3016 2170 non
3046 2117 3244 2184 poterit
3272 2117 3362 2170 ³⁸⁸.
3398 2117 3454 2172 Si
3478 2121 3693 2186 quando
3718 2130 3805 2174 la-

2219 2225 2341 2263 men
2382 2209 2505 2262 inde
2541 2209 2671 2262 mihi
2714 2223 2808 2277 per
2848 2207 2939 2273 Dei
2976 2208 3206 2276 gratiam
3246 2208 3387 2276 quod
3430 2212 3550 2264 volo
3589 2209 3800 2267 eﬂicerc

2217 2296 2420 2362 licebit,
2455 2307 2669 2361 vestrm,
2694 2299 2737 2351 si
2765 2307 2972 2365 potero,
2999 2296 3294 2364 prudentiae
3314 2308 3498 2352 notum
3520 2301 3643 2355 erit.
3669 2300 3802 2365 Fra,

2220 2399 2330 2443 tres
2364 2390 2603 2459 przcdicti
2644 2390 3064 2460 lacrymabilitcr
3100 2393 3166 2444 de
3202 2393 3443 2446 interiori
3486 2394 3797 2447 monasterii

2219 2480 2300 2534 sui
2334 2492 2725 2548 conquerentes
2750 2482 3146 2543 destructione.
3186 2497 3284 2551 pro
3318 2496 3402 2535 me
3442 2482 3800 2536 obsecrarunt

2220 2571 2412 2626 affectu
2446 2581 2503 2625 ut
2542 2573 2742 2625 nostris
2779 2574 3025 2640 precibus
3059 2574 3263 2640 paterni
3299 2573 3460 2627 vestri
3493 2572 3710 2627 consilii
3740 2574 3798 2628 in

2221 2662 2566 2725 tribulatione
2595 2678 2688 2716 sua
2723 2663 3024 2717 releventur
3053 2665 3418 2719 consolatione
3447 2681 3460 2715 :
3493 2663 3586 2718 sed
3606 2705 3621 2727 ,
3657 2665 3799 2720 sicut

2220 2740 2405 2811 nostro
2442 2756 2667 2811 consilio
2710 2773 2835 2809 non.
2862 2767 2981 2825 eget
3021 2766 3197 2811 vestra
3242 2756 3537 2827 sapientia,
3577 2757 3649 2812 ita
3696 2773 3800 2814 nec

2220 2845 2470 2915 precibus
2501 2846 2895 2900 benevolentia.
2949 2848 3004 2899 Si
3071 2856 3247 2901 tamen
3299 2850 3473 2916 placet
3521 2863 3579 2901 ut
3617 2850 3795 2903 dicam

2219 2937 2347 3006 quid
2373 2936 2475 2990 illis
2502 2935 2567 2988 ad
2595 2951 2825 3004 prin-scus
2855 2937 3125 3003 ettpetlire,
3166 2939 3335 2995 donec
3367 2941 3666 2994 visitatiouc
3705 2955 3801 2993 sn-

2217 3043 2399 3099 pernae
2421 3028 2603 3097 gratia:
2632 3027 2892 3079 ineorum
2915 3027 3140 3081 ecclesia
3171 3044 3266 3095 per
3294 3030 3555 3099 regularis
3585 3031 3802 3086 abbatis

2218 3120 2559 3188 prmsentiatn
2586 3117 2899 3169 monachica
2929 3127 3104 3179 restau
3116 3128 3261 3171 retur
3293 3119 3498 3187 religio,
3523 3120 3753 3174 sentiam
3776 3158 3796 3185 ,

2217 3206 2426 3259 restituo
2465 3204 2589 3271 quia
2630 3202 2819 3256 melius
2862 3213 2946 3257 est
2992 3215 3049 3258 ut
3088 3216 3263 3259 vestra
3314 3207 3526 3260 licentia
3577 3208 3797 3263 interim

2219 3296 2438 3360 eligant,
2474 3296 2561 3348 ubi
2593 3294 2883 3348 secundum
2916 3287 3248 3363 propositum
3281 3312 3436 3350 suum
3479 3298 3657 3353 vivant
3687 3301 3803 3355 uti-—

2219 3388 2358 3452 liter,
2390 3401 2550 3454 quam
2583 3396 2640 3438 ιιι
2679 3386 2749 3439 ibi
2786 3396 3048 3454 cogantur
3076 3402 3321 3451 manere,
3352 3389 3461 3451 ubi,
3501 3389 3799 3459 indigentia

2217 3476 2480 3529 bonorum
2511 3475 2752 3542 corporis
2774 3484 2827 3528 et
2854 3476 3047 3528 animm
3078 3477 3258 3531 tristes
3286 3479 3466 3530 vivant
3492 3479 3754 3536 ἰιιιιιὶιειθι·
3776 3520 3796 3544 ,

2216 3574 2307 3619 aut
2329 3565 2515 3619 eadem
2542 3564 2834 3632 indigentia
2860 3564 3268 3619 intolerabiliter
3286 3568 3490 3635 graVati
3514 3566 3799 3623 discedant

2218 3656 2606 3710 inobedienter.
2637 3657 2785 3718 Quod
2817 3656 2867 3707 in
2898 3655 3051 3709 titulo
3072 3656 3454 3725 opusculorum
3487 3667 3794 3713 nostrorum

2218 3745 2421 3799 nomini
2454 3753 2637 3797 nostro
2666 3744 2841 3798 addidi
2880 3760 3072 3799 nomen
3110 3747 3351 3810 abbatis,
3393 3765 3497 3802 oon
3538 3749 3655 3801 ideo
3687 3750 3793 3804 feci

2220 3845 2277 3889 ut
2305 3850 2587 3906 personam
2616 3842 2970 3887 monstrarem
3005 3838 3399 3891 honoratiorem
3425 3877 3439 3902 ,
3469 3838 3561 3891 sed
3599 3849 3654 3891 ut
3688 3852 3791 3893 no-

2219 3926 2380 3979 minis
2408 3925 2743 3979 excluderem
2772 3928 3268 3993 aequivocationem.

2710 4037 3037 4091 EPISTULA
3080 4038 3167 4092 ΧΗ
3206 4040 3294 4092 ³⁸⁵⁷.

2772 4144 2838 4180 A0
2878 4143 3230 4184 IIELINANDUI.

2141 4209 2190 4268 D
2226 4215 2486 4270 Hortatur
2514 4228 2565 4268 ut
2602 4229 2882 4284 peram-cret
2918 4231 2963 4270 et
2998 4220 3193 4270 diaboli
3223 4222 3381 4273 variis
3420 4222 3793 4279 tentationibus

2500 4303 2629 4355 quas
2663 4287 2927 4351 describit,
2958 4298 3253 4341 constanter
3281 4292 3503 4343 resistat.

2292 4371 2490 4426 Servus
2516 4388 2791 4427 servorum
2819 4374 2911 4426 Dei
2940 4375 2991 4425 in
3018 4374 3266 4427 Bl'CCClISl
3294 4378 3616 4431 monasterio
3637 4395 3794 4433 com-

2218 4464 2547 4515 maneutium
2568 4503 2582 4523 ,
2619 4464 2782 4516 frater
2817 4466 3097 4517 ANSELMUS
3128 4464 3275 4517 fratri
3305 4466 3528 4530 dilecto,
3560 4466 3667 4519 ﬁlio
3692 4470 3789 4522 de—

2215 4553 2451 4606 siderato
2481 4553 2809 4614 llsmassno,
2844 4553 2979 4605 bene
3005 4553 3228 4619 inceptm
3257 4553 3483 4607 feliciter
3507 4557 3787 4621 perlicere.

2288 4643 2609 4697 Benedictus
2638 4642 2774 4695 Dens
2793 4684 2808 4707 ,
2839 4658 2866 4694 a
2900 4658 3004 4709 quo
3028 4658 3179 4696 omne
3204 4644 3384 4697 datum
3417 4644 3484 4679 ³³⁸
3513 4647 3787 4717 Optimum,

1822 4728 2055 4783 VARI/IS
2097 4732 2495 4787 LECTIONES.

620 4832 688 4861 ³⁵³
712 4827 989 4895 Βιιιιοιιιιιο
1017 4843 1113 4877 ms.
1141 4824 1419 4892 Rodulpho
1491 4822 1560 4853 ""
1590 4821 1851 4895 Gmlestes
1873 4822 2087 4895 divitias
2124 4842 2199 4876 ms
2225 4825 2472 4878 cmlesles
2492 4834 2543 4877 et
2565 4840 2721 4877 veras
2773 4824 2986 4878 divitias
3061 4825 3132 4855 ³⁸⁸
3160 4824 3327 4889 Quam
3358 4824 3642 4895 reliquisti
3682 4843 3787 4884 ms.

510 4932 511 4935 η
544 4916 705 4971 quem
734 4892 988 4964 reliquisti
1064 4896 1131 4925 ³⁸⁶
1156 4895 1437 4947 Sullieerct
1465 4892 1834 4971 mszAsnllic‘ere
1907 4892 1973 4920 ³⁵⁷
2004 4892 2260 4971 lieqttiem
2295 4896 2593 4971 ιίοιιοεηιιιιςἶ
2623 4897 2855 4971 requiem
2883 4897 2935 4971 in
2959 4911 3041 4971 me
3065 4896 3234 4948 dtmec

548 4960 671 5025 tiem
701 4987 797 5020 ins.
834 4960 1248 5019 eononilitonem
1284 4979 1454 5016 metnn
1531 4962 1596 4992 ³⁵³
1629 4960 1696 5013 Ut
1724 4961 1919 5014 habeat
1940 4977 2037 5013 ms.
2070 4973 2126 5014 ut
2149 4964 2346 5017 habeas

549 5038 968 5094 consolationem
1043 5037 1108 5075 "1‘
1141 5034 1343 5086 Collum
1373 5049 1487 5084 cum
1508 5032 1693 5083 eodem
1723 5047 1817 5082 nts.

551 5112 674 5161 tatis
706 5097 985 5159 invenietis
1010 5122 1107 5157 ms.
1138 5104 1275 5171 quod
1305 5105 1504 5171 putatis
1534 5116 1636 5153 non
1666 5100 1949 5171 invenietis

552 5178 623 5210 ³⁸⁸
649 5178 759 5229 Non
792 5186 965 5245 potest
984 5190 1081 5227 ms.
1112 5191 1216 5228 ιιοιι
1244 5173 1439 5241 poterit

552 5246 621 5278 ³⁸⁸
644 5240 810 5300 Omne
834 5248 1029 5301 bouum
1056 5240 1357 5300 dalumimr.
1380 5252 1426 5297 et
1461 5240 1601 5293 Edit.
1630 5255 1788 5294 omne
1814 5240 1997 5293 datum

1895 5030 1964 5101 Ψ
1999 5030 2101 5101 Sed
2131 5032 2191 5101 in,
2210 5033 2433 5100 epistola
2467 5052 2563 5087 ms.
2589 5035 2679 5086 sed
2713 5040 2851 5100 quod
2882 5036 2933 5086 in
2960 5033 3181 5101 cpistola

2046 5100 2117 5130 ³⁸³
2146 5100 2227 5153 Me
2251 5103 2293 5154 si
2319 5120 2415 5155 ms.
2448 5120 2532 5157 me
2563 5106 2783 5160 monuit.
2817 5105 2862 5157 si

1582 5169 1877 5222 “’Collata
1930 5186 2046 5222 cum
2079 5170 2257 5223 eodem
2304 5188 2402 5226 ms.
2434 5184 2481 5227 et
2527 5191 2645 5227 cum
2697 5173 2880 5227 Editlt.
2918 5172 3070 5227 Galli.
3123 5169 3373 5227 cthlan.
3439 5169 3589 5225 anni
3621 5174 3787 5229 1573.

3351 4894 3421 4924 ³⁵³
3452 4896 3790 4953 (ὀιιιιιιιΙιτο-

2457 4964 2522 4994 ³⁶⁰
2560 4965 2691 5029 Quia
2724 4965 3143 5017 ctmsolationem
3176 4979 3271 5016 ms.
3308 4964 3430 5027 quia
3473 4965 3580 5016 Deo
3621 4969 3789 5022 dante

2467 5052 2563 5084 ms.
2589 5035 2679 5084 sed
2713 5040 2851 5084 ιιιιοιι
2882 5036 2933 5084 in
2960 5033 3181 5084 epistola
3282 5033 3347 5062 ³⁸³⁷
3376 5036 3528 5084 Quod
3557 5050 3659 5084 non
3687 5052 3789 5084 ιιιι-

3426 5050 3528 5087 11011
3557 5050 3659 5085 11011
3687 5052 3789 5088 1111·-

2981 5038 3181 5101 :pistola
3282 5038 3347 5062 ³⁸³⁷
3376 5038 3528 5098 Quod
3557 5050 3659 5085 non
3687 5052 3787 5102 pn—

2981 5104 3049 5133 ³⁶⁶
3078 5103 3331 5182 Impediat
3354 5120 3451 5155 ms.
3500 5104 3787 5182 impediar.

1742 5347 2020 5407 JOANNIS
2058 5351 2328 5409 PlCAliDl
2361 5354 2593 5411 ΝΟΤᾸΕ.

627 5452 738 5521 (25)
787 5450 848 5502 V.
890 5448 1055 5517 Epist.
1095 5451 1182 5517 17,
1220 5447 1380 5515 infra.
