4214 6192
632 295 774 348 illi?)

1204 295 1255 345 S.
1295 290 1593 345 Al‘iSI'lLMl
1628 290 1973 360 CANILAIL
2018 287 2196 342 AllCll

2286 291 2327 340 ξ’.
2362 289 2510 342 ore.
2543 267 2908 343 rans’ut—
2939 288 3313 343 EPISTOLzE.

3712 291 3839 343 1164

629 404 776 467 visti,
798 404 912 471 ipso
937 401 1236 467 adjuvante,
1267 401 1532 467 perficias.
1557 401 1705 464 Vale,
1728 403 2025 455 desiderate
2049 400 2192 451 cordi
2226 401 2266 453 Α
2297 400 2444 451 sibus
2465 397 2572 466 (ἐϋ)
2591 400 2726 466 apud
2743 400 3126 452 Conflueutiuut
3145 399 3600 452 commaucntibus
3616 398 3848 456 salutem.

543 527 553 537 .
627 508 772 555 meo,
798 503 850 545 et
879 491 1064 542 festina
1093 490 1406 544 satisfacere
1434 492 1499 546 dc
1528 502 1576 545 te
1604 492 1864 545 desiderio
1889 505 2025 550 meo,
2055 490 2195 556 quod

631 583 832 636 utinam
869 581 1042 635 facere
1072 581 1278 649 placeat
1317 584 1670 652 omnipotenti
1709 583 1832 635 Deo!
1867 582 2058 633 Anien.

1105 672 1437 727 EPISTULA
1478 675 1517 726 Χ
1531 675 1586 725 Ill
1629 673 1714 725 ³⁷³.

1183 778 1248 814 AD
1290 776 1651 814 LANFRANCUM.

630 871 710 923 Αιι
746 886 858 922 eum
902 870 1056 921 mittit
1090 866 1426 921 Cistebertnm
1449 907 1460 928 ,
1503 885 1650 935 quem
1686 876 1737 918 ut
1775 867 1908 918 brevi
1942 867 2197 929 remittat,

1281 948 1539 1004 precatur.

701 1030 930 1082 Domino
981 1039 1036 1082 et
1088 1028 1230 1081 Patri
1280 1028 1571 1080 reverendo
1619 1026 2020 1094 archiepiscopo
2069 1025 2203 1078 Las-

627 1133 829 1173 rnnco
860 1118 1024 1171 frater
1051 1119 1330 1170 Assemus
1356 1132 1542 1169 servus
1579 1131 1855 1169 servorum
1888 1117 1976 1168 Dei
2003 1156 2016 1178 ,
2049 1116 2200 1168 Becci

628 1208 1080 1260 conunanmitiuut
1099 1246 1111 1262 ,
1145 1222 1263 1258 cum
1291 1206 1494 1258 eisdem
1522 1206 1753 1258 dominis
1775 1208 1914 1266 suis,
1939 1205 2077 1271 quod
2109 1207 2204 1255 do-

631 1297 774 1347 miuo
810 1299 892 1347 litlt
913 1294 990 1347 les
1019 1296 1189 1355 servi,
1224 1295 1364 1363 quod
1403 1294 1696 1348 revct'endo
1726 1293 1864 1361 patri
1896 1305 2204 1347 reverentes

628 1385 740 1437 lilii.

698 1476 772 1528 De
809 1477 1004 1530 domno
1034 1474 1354 1537 Gisleherto,
1393 1481 1450 1526 ut
1479 1487 1600 1526 eum
1635 1473 1787 1527 vobis
1827 1473 2162 1527 mitteremus
2186 1514 2200 1537 ,

627 1571 822 1617 vestra:
865 1563 1224 1617 satisfeeimus
1258 1561 1485 1629 jussioni
1532 1580 1543 1614 :
1582 1561 1723 1629 quod
1772 1573 1950 1614 autem
2001 1563 2204 1616 tardius

626 1667 786 1721 quam
810 1651 1069 1718 iussistis,
1093 1665 1276 1705 verum
1302 1659 1383 1704 est
1410 1651 1550 1718 quod
1576 1667 1679 1704 non
1705 1660 1787 1705 est
1810 1650 2008 1705 factum
2037 1651 2205 1720 negli-

2371 488 2562 540 Mittite
2614 499 2822 542 nostras
2880 489 3083 541 litteras
3141 488 3424 540 Benedicto
3479 489 3736 541 monacho
3787 493 3849 544 de

2301 576 2358 630 S.
2395 577 2550 630 Petro
2574 592 2734 644 supra
2771 579 2951 629 Divam
2974 619 2986 639 ,
3019 577 3107 645 qui
3139 585 3354 645 propter
3382 577 3593 630 schol-Eis
3623 584 3852 632 moratur

2297 670 2439 734 apud
2465 668 2746 729 Parisiutu,
2784 677 2836 719 et
2862 679 3213 720 conversatur
3239 668 3287 719 iu
3318 669 3639 724 monasterio
3662 667 3715 721 S.
3751 669 3852 720 Ma-

2304 757 2474 825 glorii.
2503 756 2693 809 Mando
2717 756 2856 811 enim
2890 757 2960 808 illi
2986 767 3030 809 ei
3062 757 3282 809 c0usulo
3309 766 3363 808 ttt
3387 757 3448 807 ad
3478 760 3852 811 monasterium

2304 863 2454 900 suum
2501 850 2717 905 redeat,
2761 863 2787 899 a
2835 861 2938 914 quo
2970 857 3152 899 contra
3190 849 3510 899 voluntatem
3555 848 3620 878 ³⁸³
3659 850 3858 902 abbatis

2304 925 2398 989 sui
2419 941 2588 990 abest.
2633 938 2882 991 Promisit
2913 937 3054 988 enim
3094 939 3228 988 idem
3259 938 3422 990 abbas
3460 939 3573 1006 ejus
3609 937 3764 1000 mihi,
3801 954 3857 991 se

2307 1026 2379 1076 illi
2415 1026 2832 1078 miscricordiam
2867 1034 2919 1076 et
2965 1025 3420 1077 tuauSnettnlinetn
3456 1043 3549 1093 pro
3581 1027 3648 1057 ³⁸³
3686 1037 3860 1080 nostro

2306 1128 2510 1173 amore,
2542 1114 2584 1175 si
2618 1113 2862 1173 redierit,
2891 1111 3271 1164 exliihitnrum.
3307 1111 3458 1175 Quod
3489 1113 3531 1164 si
3576 1113 3749 1166 facere
3774 1129 3865 1166 vo-

2305 1201 2484 1264 luerit,
2512 1202 2728 1254 omnino
2757 1203 2924 1266 illum,
2953 1202 3088 1254 sicut
3118 1193 3434 1254 monaChum
3463 1204 3527 1255 de
3553 1217 3866 1257 nostromo-

2305 1291 2543 1344 nastcrio
2595 1291 2909 1344 charitativa
2963 1290 3316 1343 sollicitudine
3372 1291 3598 1359 benigne
3642 1292 3863 1358 iuvate;

2305 1394 2568 1449 quatenus
2599 1394 2689 1435 aut
2719 1396 2857 1449 equo
2895 1376 3062 1449 usque
3090 1383 3156 1434 ad
3188 1391 3428 1434 nostrum
3468 1386 3865 1443 monasterium,

2308 1483 2396 1526 aut
2428 1472 2548 1525 navi
2574 1487 2740 1538 usque
2765 1471 3102 1524 Fraisuosam
3129 1472 3307 1523 venire
3337 1472 3517 1538 possit.
3551 1472 3699 1535 Quod
3728 1471 3871 1524 dom-

2308 1579 2405 1614 nus
2434 1561 2692 1614 Rodulfus
2724 1561 2996 1613 mandavit
3026 1560 3174 1612 vobis
3200 1561 3263 1610 de
3287 1575 3422 1628 t-quo
3449 1561 3644 1624 suo‘,”et
3671 1561 3737 1613 dc
3766 1576 3872 1612 mo-

2310 1653 2482 1704 nacho
2509 1649 2852 1706 S.'Germaui
2893 1649 3050 1702 facite
3079 1666 3091 1700 :
3123 1649 3212 1700 sed
3257 1649 3415 1700 hoea
3449 1663 3533 1700 nte
3566 1649 3870 1701 mandatum

628 1744 836 1811 gentia;
875 1744 965 1794 sed
1001 1742 1069 1794 ob
1112 1740 1302 1802 multa,
1354 1755 1471 1808 quae
1506 1756 1648 1794 nunc
1691 1757 1945 1794 enarrare
1988 1742 2200 1809 longum
2235 1734 2281 1791 B
2311 1757 2430 1795 esse
2460 1741 2639 1794 dicere
2667 1739 2849 1803 nolite,
2881 1739 2972 1792 sed
3011 1755 3039 1790 a
3075 1738 3268 1790 domno
3300 1735 3546 1790 liodulfo.
3586 1735 3794 1800 Valete,
3823 1750 3876 1790 et

629 1842 733 1892 est,
767 1830 1161 1897 impedimenta.
1196 1828 1300 1882 Sed
1331 1829 1524 1899 scitote
1555 1831 1676 1897 quia
1707 1833 1748 1883 si
1779 1831 1899 1898 quis
1929 1831 2114 1884 fecerit
2145 1839 2204 1882 ut

622 1935 738 1989 'lpSC
777 1921 827 1971 iu
873 1919 1167 1988 Anglorum
1216 1932 1357 1974 terra
1403 1912 1706 1982 remaneat,
1750 1921 1908 1974 nimis
1949 1936 2110 1988 grave
2151 1931 2203 1975 et

621 2007 826 2075 majus,
857 2023 1019 2077 quam
1063 2009 1299 2062 breviter
1337 2009 1441 2062 dici
1473 2009 1660 2077 possit,
1694 2009 1946 2062 damnum
1988 2009 2039 2060 in
2071 2025 2203 2077 pra:-

627 2100 762 2152 senti
796 2109 850 2152 et
880 2100 930 2151 in
967 2098 1171 2157 futuro,
1207 2099 1435 2153 interius
1474 2108 1526 2152 et
1556 2099 1794 2151 esterius
1826 2097 2078 2150 Ecclesia:
2108 2113 2204 2149 no-

628 2201 777 2254 strae,
817 2200 870 2243 et
919 2191 1199 2243 tristitiam
1237 2191 1414 2243 faciet.
1463 2191 1797 2258 Quapropter
1832 2206 2114 2260 precamur
2154 2199 2208 2243 et

591 2334 597 2339 ,
629 2282 993 2342 obsecramus,
1028 2290 1308 2348 quantum,
1340 2280 1484 2333 salva
1505 2279 1740 2346 justitia,
1773 2292 1825 2334 et
1871 2291 2059 2334 vestra:
2085 2298 2208 2334 sau-

629 2372 842 2425 ctitatis-
869 2371 1168 2424 reverentia
1191 2409 1206 2434 ,
1245 2372 1399 2424 nobis
1437 2369 1592 2434 licet,
1627 2372 2001 2439 perpietatem
2031 2381 2084 2424 et
2115 2386 2211 2439 per

629 2463 950 2516 cbaritatcm
988 2476 1148 2530 quam
1187 2475 1315 2530 erga
1349 2475 1447 2514 nos
1485 2470 1720 2514 vestram
1762 2475 1975 2528 semper
2014 2462 2211 2516 habere

628 2551 1006 2619 paternitatem
1041 2549 1419 2615 cognovimus,
1456 2557 1515 2602 ut
1556 2549 1598 2602 si
1646 2549 1846 2616 absque
1890 2551 1979 2603 Dei
2020 2553 2208 2604 voluit-

632 2640 755 2691 tatis
781 2638 1090 2691 obviatione
1123 2639 1236 2691 fieri
1265 2652 1420 2704 posse
1448 2637 1709 2702 videritis,
1744 2639 1921 2705 potius
1955 2638 2214 2694 fratribus

629 2737 684 2781 et
715 2728 902 2780 amicis
932 2727 1362 2780 desiderantibus
1393 2726 1458 2779 ad
1486 2735 1692 2780 certam
1727 2741 1877 2779 suam
1909 2727 2135 2780 salutem
2160 2739 2213 2780 et

631 2817 866 2870 aliorum
898 2815 1184 2869 utilitatem
1214 2831 1309 2884 per
1338 2824 1570 2870 vestram
1598 2816 1908 2869 instantiam
1938 2811 2209 2880 reddatur,

629 2923 789 2974 quant
817 2905 1139 2973 quibuslibet
1173 2903 1366 2960 alienis
1401 2905 1466 2956 ad
1495 2903 1789 2973 periculum
1842 2905 1923 2957 sui
1949 2905 2128 2958 damni
2160 2918 2214 2959 et

631 2997 847 3050 illorum
880 2996 1162 3048 utilitatem
1203 2994 1415 3047 dubiam
1446 2994 1739 3060 ingeratur.
1780 2992 2043 3066 Breviter,
2071 2995 2212 3062 quod

635 3085 862 3137 multum
888 3082 1135 3136 volumus
1160 3090 1214 3134 et
1243 3082 1495 3148 expedire
1519 3081 1811 3144 credimus,
1833 3081 2211 3144 obsecramus;

633 3175 758 3241 quia
811 3174 1085 3242 sapientiae
1129 3179 1321 3224 vestra:
1375 3185 1543 3238 pauca
1597 3171 1758 3222 verba
1813 3167 2058 3221 suflicere
2106 3183 2210 3221 non

633 3265 967 3333 ignoramus.
1003 3262 1154 3326 Quod
1196 3260 1240 3313 si
1290 3259 1523 3312 divinam
1568 3258 1969 3327 dispositionem
2017 3268 2213 3311 nostra:

637 3355 715 3407 sic
749 3352 999 3405 resistere
1041 3349 1281 3418 petitioni
1327 3357 1504 3401 vestra
1536 3348 1847 3415 cognoverit
1888 3347 2211 3414 prudentia,

639 3454 697 3495 ut
725 3442 882 3495 aliter
913 3440 1028 3493 fieri
1059 3454 1277 3492 necesse
1307 3439 1375 3468 ³⁵⁰
1407 3438 1477 3490 sit
1503 3454 1518 3490 :
1549 3437 1690 3504 quod
1721 3437 1856 3507 mihi
1903 3437 1946 3488 si
1979 3450 2214 3503 przeseus

639 3544 816 3589 essem
855 3538 1030 3583 vestra
1071 3527 1354 3595 prudentia
1383 3526 1448 3579 de
1481 3525 1651 3593 reipsa
1684 3525 1974 3578 concedere
2008 3533 2097 3576 aut
2129 3523 2207 3576 fa-

644 3636 769 3676 cere
794 3619 1097 3674 consuleret
1125 3618 1213 3680 ³⁸⁸,
1248 3624 1440 3670 vestra:
1468 3616 1745 3669 committo
1773 3617 2042 3683 potestati.

1122 3723 1447 3780 EPISTULA
1489 3721 1604 3776 XIV
1647 3723 1735 3774 ’3’.

1068 3851 1133 3897 ᾼυ
1176 3847 1448 3886 ΜΟΝΑΕΙΙΟΒ
1486 3844 1793 3884 BECCENSES.

647 3932 709 3984 (It
769 3930 1095 3988 monachus,
1153 3927 1240 3994 qui
1291 3925 1447 3994 invito
1498 3921 1681 3994 abbate
1711 3917 1959 3994 AParisiis
2009 3930 2216 3994 propter

715 4000 889 4052 studia
932 4000 984 4049 in
1031 3989 1341 4049 monasterio
1392 3992 1446 4046 S.
1494 3989 1740 4059 Maglorii
1787 3989 2109 4053 morabatur,
2147 3989 2216 4041 ad

716 4085 866 4121 suum
896 4064 1264 4118 monasterium
1297 4062 1489 4116 redeat.

717 4157 904 4211 Frater
941 4156 1223 4208 Assmuus
1271 4149 1435 4204 abbas
1489 4148 1644 4203 Bccci
1683 4146 1938 4200 fratribus
1988 4145 2220 4200 Beceen-

2308 1831 2500 1884 scitote
2549 1831 2697 1896 quia,
2757 1830 3046 1882 miserante
3089 1828 3233 1891 Dco,
3259 1828 3322 1880 de
3365 1827 3680 1894 :egritudiuc
3719 1841 3873 1892 quam

2310 1934 2480 1986 nuper
2511 1918 2702 1981 habui,
2736 1918 2870 1971 bene
2897 1916 3238 1977 convalesco,
3282 1925 3336 1969 et
3369 1917 3466 1969 hoc
3495 1916 3666 1968 amico
3694 1923 3877 1967 nostro

2308 2009 2504 2061 domno
2539 2008 2752 2062 Ursioui
2789 2007 2858 2040 ³⁸⁸
2891 2016 3070 2060 [totum
3106 2005 3277 2057 facite.
3327 2005 3591 2072 Epistolas
3631 2013 3871 2069 nostras,

2307 2113 2446 2166 quas
2475 2100 2700 2154 domnus
2729 2097 3008 2149 Mauritius
3038 2096 3189 2148 nobis
3221 2095 3432 2148 mittere
3460 2093 3674 2157 debuit,
3705 2094 3874 2146 adhuc

2309 2197 2702 2256 exspectamus.
2738 2187 2932 2241 lterum
2964 2186 3152 2239 valete.

2801 2293 3127 2348 EPISTULA
3167 2290 3257 2345 XV
3300 2291 3389 2345 ³⁸⁸.

2896 2399 2961 2436 ΑΙ)
2999 2396 3268 2435 FULCONEI
3279 2419 3290 2432 .

2314 2474 2512 2528 Exorat
2545 2483 2597 2526 ut
2629 2474 2802 2526 mitius
2831 2459 3163 2551 agatur'cum
3192 2481 3426 2539 apostalu
3458 2470 3743 2535 attonat/to,
3775 2487 3875 2538 par-

2987 2550 3196 2594 nitente.

2384 2632 2604 2685 Domino
2633 2641 2686 2685 et
2724 2630 2863 2684 Patri
2910 2630 3202 2683 reverendo
3236 2629 3411 2683 abbati
3442 2628 3677 2684 Fuccoru
3719 2627 3878 2682 frater

2312 2724 2624 2786 Assscuus,
2654 2721 2956 2774 orationum
2986 2729 3039 2774 et
3068 2720 3271 2774 servitii
3302 2719 3631 2774 lldelitatem.

2383 2812 2550 2866 Filius
2586 2821 2785 2875 vester,
2815 2797 2905 2880 qui
2944 2827 2972 2863 a
3010 2810 3328 2887 paternitate
3369 2819 3543 2863 vestra
3581 2811 3877 2864 inordinate

2314 2903 2544 2968 abierat,
2572 2904 2836 2972 paenitens
2865 2901 2929 2954 ad
2959 2900 3170 2955 omnem
3202 2887 3625 2956 satisfactionem
3645 2942 3661 2964 ,
3694 2916 3876 2955 secun-

2315 2993 2440 3045 dum
2471 3002 2704 3046 vestrum
2725 2993 2982 3059 judicium
3012 3001 3249 3060 paratus,
3279 2991 3550 3044 humiliter
3581 2993 3757 3045 rediit.
3782 2991 3877 3056 Qui

2317 3093 2421 3130 non
2454 3088 2561 3130 tam
2591 3079 2821 3145 postulat
2865 3088 2923 3130 ut
2948 3079 3017 3130 illi
3049 3093 3259 3146 pugnam
3291 3092 3451 3144 quam
3477 3079 3673 3130 meruit
3705 3080 3877 3134 remit-

2317 3168 2460 3230 tatis,
2483 3183 2644 3234 quam
2674 3177 2731 3220 ut
2753 3168 2831 3221 vel
2856 3168 3100 3220 ultimum
3125 3169 3270 3220 illum
3296 3168 3433 3220 intra
3457 3182 3695 3237 gregem,
3719 3185 3870 3238 quem

2313 3271 2407 3309 sua
2431 3256 2581 3325 culpa
2605 3258 2902 3320 dimiserat,
2925 3267 3099 3311 vestra
3125 3260 3487 3314 misericordia
3513 3261 3869 3313 constituatis.

2313 3346 2513 3399 Precor
2542 3347 2703 3413 igitur
2733 3363 2831 3414 ego
2858 3349 3193 3400 sanctitatem
3228 3358 3457 3402 vestram
3477 3390 3490 3412 ,
3531 3359 3587 3399 ut
3624 3365 3736 3402 non
3774 3360 3875 3401 tam

2314 3433 2615 3487 consideret
2649 3434 2912 3487 districtio
2947 3444 3121 3488 vestra
3163 3436 3304 3500 quod
3346 3436 3432 3489 ille
3472 3435 3593 3488 fecit
3640 3436 3708 3466 ³⁸⁷
3750 3423 3869 3502 pce-

2315 3523 2505 3587 cando,
2539 3539 2697 3591 quam
2731 3533 2915 3592 penset
2945 3508 3116 3592 pietas
3138 3533 3313 3578 vestra
3345 3519 3487 3594 quod
3517 3525 3644 3578 facit
3676 3526 3881 3578 hutnili-

2258 3623 2260 3625 ‘
2323 3620 2403 3663 ter
2430 3605 2759 3676 paenitendo.
2794 3611 2993 3665 Precor
3020 3613 3180 3664 etiam
3214 3622 3374 3679 atque
3397 3614 3557 3666 etiam
3589 3615 3786 3666 fratres
3814 3613 3880 3644 ³⁸³

2329 3713 2387 3751 ac
2417 3698 2658 3766 dominos
2685 3708 2917 3764 nostros,
2954 3699 3085 3752 alios
3117 3700 3248 3753 filios
3275 3709 3509 3762 vestros.
3556 3712 3613 3754 ut
3641 3703 3878 3772 paterni-

2326 3787 2449 3840 tatis
2470 3797 2659 3840 vestra:
2683 3787 3101 3842 misericordiam
3127 3805 3222 3858 pro
3242 3805 3305 3842 eo
3325 3799 3610 3842 cxorantes
3631 3791 3881 3858 gaudium

2326 3891 2385 3930 se
2420 3886 2716 3931 monstrent
2745 3876 2813 3907 “9
2841 3878 3037 3930 habere
3076 3878 3198 3945 quia
3230 3877 3394 3944 frater
3426 3890 3610 3930 eorum
3651 3888 3880 3931 mortuus

2325 3966 2515 4034 fuerat,
2548 3977 2595 4019 et
2635 3969 2846 4031 revixit,
2869 3971 3122 4035 perierat,
3152 3977 3198 4018 et
3229 3968 3462 4019 inventus
3505 3978 3578 4019 est
3606 3966 3760 4036 (Luc.
3793 3983 3878 4029 xv,

2323 4057 2436 4126 24).
2465 4058 2577 4123 Qua
2605 4073 2733 4138 vero
2765 4073 3010 4114 mensura
3049 4073 3174 4126 erga
3211 4055 3455 4112 eumdem
3490 4054 3719 4112 fratrem
3743 4057 3858 4123 judi

2328 4148 2491 4212 cium,
2521 4150 2634 4202 sive
2671 4149 3093 4204 miscricordiam
3118 4156 3352 4201 vestram
3379 4148 3664 4202 ostendere
3693 4148 3879 4200 debea-

1964 4255 2191 4310 VARIE
2229 4255 2626 4313 LECTIONES.

720 4358 785 4392 ³⁷⁸
813 4356 1014 4408 (Iollam
1060 4369 1175 4407 cum
1239 4351 1412 4404 eodem
1479 4366 1580 4400 ms.

651 4430 717 4460 ³⁸³
745 4425 949 4479 Collata
977 4441 1092 4476 cum
1123 4421 1297 4473 eodem
1330 4436 1427 4471 ms.

650 4497 885 4550 cortliam
919 4504 971 4544 et
1011 4490 1474 4544 mansuetudinettt
1508 4501 1602 4554 pro

1695 4348 1762 4378 ³⁸⁰
1804 4345 1980 4399 Fieret
2038 4360 2260 4400 necesse
2309 4365 2407 4400 ms.
2455 4348 2569 4401 fieri
2617 4363 2833 4402 necesse

1506 4416 1572 4447 ³⁸³
1607 4415 1768 4486 Extra
1799 4414 2124 4486 voluntatem
2149 4427 2462 4486 nis..c0tttra
2492 4417 2813 4470 vohmtatem
2848 4484 2869 4486 Α
2889 4417 2956 4448 ³⁸³
2988 4418 3402 4472 Misericordiam
3433 4434 3528 4486 pro
3553 4436 3650 4470 rm.
3685 4423 3878 4472 nnscti-

1702 4485 1766 4515 ³⁸⁵
1803 4484 2012 4537 Ursioni
2043 4500 2140 4536 ma.
2181 4484 2385 4537 Doinno
2417 4485 2628 4539 Ursioni

650 4567 787 4634 quod
813 4563 938 4615 facit
965 4575 1060 4614 etc.
1093 4577 1187 4611 ms.
1224 4566 1404 4634 vestra
1427 4551 1567 4634 quod
1606 4551 1844 4634 illeAfa‘cit
1885 4553 2174 4634 peccando,
2212 4569 2371 4620 quam
2407 4555 2792 4634 pensetpietas
2825 4565 3002 4608 vestra
3025 4556 3163 4624 quod
3194 4557 3323 4609 facit

2945 4350 3010 4388 ³³⁸
3061 4349 3375 4404 Consideret
3431 4366 3528 4402 ms.
3579 4353 3878 4405 consuleret

3599 4487 3666 4518 ³³⁷
3701 4491 3832 4541 Vest.
3850 4506 3877 4540 a

3417 4555 3484 4586 ⁸⁸³
3519 4556 3691 4609 Etiam
3726 4572 3880 4624 atque

2730 4486 2798 4518 ⁸⁸⁸
2831 4484 3035 4538 Colluta
3060 4505 3172 4539 cum
3195 4490 3370 4539 eodem
3401 4484 3495 4539 nia.

650 4622 808 4687 etiam
840 4634 1003 4684 l'rater
1036 4646 1130 4680 ms.
1167 4628 1330 4681 etiam
1383 4622 1577 4676 fratres
1651 4622 1717 4652 ³⁸³
1749 4622 1818 4675 Se
1864 4622 2175 4674 monstretis
2217 4637 2313 4674 ms.
2348 4637 2404 4675 se
2443 4632 2741 4676 monstrent

1817 4781 1821 4784 .
1849 4730 2128 4786 JOANNIS
2166 4731 2432 4787 PICARDI
2458 4733 2682 4789 NOTIE.

724 4837 834 4900 (9.6)
861 4828 1363 4900 Bercensibusrapud
1401 4821 1800 4900 Con/tuentium.
1944 4821 2100 4900 hujus
2129 4840 2194 4876 vo
2257 4835 2299 4887 ι)
2329 4825 2508 4900 omnia
2531 4825 2596 4877 ad
2620 4824 2763 4877 illam
2789 4824 3114 4900 pertinentia
3136 4824 3385 4900 Becccnsi
3420 4825 3757 4900 monasterio,
3785 4825 3881 4878 sub

657 4892 830 4958 cabuli
863 4892 1274 4969 atnphihologia,
1320 4892 1815 4969 l'atco_r_,_'iuﬂuxerat
1869 4893 1950 4969 inn
1976 4892 2212 4969 animum

659 4989 828 5031 error,
865 4982 919 5020 ut
955 4959 1268 5020 'arbitra'rcr
1300 4979 1418 5025 esse
1462 4963 1588 5014 illttd
1617 4960 1867 5031 Oppidum
1914 4959 2214 5031 Germania:

660 5027 1230 5092 (.isrltcn:tua2”dictum
1258 5033 1624 5085 (Ionlluenteut
1655 5027 1737 5099 (ut
1784 5029 2011 5099 Gregor.
2044 5027 2213 5081 Turo-

659 5124 812 5162 nens.
842 5107 930 5156 lib.
961 5120 1070 5161 \‘lll,
1102 5103 1296 5153 llistor.
1347 5102 1534 5154 l-‘rauc.
1580 5115 1696 5167 cap.
1732 5098 1795 5149 13
1835 5108 2069 5167 repetam
2102 5113 2217 5150 verc

663 5178 811 5238 lium)
868 5174 1007 5238 quod
1064 5171 1165 5221 illic
1218 5171 1430 5222 Mosella
1479 5165 1710 5220 fluminis
1761 5183 1860 5218 non
1913 5165 2215 5238 incelebris,

665 5234 988 5306 Rhenusque
1039 5241 1319 5289 troiilluant.
1363 5239 1470 5290 Nec
1514 5237 1634 5288 huic
1678 5250 1805 5288 IllCil!
1841 5234 2219 5306 conjectalioni

665 5315 792 5381 quid
826 5305 1078 5372 Oltjtft"l.'tl‘l
1109 5317 1284 5381 posset
1330 5306 1724 5381 vidcltam,_ttisi
1758 5305 1896 5370 quod
1917 5315 2115 5381 postea
2137 5305 2219 5355 of-

667 5372 809 5436 fendi
851 5383 899 5430 in
929 5391 1090 5444 parvo
1143 5377 1388 5444 lieecens.
1421 5375 1668 5444 Chronic.
1721 5389 1818 5424 IIIS.
1853 5372 2056 5444 scilicet
2085 5386 2226 5424 anno

669 5450 826 5504 1080.
861 5469 875 5495 ‹
915 5441 998 5498 [νυ
1030 5462 1204 5497 comes
1234 5445 1296 5494 de
1346 5443 1668 5494 licllotnonte
1711 5456 1868 5508 super
1920 5441 2144 5504 lsaram,
2178 5449 2230 5491 et

671 5518 957 5570 Atlcl'niida
994 5531 1125 5565 uxor
1161 5515 1292 5574 eius,
1330 5511 1566 5561 volentes
1596 5511 1648 5560 Β.
1690 5511 1969 5561 Ilqut'inze
1994 5512 2056 5560 de
2085 5511 2228 5560 llou-
2269 5511 2272 5514 ’

671 5586 886 5640 ﬂuenlio
913 5605 935 5633 a
973 5587 1239 5634 llltlllilv‘l‘tlh
1277 5585 1378 5631 lim
1409 5579 1688 5636 vlt-servivi,
1722 5580 1976 5632 dederunt
2007 5594 2148 5641 eam,
2183 5586 2230 5630 el

2329 4894 2490 4946 libera
2526 4903 2788 4960 potestate
2815 4906 2861 4947 et
2888 4895 3220 4946 ordinatione
3260 4894 3508 4946 abbatum
3540 4894 3740 4962 prmfati
3774 4907 3878 4946 cm-

2327 4962 2493 5015 nobii.
2531 4962 2661 5030 lluic
2714 4962 2984 5014 donationi
3045 4963 3366 5015 reverendus
3418 4965 3699 5030 episcepus
3731 4962 3874 5012 Pari-

2324 5032 2513 5083 siensis
2543 5029 2810 5082 Golfridus
2834 5032 2897 5082 de
2928 5033 3156 5097 par-tetris
3190 5039 3242 5082 et
3271 5029 3526 5084 beneficio
3551 5032 3626 5097 (ut
3672 5045 3880 5097 semper

2327 5115 2440 5152 nios
2464 5108 2545 5151 est
2580 5101 2748 5151 bonos
2780 5101 2912 5151 bene
2938 5100 3071 5151 actis
3103 5098 3301 5164 favere)
3342 5115 3461 5151 cum
3495 5100 3767 5151 canonicis
3795 5114 3877 5150 ec-

2330 5169 2506 5221 clesia:
2552 5167 2763 5220 Sanctae
2813 5167 2989 5218 Maria:
3043 5168 3356 5233 l‘arisieusis
3405 5169 3696 5220 consensit.
3755 5185 3772 5217 ι
3817 5166 3878 5217 Et

2328 5237 2482 5305 paulo
2513 5245 2648 5303 post.
2671 5255 2697 5305 rc
2733 5238 2889 5305 Auno
2921 5236 3042 5305 1708!
3090 5236 3306 5287 fundata
3338 5245 3420 5305 est
3446 5236 3631 5288 domus
3655 5235 3719 5287 de
3741 5234 3877 5305 Con:

2333 5301 2549 5356 liuentia
2604 5304 2701 5355 sub
2755 5304 2986 5356 tloutiuiu
3043 5306 3290 5354 abbatum
3338 5304 3514 5366 Pecci,
3561 5317 3696 5354 anno
3746 5301 3876 5353 i083

2336 5373 2612 5425 translatio
2664 5376 3044 5424 monachorum
3103 5373 3255 5425 Becci
3308 5374 3447 5426 abud
3494 5370 3872 5426 Confluettttutn

2336 5441 2782 5495 connnorantium
2813 5457 2837 5490 a
2869 5441 3032 5492 veteri
3063 5442 3286 5493 ecclesia
3336 5437 3473 5507 (quae
3517 5437 3874 5507 CapellaAdici-

2344 5513 2447 5577 tur)
2479 5513 2542 5562 ad
2576 5525 2762 5562 novant
2787 5509 3064 5562 ecclesiam
3098 5523 3216 5561 cum
3243 5505 3462 5577 corpOre
3483 5516 3675 5560 sanctae
3701 5505 3874 5558 llono-

2347 5581 2492 5632 riu-.c.
2529 5598 2544 5628 ι
2601 5579 2984 5631 Conllucutiuui
3051 5580 3211 5647 igitur
3264 5577 3327 5630 de
3377 5591 3480 5645 quo
3517 5589 3652 5630 nunc
3700 5585 3870 5628 sermo
