4214 6204
355 387 490 449 illis

1582 375 1708 438 LIB.
1741 381 1802 437 ll.
1835 374 2049 435 EPIST.
2084 372 2241 432 XVII.

3425 367 3557 420 illi?»

351 501 456 571 tis.
490 507 627 562 sicut
661 504 914 572 scriptum
949 512 1031 558 est
1063 519 1076 554 :
1118 499 1525 555 Misericordiant
1567 508 1614 552 et
1646 498 1905 566 judicium
1933 496 1976 551 Α
2003 492 2197 554 deme,
2220 497 2272 543 et
2291 488 2353 542 de
2370 484 2634 539 similibus
2659 485 2808 547 meis,
2832 500 3056 572 quorum
3084 483 3185 536 \it.t
3209 480 3332 572 olim
3358 488 3441 531 est
3459 493 3556 532 sa:-

353 594 571 651 carttabo
610 591 727 653 tibi,
769 591 982 645 Domine
1019 591 1087 622 "°
1129 588 1297 658 (Paul.
1338 604 1401 650 c,
1444 586 1495 655 1)
1524 626 1538 648 ,
1577 595 1766 640 vestra:
1813 599 1909 653 po-

359 683 568 739 testatis
595 691 697 746 est,
732 690 784 735 et
816 691 1002 734 vestra:
1032 680 1322 749 prudentiae
1353 693 1368 730 :
1403 687 1604 730 tantum
1640 685 1694 729 ut
1725 691 1906 744 super-

352 772 554 828 exaltet
585 771 949 826 misericordia
973 769 1231 838 judicium
1260 767 1348 820 ³⁹¹.

728 881 884 952 34⁷
916 877 1244 933 EPISTOLA
1284 876 1396 931 XVI
1427 877 1495 908 ⁸⁸²

872 985 900 1022 Α
910 986 938 1022 D
976 984 1005 1022 (ἱ
1015 981 1356 1030 ιειεθεκτυι.

352 1057 662 1115 Cratalatur
698 1059 765 1111 ad
793 1059 1012 1112 abbatiaz
1061 1055 1621 1110 Westmonasteriemis
1683 1052 1905 1121 regimen

981 1136 1266 1192 assumpto.

421 1218 534 1272 Sno
546 1215 888 1271 dilectissimo
902 1253 914 1275 .
936 1214 1062 1266 olim
1078 1213 1250 1267 divina
1267 1209 1610 1280 dispositione
1624 1207 1750 1268 ﬁlio.
1767 1223 1908 1262 nunc

352 1306 444 1360 Dei
472 1307 639 1375 gratia
665 1304 905 1359 coabbati
929 1289 1040 1372 (ετ)
1060 1301 1396 1357 GISLssss-ro
1420 1299 1584 1355 frater
1605 1300 1902 1363 Amemus,

353 1395 406 1449 in
439 1377 672 1448 bactvita
703 1394 791 1446 diu
835 1400 1019 1446 sancte
1063 1392 1239 1444 vivere
1282 1405 1401 1444 cum
1447 1388 1817 1458 prosperitate,
1853 1386 1904 1439 in

351 1485 526 1538 futura
556 1483 782 1539 feliciter
806 1497 926 1538 cum
952 1470 1269 1535 aeternitate.

421 1575 531 1628 Etsi
576 1575 742 1637 tarde,
765 1581 981 1642 propter
1000 1570 1368 1640 aegritudinem
1393 1567 1763 1636 impedientem
1783 1565 1907 1620 dile-

349 1673 437 1723 cto
472 1662 712 1717 dilectori
761 1677 879 1716 meo
900 1677 995 1729 pro
1015 1675 1149 1714 nova
1172 1660 1270 1715 sibi
1293 1659 1549 1714 divinitus
1587 1659 1705 1712 data
1730 1656 1904 1727 gratia

351 1753 530 1814 scribo
553 1768 567 1806 :
592 1761 700 1806 ‘non
725 1760 898 1806 tamen
924 1751 1115 1821 tepide,
1139 1757 1394 1819 quantum
1419 1748 1483 1801 ad
1509 1746 1795 1812 voluntatis
1818 1746 1904 1799 l;e-

2005 579 2174 634 culari
2195 575 2599 631 ceuversatione
2624 571 2838 626 detrita.
2885 571 2955 626 De
2992 572 3139 625 vobis
3173 569 3312 623 enim
3340 582 3561 636 speran-

2006 675 2128 727 dum
2154 681 2252 732 est,
2283 685 2403 723 cum
2440 667 2504 720 ad
2527 668 2748 720 aliorum
2773 682 2954 719 curam
2981 663 3384 733 promovetnini,
3416 662 3560 731 quod

2007 764 2129 816 dum
2151 761 2345 815 etalios
2367 761 2431 812 ad
2454 759 2613 812 vestri
2636 757 3033 812 similitudinem
3061 748 3561 822 instruitis,justitia

2007 858 2178 904 vestra
2226 849 2564 917 perﬁciatur;
2604 847 2670 899 dc
2724 846 2872 897 vobis
2920 859 3042 897 vero
3102 843 3390 896 timendum
3443 848 3558 902 est,

2007 953 2124 991 cum
2159 947 2305 990 tanto
2330 935 2563 1004 pondere
2600 951 2907 1004 gravamur,
2965 949 3029 987 ne
3078 933 3333 1003 injustitia
3375 939 3558 985 nostra

2006 1025 2073 1060 ’”
2097 1025 2305 1100 occulto
2349 1025 2440 1078 Dei
2471 1008 2673 1090 judicio
2702 1033 2975 1094 augeatur.
3009 1024 3218 1089 Quanto
3248 1021 3410 1090 igitur
3451 1033 3562 1073 me-

2005 1111 2107 1165 lius
2130 1121 2211 1166 est
2240 1111 2304 1164 de
2327 1119 2413 1184 tua
2444 1112 2726 1165 sanctitate
2758 1112 2808 1164 in
2849 1123 3096 1180 suscepto
3136 1109 3307 1163 ollicio
3339 1122 3562 1175 sperano

2005 1199 2158 1260 dum,
2191 1206 2338 1252 tanto
2369 1199 2536 1266 magis
2564 1208 2645 1251 est
2691 1208 2746 1252 et
2783 1201 3022 1274 securius
3069 1199 3132 1251 de
3171 1197 3260 1251 tibi
3309 1209 3562 1250 concessa

2006 1291 2173 1360 gratia
2204 1289 2562 1360 gaudendum.
2592 1289 2939 1356 Omnipotens
2967 1289 3126 1352 Dens,
3164 1289 3253 1356 qui
3297 1297 3346 1342 te
3384 1294 3568 1342 custo-

2005 1379 2124 1441 dem
2151 1377 2375 1431 aliorum
2404 1377 2700 1438 constituit,
2740 1375 2852 1443 ipse
2880 1385 2928 1429 te
2977 1391 3070 1428 sua
3103 1375 3273 1443 gratia
3303 1375 3382 1428 sic
3415 1373 3566 1444 adju-

2005 1475 2095 1520 vet
2123 1476 2176 1518 et
2205 1466 2494 1528 custodiat,
2526 1475 2584 1519 ut
2612 1480 2710 1533 pro
2735 1474 2821 1519 tua
2850 1474 2900 1518 et
2934 1464 3141 1519 illormn
3164 1464 3374 1529 iustitia
3393 1467 3562 1519 aeter—

2006 1569 2129 1609 nam
2158 1553 2250 1608 tibi
2281 1552 2663 1608 beatitudinem
2687 1553 2972 1606 retribuat.

2462 1641 2792 1697 EPISTOLA
2833 1640 2966 1695 XVII
3006 1642 3094 1692 ’“.

2599 1751 2665 1790 AD
2700 1750 2958 1789 HGGONEH.

353 1841 704 1896 uevolentiain
739 1809 993 1908 pertinet:
1022 1839 1142 1893 dico
1166 1855 1180 1890 :
1207 1834 1386 1891 Gloria
1413 1837 1464 1888 in
1486 1835 1751 1888 altissimis
1775 1834 1899 1897 Deo,
1937 1809 1977 1866 Β
2007 1877 2017 1898 Α

1937 1809 1977 1866 Β
2007 1845 2287 1899 Mutandae
2319 1862 2427 1899 esse
2463 1843 2641 1898 titulos
2670 1845 2890 1897 duorum
2930 1846 3322 1912 opusculorum,
3347 1857 3565 1912 quorum

351 1943 397 1985 et
429 1933 484 1985 in
531 1940 668 1984 terra
718 1930 972 1999 gaudium
1009 1928 1299 1982 hominibus
1337 1927 1406 1958 ⁸⁸³
1443 1925 1586 1978 bonae
1629 1925 1903 1980 voluntatis

352 2020 502 2089 (an.
554 2037 612 2084 ιι.
649 2021 759 2089 ﬂ).
790 2021 879 2088 qui
919 2019 1176 2087 judicium
1221 2020 1374 2071 Suum
1405 2017 1467 2070 de
1507 2026 1557 2070 te
1595 2015 1903 2068 manifesta-

293 2169 297 2174 ,
351 2109 449 2172 vit,
480 2109 618 2177 quod
649 2109 910 2162 hactenus
937 2109 1073 2176 apud
1115 2117 1176 2160 se
1199 2105 1499 2169 occultum,
1531 2105 1654 2158 licet
1693 2119 1906 2172 semper

342 2199 419 2255 de
449 2208 518 2263 te,
551 2215 649 2268 pro
689 2200 920 2252 humana
953 2197 1334 2260 arstirnatione,
1367 2197 1502 2249 bona
1540 2197 1900 2254 crederemus,

349 2291 603 2356 sei-Vavit,
653 2288 705 2341 In
739 2304 804 2351 eo
836 2302 1063 2354 namque
1109 2287 1228 2339 vitae
1274 2285 1572 2354 proposito,
1621 2284 1672 2337 in
1716 2297 1818 2353 quo
1856 2293 1907 2337 te

352 2378 936 2444 rustodiemlosemper
980 2375 1095 2442 ejus
1121 2377 1290 2445 gratia
1339 2375 1600 2451 sapientia
1630 2374 1698 2405 ³⁹⁸
1728 2374 1905 2443 erudi-

350 2470 452 2532 vit,
493 2478 546 2520 et
584 2469 635 2521 in
682 2468 964 2521 sanctitate
1009 2466 1248 2529 nutrivit,
1291 2475 1498 2534 patrem
1534 2474 1586 2519 et
1622 2465 1902 2518 doctorem

352 2566 726 2626 pastoremque
771 2542 1067 2607 animarum
1111 2561 1162 2607 te
1202 2554 1498 2613 constituit.
1553 2551 1713 2605 Multo
1759 2551 1901 2605 enim

349 2641 540 2694 melius
563 2639 626 2692 de
655 2647 706 2691 te
733 2639 1160 2708 sperandum‘est
1179 2646 1234 2690 et
1251 2637 1318 2691 de
1343 2636 1604 2691 similibus
1631 2637 1752 2697 tuis.
1775 2650 1906 2704 quo-

354 2747 470 2782 rum
501 2731 604 2784 vita
631 2738 711 2784 est
743 2729 794 2782 in
823 2737 1005 2783 sancta
1034 2729 1437 2785 conversatione
1469 2727 1666 2781 nutrita
1692 2744 1707 2792 ;
1745 2741 1902 2795 quam

2039 1931 2195 1968 unum
2222 1914 2570 1982 Monologion,
2598 1915 2816 1966 alterum
2848 1913 3148 1983 Proslogion
3172 1913 3273 1966 vult
3299 1913 3528 1966 inscribi.

2079 1989 2300 2059 Domino
2333 2015 2386 2058 et
2416 1990 2554 2058 Patri
2586 2003 2869 2059 venerabili
2915 2006 3162 2072 archicpi
3183 2018 3316 2071 copo
3353 2001 3570 2071 Lugduc

2011 2095 2160 2148 nensi
2211 2095 2417 2150 HUGONI
2450 2098 2613 2148 lrater
2645 2096 2922 2148 Assewus
2943 2136 2955 2157 ,
2990 2095 3041 2147 in
3085 2084 3568 2162 prmsenti'smculo

2008 2193 2192 2238 sancte
2223 2183 2422 2247 vivere,
2450 2185 2500 2238 in
2533 2183 2713 2237 futuro
2739 2186 2910 2238 beate.

2079 2275 2290 2329 Pondns
2321 2285 2515 2329 vestra:
2560 2275 2900 2330 auctoritatis
2927 2273 3053 2326 facit
3091 2287 3174 2326 me
3204 2273 3330 2326 dare
3360 2271 3566 2342 pondus

2007 2367 2139 2419 meis
2169 2367 2342 2434 nugis.
2369 2365 2499 2419 Cum
2527 2366 2670 2419 enim
2696 2364 2958 2420 celsitudo
2980 2372 3155 2418 vestra
3195 2364 3324 2417 tanti
3373 2363 3570 2431 pendat

2005 2455 2257 2522 Opnscula
2311 2463 2514 2520 nostra,
2543 2461 2602 2508 ut
2646 2468 2706 2508 ea
2757 2463 2938 2529 petere
2966 2464 3019 2506 et
3061 2452 3236 2520 legere
3283 2451 3562 2521 dignetur;

2007 2544 2246 2612 nonnihil
2272 2545 2422 2607 mihi,
2459 2545 2599 2614 quod
2630 2545 2777 2598 tanto
2798 2542 2914 2597 viro
2944 2543 3168 2611 placeat,
3196 2533 3318 2596 esse
3335 2541 3564 2595 videtur.

2007 2633 2340 2702 Quapropter
2367 2630 2668 2688 nullatenus
2695 2623 2834 2702 apud
2864 2641 3096 2687 vestram
3120 2630 3454 2700 prudentiam
3482 2643 3569 2682 me

2008 2725 2289 2779 ridendum
2321 2725 2600 2788 existimo,
2650 2725 2695 2779 si
2744 2724 2975 2795 qualiter
3007 2723 3182 2793 aptius
3228 2720 3429 2775 titulari
3475 2719 3567 2775 de-

1623 2833 1850 2888 VABUE
1894 2832 2289 2888 LECTIONES.

422 2947 742 3001 mCantabo
767 2946 987 2999 Domino
1004 2963 1098 2999 ms.
1132 2945 1356 3014 mutabo
1387 2945 1500 3006 tibi,
1535 2944 1756 2998 Domine
1827 2943 2500 3014 "'Misericordiajudicio
2528 2960 2624 3014 rm.
2652 2941 3283 3014 misericordiajudieium
3358 2945 3427 2976 ⁸⁹¹
3449 2943 3569 3000 σοι.

350 3017 460 3070 ιαια
515 3034 630 3069 cum
662 3019 836 3069 eodem
869 3032 965 3066 im.

1077 3013 1144 3045 ³⁹³
1173 3013 1436 3068 Gaudium
1460 3024 1510 3066 et
1541 3029 1640 3081 pax
1672 3014 1974 3066 hominibus
2005 3029 2100 3065 ms.
2134 3011 2385 3082 gaudium
2417 3013 2719 3082 hominibus
2805 3011 2872 3044 m
2898 3012 3082 3067 Gratia
3109 3013 3447 3082 etsapientia
3469 3029 3589 3081 ms._

365 3087 539 3156 gratia
572 3086 827 3154 s.~pientia
901 3083 969 3114 '"
996 3082 1252 3151 lujustitia
1285 3091 1466 3136 nostra
1493 3080 1586 3135 ms.
1617 3096 1682 3134 ne
1707 3083 1962 3152 injustitia
1996 3080 2177 3135 nostra
2252 3080 2320 3114 ⁸⁸⁸
2348 3080 2550 3135 Collata
2589 3098 2705 3134 cum
2730 3082 2906 3134 eodem
2937 3097 3032 3134 me.

635 3169 646 3196 τ
1539 3193 1818 3248 JOANNIS
1856 3191 2123 3248 PICARDI
2161 3192 2388 3250 nom.

350 3297 432 3342 est
456 3285 707 3354 Comopol

351 3355 492 3408 libus
516 3356 581 3406 ad
609 3351 934 3408 occidentem
957 3355 1043 3406 ubi
1073 3355 1214 3416 lsara
1245 3362 1298 3407 et
1327 3355 1570 3419 Sequana
1593 3351 1888 3413 conlinunt;

351 3423 494 3475 unde
518 3421 632 3489 ejus
655 3436 847 3475 nomen
875 3419 1140 3487 Conﬂans.
1173 3423 1348 3476 forsan
1375 3421 1573 3489 rectius
1597 3419 1890 3489 Con/luent.

352 3491 532 3545 Habes
553 3488 792 3557 ejusdem
815 3490 1182 3557 appellationis
1209 3491 1383 3543 vicum
1427 3488 1568 3541 mille
1595 3488 1838 3557 passibus
1867 3504 1895 3539 a

353 3559 566 3616 Lutetia
591 3556 778 3612 contra
806 3556 1088 3622 orientem,
1119 3559 1196 3611 sic
1223 3567 1584 3625 nuncupatum
1607 3557 1676 3610 ob
1708 3556 1899 3610 Matro-

354 3642 477 3683 nam
499 3635 554 3680 et
575 3626 875 3692 Sequanam
894 3625 1044 3692 juxta
1073 3626 1418 3678 conﬂuentes.

427 3694 539 3765 (27)
569 3691 1015 3765 Gislebert_o._’_Sic
1042 3692 1614 3765 _Gentmetgtensis,_et
1644 3692 1894 3746 Chronic.

353 3759 621 3818 Becce'nse
663 3775 762 3814 ms.
796 3761 1144 3826 Trithemius,
1189 3771 1244 3816 et
1293 3759 1640 3814 Trithemium
1687 3772 1901 3814 secutus

355 3832 542 3886 Sixtns
568 3830 794 3884 Senens.
821 3828 1151 3896 Gislehertus
1177 3829 1384 3896 legunt;
1438 3839 1493 3880 at
1537 3831 1588 3881 in
1619 3830 1702 3882 his
1733 3829 1899 3882 solius

355 3899 555 3954 vocalis
581 3899 640 3952 E.
664 3897 1249 3952 tnetatbesin'advertis.
1277 3897 1575 3951 Gisleherto
1602 3908 1778 3952 autem
1802 3896 1902 3950 luit

356 3982 618 4048 agnomen
641 3966 890 4048 Crispini,
915 3974 968 4018 et
996 3966 1149 4048 hujus
1172 3959 1626 4048 quidemcausam
1649 3966 1705 4048 _in
1733 3964 1903 4048 Chro-

357 4035 468 4092 nic.
514 4037 764 4090 Beccens.
793 4035 930 4087 hanc
961 4045 1147 4088 nactus
1176 4049 1314 4098 sum,
1345 4035 1431 4088 his
1453 4043 1754 4088 enarratam
1787 4047 1904 4086 ver-

357 4107 487 4160 bis:
525 4121 544 4154 r
580 4105 878 4170 Antequam
907 4102 1258 4157 Northmanni
1305 4103 1437 4156 duce
1468 4102 1753 4157 Wilhelmo
1798 4103 1906 4156 An-

357 4174 516 4242 gliam
542 4172 886 4242 debellarent,
917 4171 1016 4242 luit
1037 4175 1087 4224 in
1119 4171 1364 4242 Nenstria
1391 4170 1530 4240 (qua:
1550 4170 1905 4242 nuncNorth-

359 4239 572 4295 iuannia
603 4240 976 4320 vocaturi-vir
1001 4240 1261 4320 egregius,
1297 4239 1510 4320 nomine
1536 4239 1903 4320 _Cislebertus,

357 4323 553 4380 genere
604 4319 658 4362 et
708 4308 991 4380 nobilitate
1011 4308 1312 4380 prsic-larua,
1334 4309 1445 4380 _qui
1465 4312 1568 4380 __ah
1598 4308 1908 4380 hahiiudine

357 4375 694 4446 capillorum,
727 4377 931 4446 primus
954 4375 1182 4444 crispini
1208 4376 1420 4430 nomine
1450 4377 1648 4430 dicitur
1683 4376 1906 4446 insigni-

359 4444 466 4501 tus.
497 4444 627 4498 Nam
653 4445 704 4497 in
729 4459 826 4498 sua
849 4445 1096 4512 primaeva
1126 4453 1281 4499 aetate
1314 4446 1544 4499 habebat
1566 4446 1784 4512 capillos
1804 4445 1908 4496 cri-

358 4529 485 4585 spos
512 4523 563 4568 et
587 4514 806 4585 rigidos,
832 4523 992 4585 atque
1025 4529 1236 4585 sursum
1260 4521 1488 4575 erectos,
1517 4522 1594 4585 et,
1622 4524 1681 4565 ut
1720 4514 1789 4585 ita
1816 4514 1896 4564 di-

360 4583 502 4646 cam,
537 4583 804 4653 rebursos,
849 4584 914 4653 ad
945 4583 1155 4634 modum
1199 4597 1463 4634 ramorum
1490 4583 1621 4653 pini,
1647 4584 1732 4647 qui
1768 4596 1907 4632 sem-

358 4659 456 4773 ger
521 4651 740 4703 tendunt
810 4651 1062 4711 sursum,
1119 4665 1284 4717 quare
1356 4651 1760 4718 cognominatus
1821 4660 1902 4703 est

408 4719 652 4773 risoinus.
708 4719 859 4773 quasi
907 4719 1114 4773 crisnus
1162 4720 1332 4773 uinus.
1379 4718 1547 4773 Onam
1593 4717 1902 4773 capillorum

408 4719 652 4788 rispinus.
708 4719 869 4788 quasi
907 4719 1114 4785 crispus
1162 4720 1332 4788 pinus.
1379 4717 1902 4788 Quamicapillorum

362 4786 726 4841 rebursionem
785 4787 1026 4839 videmus
1078 4787 1249 4839 adhuc
1303 4787 1351 4854 in
1399 4787 1463 4839 iis
1497 4787 1586 4852 qui
1631 4788 1695 4839 de
1741 4786 1906 4854 ipsius

374 4856 650 4910 Bisleberti
687 4869 879 4923 genere
916 4857 1262 4923 descendunt.
1301 4853 1445 4908 Unde
1493 4863 1544 4923 et
1581 4855 1688 4923 ipsi
1721 4853 1904 4907 cedem

364 4924 675 4990 regnetnine
694 4921 725 4975 a
746 4923 953 4976 caeteris
974 4921 1458 4976 Northniannortnn
1499 4921 1625 4975 [iliis
1647 4923 1905 4975 dirimun-

364 5003 464 5046 tur.
505 5012 523 5043 ι

433 5059 531 5113 llic
552 5075 679 5126 ergo
712 5059 1042 5112 Cislebertus
1078 5059 1391 5127 cognomine
1423 5058 1907 5127 Crispiniinotatus

359 5145 424 5203 es
458 5144 621 5203 uigore
651 5143 743 5203 sua
774 5127 1023 5203 Genitoret
1053 5126 1171 5203 tres
1208 5127 1342 5178 Iilios
1366 5126 1906 5203 suscepitLCislcber-

365 5195 475 5249 "tum
498 5196 798 5263 Crispinum
823 5198 887 5248 de
910 5195 1226 5263 Tegulartis,
1258 5197 1396 5260 quod
1423 5196 1581 5248 castri
1605 5195 1906 5249 Guilheltno

364 5265 536 5317 Notho
557 5261 696 5317 duce
711 5261 1194 5318 Northmaunorum
1220 5265 1316 5315 fuit
1340 5265 1390 5314 in
1415 5265 1717 5317 Ebroicensi
1734 5273 1902 5316 tractu

364 5333 656 5400 conditum,
685 5333 945 5400 vulgoque
975 5335 1170 5384 dictum
1226 5332 1452 5384 Tilliercs
1477 5333 1579 5399 (vel
1611 5332 1900 5400 Tullieres);

366 5399 674 5462 “ubertum,
702 5399 796 5467 qui
833 5407 899 5452 0h
932 5402 1176 5454 virtutem
1212 5402 1514 5465 militarent,
1542 5402 1902 5467 honoremque

365 5467 463 5520 sibi
496 5471 559 5522 ah
610 5470 925 5534 imperatore
957 5469 1209 5529 delatum,
1264 5471 1471 5521 tandem
1502 5483 1704 5522 veneno
1727 5469 1792 5521 ab
1821 5471 1902 5522 in-

367 5537 728 5605 vidis_Gr:ecis
755 5537 1033 5605 prepinato
1059 5539 1264 5605 _interiit
1289 5555 1302 5600 ;
1331 5548 1383 5590 et
1427 5537 1780 5590 Guilhelmum
1811 5553 1903 5591 no-

367 5604 459 5654 stri
484 5600 771 5674 Gisleberti
799 5600 1020 5673 patrem,
1053 5600 1166 5672 Qui,
1196 5617 1251 5659 ut
1295 5608 1360 5658 ad
1405 5606 1613 5673 epistol.
1653 5608 1716 5658 lO
1743 5622 1900 5674 supra

368 5673 698 5731 monuimus.
761 5687 977 5727 uxorein
1050 5676 1229 5741 duxit,
1277 5676 1486 5730 nomine
1535 5677 1726 5738 Evam,
1787 5673 1903 5742 qua:

712 3285 777 3347 is,
808 3300 839 3338 a
861 3285 1068 3339 Lutetia
1093 3285 1416 3340 Parisiorum
1444 3285 1646 3337 distans
1665 3299 1757 3354 sex
1784 3283 1896 3336 mil-
1924 3289 1968 3349 (ζ
2000 3285 2206 3354 peperit
2228 3285 2534 3348 Gislertem,
2560 3284 2666 3354 (de
2693 3299 2797 3352 quo
2830 3286 3326 3354 impraesentiarum)
3375 3296 3430 3340 et
3477 3302 3573 3340 no-

2001 3350 2142 3422 mine
2192 3350 3111 3422 etagnornine‘rel'erentem'avnm.
3150 3373 3170 3404 α
3215 3350 3370 3422 Pater
3417 3354 3571 3409 Guilo

1999 3421 2212 3490 helmns
2245 3417 2384 3475 hunc
2429 3422 2487 3490 in
2533 3431 2711 3474 tenera
2735 3431 2891 3475 aetate
2919 3424 3112 3490 (inquit
3154 3417 3407 3477 Clit'onic.
3438 3422 3572 3480 Bec-

1997 3489 2310 3560 cens.)iDeo
2351 3489 2688 3560 nutriendum
2729 3491 2828 3542 sub
2882 3491 3160 3560 disciplina
3197 3490 3424 3560 regulari
3476 3494 3573 3548 ob-

2002 3558 2120 3611 tulit
2156 3556 2519 3612 Beccensibus
2590 3556 2836 3612 Patrihus
2863 3599 2878 3618 .
2940 3556 3216 3625 et‘multa
3261 3556 3337 3613 'de
3385 3559 3574 3614 rebus

2000 3626 2110 3678 suis
2151 3626 2474 3696 temporalis
2531 3626 2652 3696 vita;
2715 3626 2951 3681 subsidia
3014 3644 3133 3682 cum
3191 3642 3356 3696 puero
3414 3627 3573 3681 mini-

2001 3695 2205 3745 stravit.
2262 3693 2496 3750 Ouornm
2564 3693 2885 3750 informatus
2955 3693 3208 3750 det-trina
3260 3706 3314 3748 et
3373 3705 3573 3750 sanctas

1999 3763 2436 3833 conversationis
2472 3763 2757 3833 exemplis,
2810 3765 2900 3833 sic
2933 3780 3068 3833 cum
3116 3765 3293 3833 divino
3344 3764 3574 3833 profecit

2002 3829 2200 3882 attxilio
2243 3830 2294 3881 in
2333 3829 3023 3900 divinis“et’philosophicis
3056 3829 3426 3898 institutis,“nt
3452 3847 3576 3885 om-

2005 3912 2097 3970 nes
2136 3907 2277 3952 artes
2324 3897 2479 3967 (quas
2540 3897 2783 3970 liberales
2825 3897 3037 3970 vocant)
3096 3900 3159 3953 ad
3209 3897 3436 3970 unguem
3478 3902 3574 3955 ad-

2005 3967 2255 4028 disceret,
2279 3975 2333 4020 et
2362 3966 2545 4020 earum
2576 3966 2774 4020 rivulos
2798 3966 3040 4036 pluribus
3067 3971 3180 4036 ipse
3206 3966 3489 4035 malit-ctus
3511 3971 3571 4027 in

2005 4036 2260 4103 religione
2291 4037 2635 4103 propinaret;
2684 4036 2840 4103 cujus
2887 4047 3044 4103 tanta,
3076 4037 3186 4091 fuit
3217 4039 3269 4092 in
3310 4039 3481 4093 activa
3515 4049 3575 4094 et

2006 4102 2330 4171 speculativ’a
2393 4103 2649 4171 perfectio
2708 4102 2763 4156 nt
2829 4120 2950 4158 cum
3005 4107 3143 4160 Deus
3211 4106 3570 4163 Lanlrancum

2051 4172 2384 4242 antnariensi
2429 4171 2675 4242 Ecclesiae
2705 4172 2756 4224 in
2799 4187 3007 4242 summo
3045 4174 3353 4242 pontificatu
3397 4177 3574 4242 pra-ll-

2008 4249 2173 4310 eeret,
2210 4256 2330 4293 eum
2364 4239 2695 4310 Lanlrancus
2733 4242 2798 4294 ad
2837 4239 3071 4310 regimen
3104 4239 3570 4299 Westmonasterii

2011 4309 2116 4381 Deo
2140 4317 2365 4381 vocante
2391 4309 2695 4381 provideret
2716 4348 2731 4373 ,
2767 4309 3020 4381 tantaque
3055 4311 3366 4381 sanctitatis
3394 4314 3571 4381 gratia

2009 4379 2088 4445 (ut
2115 4377 2404 4444 credimus)
2438 4377 2544 4447 Deo
2577 4385 2634 4447 et_
2670 4377 2970 4447 hominibus
3019 4379 3217 4447 placuit
3258 4389 3316 4431 ut
3352 4377 3572 4435 humili-

2012 4444 2172 4498 tatem
2200 4459 2308 4512 pra:
2327 4444 2535 4498 cunctis
2558 4445 2636 4515 sui
2664 4446 2919 4513 temporis
2940 4444 3172 4515 pnelatis
3197 4456 3252 4515 et
3284 4448 3570 4514 specialius

2009 4515 2391 4580 praetenderet,
2424 4523 2476 4566 et
2495 4513 2784 4582 sublimius
2828 4513 3160 4582 prtedicaret.
3194 4513 3288 4567 llic
3315 4513 3385 4568 3%
3413 4517 3571 4570 annis

2013 4584 2125 4652 loco
2176 4582 2344 4652 magis
2387 4580 2585 4652 proluit
2613 4597 2771 4649 quam
2819 4580 3054 4652 prefuit,
3096 4592 3150 4636 et
3196 4583 3248 4636 in
3291 4594 3570 4640 senectute

2010 4651 2144 4720 bona
2178 4649 2365 4720 plenus
2391 4651 2597 4720 dierum
2630 4660 2682 4702 et
2709 4649 3021 4713 sanctitate,
3053 4653 3293 4720 patribus
3323 4652 3432 4704 suis
3474 4669 3570 4720 ap-

2012 4717 2215 4786 positus
2249 4717 2404 4784 hujus
2449 4718 2569 4769 vitae
2612 4719 2896 4772 terminum
2929 4717 3137 4772 clausit.
3175 4738 3190 4768 ι
3236 4719 3324 4772 Sic
3363 4722 3427 4773 de
3475 4717 3572 4775 Gi-

2012 4787 2240 4840 slebeito
2273 4789 2378 4838 lilio
2409 4788 2670 4851 monacho
2695 4797 2747 4838 et
2785 4789 2976 4841 abbate
3005 4787 3566 4844 Westmonasteriensi

2011 4856 2311 4908 Chronicon
2342 4854 2641 4919 Beccense;
2675 4871 2830 4923 quem
2877 4856 3048 4909 locum
3083 4858 3166 4909 hic
3201 4871 3318 4910 esse
3349 4859 3565 4924 apposi-

2017 4924 2278 4993 tissimum
2311 4924 2506 4993 videbit
2532 4926 2620 4993 qui
2653 4939 2757 4977 non
2786 4934 2987 4977 tantum
3017 4925 3253 4992 epistola:
3283 4941 3570 4993 argumen-

2019 5001 2129 5061 tum
2147 5030 2171 5061 ._
2191 4992 2283 5044 sed
2318 5002 2369 5044 et
2414 4991 2646 5045 Anselmi
2695 4995 2853 5046 verba
2899 4991 3106 5061 legerit.
3153 4991 3391 5047 Deluncli
3441 5010 3567 5050 vero

2015 5058 2293 5112 Gislcberti
2328 5075 2522 5112 annum
2575 5061 2707 5113 ΗΠ
2761 5058 3007 5114 numerat
3052 5064 3102 5115 in
3149 5061 3410 5115 Chronico
3440 5062 3562 5118 Flo-

2013 5127 2212 5180 rentius
2269 5128 2686 5197 Wigorniensis,
2753 5130 2905 5198 cujus
2969 5133 3291 5198 computatio
3372 5131 3567 5186 collata

2009 5209 2133 5265 eum,
2183 5212 2405 5250 munero
2445 5212 2704 5250 annorum
2755 5197 2948 5265 quibus
2994 5197 3201 5264 prreluit
3234 5198 3568 5253 Gislebertus

2012 5264 2181 5316 reldit
2215 5265 2426 5329 insimul
2458 5281 2650 5318 annum
2685 5264 2792 5319 suae
2826 5267 3117 5325 electionis,
3148 5268 3352 5319 scilicet
3385 5267 3518 5320 1084
3550 5287 3562 5318 ;

2009 5331 2136 5398 Ejus
2167 5334 2457 5406 doctrinam
2488 5335 2793 5406 saeuiarem
2817 5346 2870 5406 et
2891 5336 3124 5406 divinam
3159 5335 3324 5406 leniit.
3359 5335 3566 5406 plaudat]

2009 5413 2234 5467 utraque
2263 5403 2402 5454 enim
2436 5403 2750 5456 excelluisse
2803 5405 2944 5455 dedit
2977 5402 3246 5457 memoriae
3271 5402 3565 5456 Guilelmus

2011 5469 2144 5539 libro
2172 5485 2243 5522 vn
2282 5469 2476 5539 llistor.
2519 5473 2708 5522 ducum
2737 5470 3223 5539 Northmannorum
3251 5487 3366 5539 cap.
3394 5472 3482 5528 ‘22.
3507 5472 3560 5524 5.

2011 5537 2248 5591 llcrluiui
2273 5538 2551 5591 Bcccensis
2575 5541 2893 5592 institutoris
2923 5538 3034 5591 Vita
3068 5540 3156 5590 lib.
3188 5557 3236 5604 ι,
3269 5537 3365 5592 ms.
3396 5539 3563 5595 Chro—

2010 5609 2130 5659 nico
2164 5605 2435 5672 Becceusi,
2459 5607 2608 5673 cujus
2653 5609 2841 5660 iterum
2873 5611 2929 5658 tit
2971 5608 3169 5661 mentio
3205 5611 3255 5661 in
3284 5608 3397 5661 Vita
3429 5607 3566 5661 Lai.-

2014 5673 2176 5728 lranci
2233 5675 2425 5730 ibidem
2481 5691 2603 5741 tns.,
2653 5687 2701 5728 et
2748 5678 2882 5745 apud
2914 5675 3324 5732 Gentmeticens.
3371 5687 3560 5746 supra,
