4214 6228
617 328 754 382 H67

1172 327 1228 378 ἐξ,
1262 327 1552 380 ANSI‘JLMI
1592 326 1934 382 (IANTUAIL
1980 327 2296 384 ARCIIIEI’.
2328 328 2474 380 (lI’I‘.
2520 329 2691 383 PARS
2720 331 2799 383 III.
2829 361 2896 371 ——
2936 331 3304 390 EPISTOLA'I.

2489 185 2512 216 υ

3698 339 3830 399 “68

616 444 776 498 “eam
810 442 990 493 eadem
1022 441 1297 501 upmcula,
1331 444 1630 494 considero.
1681 445 1875 496 I’recor
1916 448 2076 509 igitur
2112 453 2167 495 ut
2203 443 2241 494 Λ
2276 443 2411 493 tibus
2445 444 2725 508 quiescere
2773 459 2874 494 non
2909 447 3102 512 possit;
3165 455 3218 499 et
3259 447 3567 502 boncdiclus
3603 452 3741 507 Deus
3776 457 3830 513 In

615 533 659 587 si
709 532 940 590 libellos,
975 548 1107 597 quos
1152 533 1422 590 sanctitati
1481 542 1668 584 vestra:
1715 534 1779 563 3"”
1805 534 1986 600 jussus
2031 535 2170 596 misi,

617 636 932 691 recuperare
963 622 1241 688 poteritis,
1274 623 1396 673 illud
1443 624 1580 689 quod
1615 624 1664 674 in
1709 623 1837 690 ipsis
1883 624 2051 675 titulis
2081 641 2174 691 pu-

608 716 770 767 situm
812 725 923 774 est,
971 713 1177 765 scilicet
1221 714 1286 767 de
1336 714 1538 764 ratione
1590 713 1706 764 tidei
1735 755 1747 776 ,
1788 715 1928 767 velut
1981 730 2160 782 supcr-

609 804 889 857 abuudaus
955 805 1294 865 recidentes;
1353 804 1495 853 ilhnn
1554 818 1712 869 quem
1772 803 2170 869 monoloquium

611 893 903 952 nominavi,
928 893 1254 965 mono!ogion
1289 891 1518 942 vocetis:
1547 899 1598 942 et
1623 891 1851 942 alterum
1899 906 2000 943 non
2038 891 2170 942 allo-

607 984 791 1051 qttiutu
815 1023 828 1043 ,
866 983 958 1032 sed
988 980 1282 1047 proslogion
1311 977 1532 1031 titulctis
1576 997 1586 1029 :
1625 988 1678 1031 et
1709 980 2004 1032 secundum
2045 981 2174 1031 titu~

608 1074 781 1126 lorum
811 1070 1236 1131 correctionem,
1287 1069 1443 1120 finem
1491 1067 1915 1136 pnefatiuucula:
1950 1069 2171 1121 minoris

607 1165 790 1228 libelli,
821 1180 939 1232 qum
981 1163 1046 1215 de
1088 1161 1288 1216 eisdem
1335 1159 1500 1214 titulis
1550 1160 1805 1228 loquitur,
1852 1161 2165 1213 emendctis.

604 1256 713 1310 Cur
750 1265 924 1306 autem
973 1255 1111 1306 hanc
1170 1252 1518 1304 mulationem
1568 1251 1680 1303 fieri
1721 1250 1972 1318 rogitem,
2000 1266 2166 1318 expo—

607 1360 764 1408 nere,
788 1346 830 1397 si
859 1353 1062 1410 tantum
1104 1342 1225 1403 flat,
1259 1356 1355 1396 nec
1379 1342 1510 1393 adeo
1537 1349 1618 1391 est
1650 1339 2036 1404 necessarium,
2072 1355 2168 1392 nec

603 1434 705 1487 hac
731 1432 1004 1502 epistulari
1032 1431 1313 1490 brevitate,
1344 1442 1500 1495 quant
1545 1426 1813 1493 proposui,
1846 1441 2165 1492 congruum.

601 1523 759 1587 Quod
794 1524 836 1574 si
869 1521 1158 1576 secundum
1183 1524 1416 1569 nostram
1447 1515 1756 1582 petitionem
1784 1514 2037 1577 feceritis,
2067 1516 2165 1567 hoc

599 1618 799 1665 vestra:
832 1607 1137 1677 paternitati
1168 1604 1290 1657 volo
1320 1605 1618 1656 retribuere
1645 1622 1656 1653 :
1694 1613 1752 1655 ut
1788 1604 1829 1655 si
1861 1603 1999 1656 Deus
2035 1604 2163 1655 mihi

602 1718 665 1755 ea
710 1716 827 1768 qua:
865 1697 1109 1751 desidero
1158 1693 1362 1746 dederit
1405 1692 1668 1751 scribere,
1701 1691 1934 1760 aSpcctui
1986 1702 2165 1745 vestro

2275 531 2425 581 donis
2457 531 2587 592 suis,
2639 533 2727 600 qui
2772 534 2974 585 utinam
3024 534 3101 587 sic
3152 537 3455 591 abstulisset
3496 556 3523 592 a
3569 550 3618 594 te
3652 545 3829 599 odium

2274 623 2464 674 animm.
2500 635 2622 684 tum,
2666 627 2932 691 quomodo
2974 625 3118 677 dedit
3165 627 3294 680 mihi
3343 646 3586 685 amorem
3645 633 3828 688 salutis

2276 721 2406 763 tua»
2433 713 2649 764 Sttslittc
2682 729 2788 776 me,
2819 716 2989 768 dulcis
3017 717 3211 780 amice,
3243 727 3294 770 et
3327 720 3487 773 tolera
3524 723 3826 781 dilectorem

2276 812 2419 854 tottot
2445 802 2531 866 ,Isi
2562 803 2894 869 importunus
2928 804 3016 856 tibi
3051 804 3117 834 ’99
3145 805 3347 868 videor,
3381 817 3433 857 et
3462 809 3648 863 durius
3671 827 3826 877 quam

2273 890 2405 943 veiis
2462 901 2638 944 tecum
2675 891 2884 956 loquor.
2933 893 3096 945 Amor
3131 895 3270 946 enim
3314 896 3506 947 anitum
3546 907 3647 951 tua:
3692 899 3829 965 cogit

2272 977 2502 1028 animam
2544 992 2736 1040 meam,
2784 993 2879 1030 uec
2905 980 3104 1046 patitur
3135 997 3252 1034 eam
3294 983 3402 1050 pati
3447 991 3503 1036 ut
3549 995 3605 1036 tu
3647 986 3842 1039 oderis

2270 1082 2410 1133 eam,
2441 1066 2592 1129 cujus
2641 1083 2876 1120 amorem
2915 1084 3126 1137 semper
3171 1071 3332 1126 habet
3372 1089 3570 1128 sccttm.
3610 1076 3826 1145 Suscipe

2270 1172 2416 1224 ergo,
2438 1157 2776 1221 charissime,
2799 1172 2920 1211 cum
2953 1157 3154 1224 amore,
3189 1161 3326 1227 quod
3358 1177 3451 1215 oro
3482 1174 3541 1217 ut
3567 1162 3705 1219 Deus
3726 1165 3823 1229 tibi

2272 1245 2380 1306 det,
2414 1245 2555 1297 dicta
2588 1246 2845 1298 amatoris
2876 1246 2971 1297 tui.
3021 1245 3099 1298 Tu
3146 1260 3226 1311 es,
3255 1247 3634 1313 dilectissime,
3676 1261 3742 1305 tu'
3768 1267 3826 1305 es

2269 1334 2409 1401 quod
2444 1333 2575 1387 dicit
2623 1349 2775 1386 amor
2805 1350 2923 1386 cmn
2956 1333 3168 1397 dolore,
3203 1343 3258 1388 et
3297 1335 3448 1389 dolor
3472 1352 3594 1390 cum
3626 1319 3826 1404 amore,

2270 1423 2379 1489 qui,
2419 1425 2565 1490 quod
2597 1425 2734 1476 Deus
2757 1423 2963 1477 auferat
2993 1440 3022 1476 a
3058 1432 3136 1489 te,
3165 1425 3323 1479 odisti
3356 1427 3604 1482 dilectam
3638 1429 3828 1484 anima:

2270 1530 2402 1567 mem
2440 1517 2674 1567 animam
2705 1525 2882 1581 tuam;
2909 1518 3158 1584 quoniam
3181 1520 3269 1586 qui
3293 1518 3459 1588 diligit
3484 1521 3823 1590 iniquitatem,

2269 1605 2381 1656 odit
2420 1606 2651 1656 animant
2695 1621 2844 1657 suam
2876 1603 3046 1673 (I’sal.
3094 1622 3154 1670 κ,
3189 1605 3266 1676 6);
3310 1607 3569 1676 lniquitas
3605 1621 3744 1664 certe
3772 1623 3826 1664 et

2271 1695 2582 1763 iniquitates
2631 1705 2791 1759 sunt,
2825 1711 2929 1763 quo
2972 1703 3117 1750 tanto
3170 1695 3358 1750 aﬂ’ectu
3409 1713 3706 1768 prosperas,
3752 1704 3823 1754 mi

517 1785 523 1790 ’
597 1791 764 1846 nolim
794 1805 883 1850 ea,
930 1796 987 1840 ut
1025 1794 1150 1854 puto
1192 1800 1294 1837 non
1337 1783 1512 1835 minus
1554 1782 1825 1850 prioribus
1878 1781 2160 1850 placitura,
2197 1768 2238 1824 Β
2266 1786 2749 1854 dilecteJniquitas
2771 1795 2825 1840 et
2851 1787 3157 1854 iniquitates
3186 1797 3330 1853 sum,
3351 1803 3456 1856 quo
3477 1792 3704 1844 ιθιηιιίι
3731 1792 3817 1844 im.

599 1883 938 1936 subtrahere.
972 1877 1309 1931 Fidelitatem
1337 1884 1594 1938 vestram,
1625 1890 1782 1943 quam
1822 1874 1986 1927 semel
2017 1875 2162 1928 cordi

605 1988 724 2026 meo
746 1969 1139 2031 commendavi,
1177 1977 1488 2034 protegente
1521 1967 1644 2028 Deo,
1686 1978 1864 2019 servat
1899 1975 1952 2019 et
1984 1980 2165 2018 serva-

599 2062 708 2124 bit;
761 2075 860 2114 nec
905 2057 1240 2111 dissimiliter
1282 2057 1347 2108 de
1396 2056 1565 2123 gratia
1618 2065 1812 2108 vestra:
1866 2057 2166 2110 sanctitatis

598 2157 783 2222 sperat
811 2157 864 2203 et
896 2146 1155 2216 sperabit.

1118 2233 1448 2288 EPISTOLA
1492 2232 1668 2286 XVIII.

1032 2339 1099 2377 AD
1136 2337 1408 2377 IONACIIUS
1433 2337 1737 2376 BECCENSES.

770 2416 847 2469 De
875 2432 1117 2485 prospera
1156 2431 1249 2468 sua
1280 2417 1334 2468 in
1370 2414 1610 2482 Angliam
1644 2413 1984 2481 navigatione.

664 2507 1013 2572 Charissimis
1039 2513 1094 2559 et
1127 2503 1596 2559 desideratissimis
1623 2504 1853 2556 dominis
1884 2503 1992 2555 suis
2011 2542 2024 2565 ,
2053 2517 2165 2554 ser-

593 2599 677 2651 vis
711 2596 803 2650 Dei
833 2596 988 2649 Becci
1018 2595 1512 2656 commanentibus,
1547 2608 1736 2646 servus
1778 2606 1964 2643 eorum
1999 2590 2165 2643 frater

595 2690 894 2756 Aaseuws,
922 2686 988 2739 de
1019 2685 1212 2737 virtute
1245 2685 1296 2737 in
1323 2685 1570 2737 virtutem
1600 2683 1882 2750 proficere,
1911 2690 1969 2733 ut
1998 2681 2161 2734 Detun

603 2778 827 2830 deorum
861 2775 913 2827 in
944 2774 1073 2827 Sion
1107 2783 1416 2827 mereantur
1441 2774 1775 2841 conspicere.

671 2865 791 2919 Mox
818 2873 874 2917 ut
901 2865 964 2918 de
995 2864 1129 2916 mari
1157 2863 1297 2916 exivi
1327 2864 1378 2916 in
1403 2863 1681 2932 Anglicani
1716 2847 1912 2915 terram
1945 2862 2030 2915 die
2058 2862 2162 2915 Do-

597 2957 792 3013 ntiuica
818 2971 902 3008 me
924 2956 1002 3008 Eire
1024 2955 1471 3023 Quadragesimm,
1501 2955 1628 3008 hora
1651 2954 1828 3019 tertia,
1853 2955 2047 3006 dictavi
2068 2954 2164 3006 has

605 3049 811 3102 litteras
857 3057 914 3099 ut
970 3057 1203 3099 vestram
1241 3045 1578 3098 dilectionem
1627 3044 1692 3098 de
1733 3043 1914 3097 "nostri
1959 3044 2165 3096 itineris

599 3136 957 3206 prosperitate
988 3133 1333 3186 laetificat-em.
1357 3133 1448 3185 Dei
1475 3133 1614 3185 enim
1643 3133 1810 3200 gratia
1841 3130 2050 3184 favente
2076 3146 2166 3184 ve—

599 3225 725 3278 stris
753 3224 1084 3278 Orationibus
1103 3262 1116 3286 ,
1141 3222 1319 3274 omnia
1346 3233 1600 3288 prospere
1627 3229 1679 3271 et
1707 3218 1997 3271 honmilice
2028 3217 2163 3270 ultra

597 3328 744 3381 spent
773 3327 944 3373 meam
980 3310 1109 3363 mihi
1137 3319 1192 3364 et
1220 3310 1284 3362 iis
1307 3310 1394 3378 qui
1427 3315 1774 3360 mecumsuut
1805 3306 1856 3357 iu
1882 3314 2021 3357 terra
2040 3305 2162 3358 etin

596 3403 756 3465 mari,
787 3407 1067 3469 postmtam
1101 3417 1129 3452 a
1167 3400 1318 3452 vobis
1341 3399 1586 3460 discessi,
1619 3403 1934 3449 evenerunt.
1970 3396 2166 3446 Precor

588 3497 778 3560 itaque
801 3501 856 3542 ut
880 3493 1016 3544 sicut
1037 3489 1238 3542 fecistis
1267 3491 1547 3547 hactenus,
1574 3488 1641 3538 ita
1670 3495 1723 3538 et
1749 3485 1997 3552 deinceps
2012 3498 2166 3552 pcre-

599 3589 957 3654 grinatiouem
978 3595 1211 3640 nOStram
1230 3578 1437 3634 orando
1455 3575 1743 3641 adjuvctis:
1763 3575 1852 3627 sed
1871 3573 2036 3626 multo
2054 3588 2164 3625 ma-

593 3681 674 3749 gis
689 3694 876 3747 precor
889 3691 943 3731 ut
962 3677 1187 3730 reditum
1212 3679 1450 3723 nostrum
1472 3668 1602 3718 bene
1621 3665 1844 3716 vivendo
1859 3662 2158 3716 Iaetiticetis.

1081 3759 1406 3818 EPISTULA
1439 3756 1556 3810 XIX
1584 3755 1673 3807 ³⁸⁸.
1990 3765 1998 3769 “

1140 3869 1204 3905 ΔΙ)
1241 3860 1629 3903 Gl‘ILLELNUM.~

668 3952 865 4009 δινσιειί
895 3949 1050 4002 militi
1080 3945 1260 3998 suadet
1293 3940 1416 3992 dare
1439 3953 1622 3990 nomen
1651 3933 1848 3985 militia:
1874 3931 2089 3983 Christi.

672 4044 783 4097 Suo
815 4041 864 4094 in
894 4027 1005 4092 Deo
1034 4035 1336 4089 desiderato
1356 4071 1368 4093 ,
1401 4029 1593 4081 dilecto
1633 4037 1686 4078 et
1722 4025 1925 4078 utinam
1956 4023 2160 4079 deside-

596 4136 737 4192 ranti
760 4119 1794 4187 dilectoriGUILLtzLuot'raterAN-sutus
1808 4116 1982 4171 dictus
1996 4117 2158 4169 abbas

591 4225 772 4287 Becci,
799 4219 1216 4291 periculosamet
1245 4224 1604 4265 :erumnosam
1633 4215 1976 4259 contemnere
1999 4206 2154 4258 vani-

596 4329 776 4377 tatem,
805 4310 864 4367 et
889 4326 1129 4367 securam
1153 4317 1311 4373 atque
1347 4305 1555 4355 beatam
1589 4311 1828 4373 quaerere
1852 4296 2154 4348 veritatem.

2267 1887 2421 1944 pctus
2445 1877 2698 1929 torrentis
2729 1879 3008 1929 mundana:
3049 1878 3246 1940 ruinrc,
3281 1879 3350 1931 mi
3381 1877 3698 1934 desiderate.
3723 1883 3823 1934 lni-

2267 1968 2446 2047 quitas
2466 1968 2609 2020 enim
2639 1978 2720 2020 est
2752 1977 2970 2021 eruenta
3000 1968 3262 2022 bellorum
3279 1969 3537 2024 confusio.
3566 1971 3824 2040 Iniquitas

2266 2058 2641 2111 estnnmdana:
2669 2059 2926 2112 vanitatis
2957 2058 3192 2113 ambitio.
3215 2060 3470 2129 Iuiquitas
3493 2072 3570 2117 est
3602 2063 3821 2117 insatia-

2268 2145 2385 2198 bilis
2431 2145 2500 2176 ⁸⁰⁰
2533 2147 2786 2199 falsorum
2833 2148 3090 2200 bonorum
3129 2157 3183 2201 ct
3230 2147 3480 2203 falsarum
3515 2149 3819 2206 divitiarum

2213 2257 2217 2264 ι
2265 2235 2511 2287 aviditas.
2543 2236 2620 2287 Ad
2640 2235 2771 2298 brec,
2803 2237 2899 2288 heu
2925 2235 3031 2289 meI
3057 2235 3210 2290 video
3234 2235 3404 2300 illum,
3437 2253 3592 2310 quem
3615 2248 3821 2295 tantum

2267 2320 2536 2390 diligendo
2587 2323 2831 2398 retinere
2868 2322 3133 2385 desidero,
3179 2323 3317 2378 trahi
3350 2323 3418 2377 ab
3455 2325 3608 2379 hoste
3631 2327 3823 2381 callido

2265 2413 2564 2482 deeipiente
2607 2429 2703 2466 eor
2742 2401 2873 2482 ejus.
2921 2412 3104 2466 Amice
3142 2413 3412 2467 hominum
3461 2423 3515 2468 et
3569 2416 3821 2470 liberator

2267 2503 2441 2563 Deus,
2479 2517 2548 2555 ne
2589 2504 2864 2569 pertrabat
2903 2516 3119 2554 servum
3171 2488 3329 2555 tuum.
3365 2503 3634 2558 inimicus.
3677 2506 3818 2561 Dicis

2267 2594 2422 2659 mihi,
2452 2595 2627 2653 frater
2655 2594 2959 2646 desiderate
3001 2610 3014 2645 :
3058 2591 3170 2646 Non
3199 2592 3297 2645 ista
3326 2592 3510 2661 diligo,
3541 2597 3634 2648 sed
3661 2596 3708 2647 iu
3739 2597 3817 2650 tis

2269 2688 2566 2741 involutum
2600 2687 2818 2740 fratrem
2858 2701 3060 2749 meum;
3098 2695 3153 2739 et
3192 2685 3390 2740 idcirco
3431 2686 3624 2740 festino
3665 2667 3713 2738 in
3740 2687 3840 2746 eis,

2268 2777 2508 2830 convolvi
2529 2791 2750 2837 cumeo,
2777 2786 2834 2828 ut
2855 2774 3097 2842 adjuvcm
3120 2782 3174 2826 et
3195 2774 3487 2828 custodiam
3511 2788 3653 2828 eum.
3694 2774 3811 2836 Va-,

2264 2881 2601 2918 zerumnosus
2626 2865 2775 2917 dolor
2793 2866 2857 2918 de
2883 2877 3181 2918 :cruunmso
3203 2878 3387 2918 errore
3409 2863 3634 2918 liIiorum
3658 2865 3812 2918 Athe!

2265 2956 2461 3019 Quare,
2495 2971 2527 3008 o
2559 2956 2743 3016 homo,
2773 2970 2875 3006 non
2915 2955 3089 3021 potius
3138 2953 3270 3008 dicis
3302 2970 3315 3007 :
3347 2952 3460 3006 Non
3495 2955 3591 3008 ista
3625 2956 3813 3023 diligo,

2267 3047 2358 3100 sed
2388 3046 2660 3099 Christum
2691 3045 2856 3098 Deum
2900 3059 3108 3108 meum;
3142 3051 3196 3096 et
3245 3029 3443 3098 idcirco
3471 3045 3570 3098 ista
3612 3044 3817 3113 fugiens

2265 3138 2461 3191 festino
2496 3136 2561 3188 ad
2613 3151 2758 3198 eum,
2787 3143 2844 3187 ut
2871 3135 3087 3202 adjuver
3126 3141 3179 3185 et
3219 3122 3578 3187 custodiarab
3619 3147 3699 3184 eo.
3733 3131 3814 3184 An

2267 3234 2358 3290 tu,
2407 3226 2593 3279 audito
2637 3224 2848 3292 fragore
2907 3221 3109 3274 ruentis
3159 3220 3336 3274 mundi
3391 3235 3554 3288 super
3598 3219 3817 3273 fratrem

2267 3328 2449 3380 tuum,
2495 3325 2844 3370 contemnens
2901 3323 3182 3366 vocantem
3227 3311 3390 3384 348
3433 3312 3700 3367 Christum
3745 3313 3814 3343 ⁸⁸³

2264 3407 2435 3459 curris
2470 3407 2568 3458 sub
2597 3406 2765 3473 ipsam
2814 3403 3055 3463 ruinam,
3107 3411 3164 3453 ut
3205 3401 3558 3454 homunculus
3596 3402 3819 3453 homun-

2263 3493 2463 3555 culum,
2510 3490 2836 3546 vermiculus
2901 3488 3250 3547 vermiculum
3289 3487 3388 3540 sub
3441 3497 3548 3539 tam
3597 3485 3817 3550 confuso

2261 3583 2493 3649 pondere
2523 3583 2587 3634 et‘
2605 3581 2899 3648 ponderosa
2938 3577 3249 3632 confusione
3286 3575 3499 3649 adjuvet
3540 3587 3593 3630 et
3636 3586 3820 3629 custo-

2264 3647 2392 3726 diat.
2437 3647 2747 3738 Responde,
2779 3669 2965 3729 frater,
2997 3664 3115 3734 quis
3157 3647 3536 3733 adiuvabitm
3559 3674 3618 3737 et
3643 3675 3810 3718 custo-

2262 3764 2369 3813 diet
2419 3772 2469 3813 te
2521 3761 2667 3812 illum
2709 3759 3046 3824 adjuvautem
3091 3766 3144 3809 et
3189 3755 3608 3809 custodientem?
3655 3756 3813 3818 Deus,

2259 3862 2416 3917 quem
2445 3851 2620 3902 minus
2646 3850 2828 3901 studes
2859 3847 3005 3915 sequi
3038 3862 3194 3914 quam
3226 3847 3395 3912 ipsum
3420 3844 3638 3900 fratrem
3667 3854 3814 3900 tuum

2260 3941 2347 3994 ⁸⁰³.
2373 3941 2644 3994 Christum
2679 3948 2958 3993 vocantem
3000 3945 3050 3991 te
3069 3929 3385 3990 contemnis
3411 3937 3558 4004 sequi
3585 3936 3635 3989 in
3659 3950 3812 4004 pace,

2259 4042 2312 4086 et
2342 4034 2394 4086 in
2416 4032 2610 4099 patria,
2634 4040 2684 4082 et
2718 4030 2860 4082 inter
2889 4029 3213 4096 propinquos
3235 4037 3287 4080 et
3311 4027 3533 4092 amicos.
3561 4035 3622 4080 ut
3644 4024 3816 4081 literes

2257 4126 2459 4195 quidem
2505 4123 2630 4187 Dei,
2661 4123 3109 4176 cohaeresautem
3152 4119 3265 4187 ejus
3309 4120 3484 4191 (Rom.
3546 4116 3670 4193 vni,
3724 4119 3814 4188 Π)

2258 4205 2802 4282 βυδείάυειεῖθξηύηι
2849 4212 3138 4272 caelorum;
3184 4218 3239 4264 et
3279 4225 3376 4279 per
3424 4218 3501 4264 tot
3541 4218 3594 4263 et
3642 4219 3812 4262 tantas

2257 4304 2511 4368 itinerum
2543 4302 2779 4354 ditliciles
2812 4302 3152 4369 asperitates,
3185 4313 3281 4366 per
3309 4300 3535 4352 marium
3568 4298 3832 4353 turbines-

629 4422 634 4428 '
664 4406 855 4466 Tanta,
895 4403 962 4453 mi
998 4399 1192 4450 dilecte
1219 4402 1378 4459 atque
1409 4387 1729 4449 desiderate,
1764 4385 2047 4440 dilectione
2081 4385 2155 4438 tui
2185 4407 2234 4464 Ι)
2260 4403 2311 4446 ει
2339 4393 2657 4460 procellosus
2701 4399 3073 4458 tempestates»,
3107 4390 3157 4442 in
3205 4388 3509 4442 bellicosam
3539 4387 3810 4443 ωηῐυείο-

594 4498 827 4550 animam
863 4505 1032 4543 meam
1064 4484 1402 4551 onmipoteus
1430 4477 1684 4529 Dominus
1705 4491 1796 4528 sua
1823 4476 2017 4544 gratia,
2044 4490 2147 4528 non

599 4588 734 4641 meis
778 4581 1003 4640 meritis,
1034 4572 1313 4641 occupavit
1354 4588 1365 4621 :
1401 4577 1457 4620 ut
1498 4568 1636 4620 inter
1665 4567 1984 4620 desiderium
2017 4567 2157 4619 salu—

597 4678 666 4729 tis
705 4685 806 4727 tuae
849 4683 899 4722 et
943 4671 1187 4720 timorem
1231 4659 1449 4729 periculi
1509 4657 1582 4708 tui
1626 4667 1904 4722 angustata
1952 4656 2156 4709 diurnis

596 4782 659 4820 ac
689 4763 968 4820 nocturnis
1012 4753 1462 4811 sollicitudinibus
1488 4764 1604 4801 eam
1646 4764 1741 4816 pro
1786 4758 1836 4801 te
1880 4746 2158 4800 stimulan-

1860 4853 2091 4909 VAIIUE
2131 4854 2526 4943 L‘ECTIONES.

668 4987 730 5014 3‘"
773 4975 1085 5032 Sanctitatis
1126 4982 1316 5024 vestrte
1341 4967 1487 5034 jussu
1537 4984 1632 5019 ms.
1670 4965 1938 5017 sanctitati
1969 4975 2159 5018 vestra:
2200 4968 2383 5035 jussus

2264 4497 2381 4533 nem
2407 4482 2578 4534 curris
2610 4481 2673 4532 ad
2701 4478 2915 4532 fratrem
2943 4487 3113 4542 tuum,
3135 4476 3393 4530 utvideas
3413 4490 3557 4540 eum,
3595 4484 3651 4528 ut
3679 4473 3815 4528 mul-

2267 4579 2374 4621 tum
2406 4569 2608 4630 diram,
2668 4575 2932 4625 tenentem
2986 4552 3203 4633 regnum
3253 4563 3558 4618 Gnecorum
3605 4582 3617 4615 :
3665 4572 3717 4616 et
3759 4570 3814 4614 tu

2264 4667 2417 4727 putas
2452 4657 2520 4686 W
2545 4656 2667 4723 quia
2714 4655 2852 4707 Deus
2896 4652 3012 4720 plus
3044 4653 3257 4721 adjuvet
3281 4662 3335 4708 et
3363 4653 3623 4706 custodiat
3665 4650 3812 4703 illum

2262 4763 2357 4818 per
2387 4757 2459 4811 te,
2491 4761 2650 4814 quam
2692 4744 2807 4798 sine
2845 4751 2933 4808 te;
2974 4753 3064 4796 aut
3100 4745 3328 4812 teipsum
3371 4752 3585 4810 preptcr
3634 4739 3812 4804 illum,

2456 4968 2524 4997 ⁸⁵³⁸
2557 4966 2760 5020 Collata
2790 4983 2905 5019 cum
2951 4966 3126 5018 eodem
3159 4979 3257 5015 ms.
3355 4963 3421 4992 ³⁸⁸
3450 4959 3809 5029 Importunius

602 5053 690 5103 tibi
747 5031 841 5101 nis.
885 5051 1216 5110 inportunus
1247 5031 1354 5091 tibi
1414 5037 1783 5110 ‘°°_Conl_'usi_t_)_.
1816 5035 2069 5110 litiguitas
2097 5046 2180 5087 est
2201 5031 2526 5088 insatiabilis
2579 5054 2675 5088 ms.
2721 5035 2981 5110 confusio.
3017 5033 3272 5110 luiquitas
3294 5031 3688 5110 erilnmundapte
3716 5044 3811 5110 va-

601 5122 780 5172 nit;.tis
810 5103 1044 5167 autbiiio.
1093 5113 1343 5178 Iniquitas
1370 5115 1451 5178 est
1486 5105 1842 5178 insatiabilism
1876 5104 1938 5132 "°‘
1971 5103 2200 5178 Vacante
2229 5106 2439 5156 Christo
2465 5121 2559 5156 ms.
2591 5115 2865 5156 vocantem
2909 5103 3176 5178 Christum

1267 5177 1333 5207 “’3
1388 5176 1784 5228 Custodicutem
1813 5171 1991 5224 Deus..
2022 5173 2237 5223 fratrem
2272 5183 2416 5238 tuum
2468 5191 2480 5223 :

610 5207 708 5242 ms.
743 5187 862 5253 quis
893 5182 1158 5248 adjuvabit

591 5258 664 5291 ‘°"
696 5259 762 5312 fit
797 5265 853 5306 ut
880 5263 1031 5318 putas
1060 5266 1154 5301 ms.
1181 5257 1232 5299 et
1264 5257 1314 5298 tu
1338 5255 1494 5312 putas

3271 5100 3336 5129 '~°’
3367 5100 3496 5162 Quia
3539 5097 3810 5164 adjuvitbit

2521 5190 2616 5224 ms.
2658 5172 3083 5236 custodientem?
3115 5171 3314 5231 Deus,..
3359 5167 3574 5218 fratrem
3599 5165 3811 5230 tuum?

1748 5347 2026 5402 JOANNIS
2069 5345 2341 5401 PICARDI
2384 5348 2611 5402 NOTAE.

596 5463 788 5523 prmter
828 5453 938 5503 haec
963 5445 1164 5523 ‘ItOiltII.
1203 5444 1264 5494 47
1301 5444 1350 5494 ia
1385 5442 1603 5493 Cantica
1633 5440 1992 5523 canticorum,
2017 5451 2152 5523 quas
2206 5484 2208 5486 ,

599 5507 734 5590 Ῐψιιιι
787 5517 1183 5573 Ebcrbacenscs
1222 5524 1433 5564 exstare
1482 5518 1659 5561 mouet
1702 5507 2150 5590 additiuneulal'in

599 5575 856 5645 'lfrithem.
886 5591 935 5641 in
990 5587 1176 5638 Isaiam
1222 5583 1530 5648 prOpbetam
1570 5579 1656 5648 lib.
1701 5593 1751 5636 ι,
1785 5575 1857 5626 De
1890 5589 2012 5648 casu
2042 5575 2152 5648 dia-

601 5642 856 5720 boiinib.
894 5675 938 5720 ι,
977 5656 1046 5707 De
1078 5642 1284 5715 anima,
1323 5642 1419 5700 tib.
1453 5663 1501 5710 t,
1535 5646 1596 5698 ad
1622 5655 1890 5697 cautorem
1933 5642 2152 5709 Sagieth

2260 5454 2368 5490 sent
2395 5479 2407 5499 ,
2439 5439 2530 5491 lib.
2565 5455 2598 5489 ι.
2633 5438 2925 5505 Disputatio
2958 5451 3075 5488 cum
3117 5435 3344 5502 quodam
3373 5432 3554 5505 .Iudreo
3579 5427 3802 5505 ,metad-

2258 5496 2443 5559 versus
2471 5507 2681 5559 Judatos
2712 5496 2927 5566 omissa,
2960 5505 3106 5571 cujus
3136 5496 3278 5556 solus
3313 5500 3561 5571 meminit
3594 5496 3812 5550 'l'rilhe-

2259 5577 2415 5641 mins,
2451 5591 2716 5644 quamque
2743 5586 2921 5628 servat
2953 5566 3049 5627 ius.
3084 5584 3276 5626 uestra:
3307 5566 3665 5624 Bibliotheca.
