4214 6180
3761 26 4151 199 τηε-η

607 227 738 278 1171
1138 226 1194 280 S.
1237 224 1533 290 ANSELMI
1577 225 1921 282 CANTUAR.
1969 221 2265 279 ARClllEP

2161 221 2284 277 me.
2323 222 2472 280 om».
2509 222 2686 277 rans
2727 223 2808 278 ιιι.
2849 253 2916 266 ν
2962 199 3334 282 musrdm.
3691 224 3825 283 me

601 344 716 390 solo
767 337 924 389 verbo
968 336 1086 390 talis
1139 335 1445 391 homunculi
1481 348 1684 392 tantam
1713 351 1830 391 rem
1879 332 2158 404 incipiam.
2192 334 2237 391 Α
2268 329 2332 384 Ει
2359 327 2438 384 sic
2478 332 2675 401 singuli
2717 341 2875 386 erunt
2906 333 3126 401 perfecti
3177 348 3346 402 reges,
3379 331 3502 403 quia
3543 333 3689 402 quod
3710 337 3822 388 sin-

604 425 789 481 Moneo
821 424 985 494 igitur
1009 435 1273 496 quatenus
1298 437 1391 480 aut
1419 429 1622 482 litteras
1643 442 1764 481 cum
1789 425 1963 497 sigillo
1983 424 2160 478 domni

601 512 808 582 prtel'ati
849 513 1081 578 abbatis,
1116 513 1254 569 sicut
1276 517 1405 578 dixi,
1433 517 1642 578 mittas;
1666 525 1757 568 aut
1783 515 2001 567 omnino
2023 513 2164 582 quod

602 604 720 658 ﬁeri
757 603 1064 658 nullatenus
1105 615 1298 673 potest,
1331 607 1605 668 dimittas;
1659 616 1713 658 et
1759 605 2163 673 dispositionem

604 696 725 749 vitae
760 704 862 749 tua:
895 705 1061 749 totam
1097 697 1289 749 divinze
1313 697 1700 750 misericordia!
1734 697 2056 749 committas.

1065 804 1390 859 EPISTOLA
1422 805 1561 859 XXII
1593 805 1676 856 “9.

1201 910 1266 946 AD
1298 909 1564 948 IIUGONEU.

605 985 849 1058 Suggerit
871 991 918 1040 ei
939 988 1131 1041 monita
1155 987 1339 1106 quibus
1368 987 1566 1037 erudiat
1596 984 1868 1038 sa'culures
1891 985 1978 1051 qui
2003 984 2164 1049 ipsum

1268 1072 1296 1106 a
1339 1065 1479 1106 euut.

1268 1065 1479 1106 adeunt.

680 1145 906 1200 Domino
932 1156 984 1200 et
1035 1146 1208 1199 amico
1236 1145 1556 1199 charissiino
1593 1145 1794 1197 I'txcoxi
1828 1143 2034 1196 incluso
2062 1141 2167 1194 fra-

610 1242 692 1289 ter
719 1235 1000 1297 Axssmus
1027 1236 1203 1289 dictus
1247 1236 1417 1287 abluas
1448 1235 1623 1297 Beeci,
1673 1251 1700 1284 a
1754 1233 1908 1287 malis
1936 1230 2164 1291 excludi,

608 1327 662 1380 in
688 1327 843 1380 bouis
875 1326 1092 1380 includi.

682 1417 798 1470 Duo
831 1416 926 1468 viri
960 1414 1075 1467 laici
1106 1429 1273 1484 nuper
1300 1415 1364 1468 ad
1396 1429 1478 1467 me
1531 1423 1793 1466 venerunt
1831 1413 2071 1463 dicentes
2108 1423 2167 1462 se

609 1519 638 1558 a
678 1513 856 1558 vestra
882 1504 1164 1557 dilectione
1196 1504 1407 1567 missos,
1434 1513 1699 1573 quatenus
1727 1518 1790 1555 ex
1837 1510 2015 1554 nostra
2075 1514 2170 1552 ev

610 1596 821 1651 actione
835 1594 1034 1662 aliquid
1055 1604 1408 1658 assumerent,
1423 1596 1560 1647 unde
1577 1594 1709 1648 sead
1731 1594 1916 1662 patri-.c
1935 1590 2168 1644 cmlestis

607 1684 770 1757 διε
798 1699 1036 1738 amorem
1075 1687 1426 1738 accenderent
1467 1685 1560 1736 “°.
1585 1683 1686 1737 Per
1718 1699 1854 1752 quos
1896 1684 2082 1746 etiam,
2111 1691 2170 1762 ut

607 1774 935 1838 referebant,
989 1773 1297 1841 postulastis
1349 1781 1406 1826 ut
1462 1772 1662 1840 aliquid
1724 1787 1750 1823 a
1804 1786 1891 1825 me
1938 1770 2171 1823 breviter

609 1863 864 1932 scriptum
912 1862 1252 1932 acciperetis,
1297 1862 1439 1917 unde
1470 1861 1806 1915 saecularium
1839 1871 2045 1915 mentes
2076 1861 2171 1913 ho-

607 1954 810 2009 minum
844 1969 938 2010 vos
961 1955 1272 2008 adeuntium
1297 1953 1364 2007 ad
1406 1953 1565 2021 hujus
1590 1953 1768 2018 saeculi
1805 1961 2168 2020 contemptum

605 2053 662 2097 et
713 2043 900 2098 aeterni
949 2045 1096 2113 regni
1143 2041 1469 2096 desiderium
1513 2041 1834 2097 incitaretis.
1883 2040 2036 2107 Quod
2074 2055 2171 2094 vos

617 2141 760 2188 tanto
782 2133 971 2188 melius
997 2148 1090 2202 per
1109 2147 1202 2186 vos
1225 2130 1434 2185 edicere
1457 2132 1701 2198 potestis,
1723 2141 1925 2199 quanto
1954 2129 2171 2183 liberius

614 2224 836 2278 hauritis
881 2223 1003 2277 vita:
1036 2222 1372 2278 dulcedinem
1421 2216 1859 2276 cmlcstis.‘Nam
1903 2222 2042 2290 quod
2071 2235 2169 2288 ego

605 2313 760 2381 quasi
790 2327 819 2366 a
869 2313 1026 2382 longe
1073 2314 1300 2374 intueor,
1343 2327 1436 2367 vos
1466 2321 1622 2380 gustu
1669 2311 1917 2373 sentitis;
1945 2321 1997 2366 et
2029 2311 2168 2379 qqu

606 2415 707 2469 ego
756 2410 936 2455 mente
973 2401 1154 2470 jejuna
1204 2416 1299 2454 ore
1344 2400 1580 2464 rumino,
1628 2415 1722 2454 vos
1751 2401 1930 2454 cordis
1979 2397 2168 2452 aﬂectu

606 2489 808 2557 glutitis
831 2507 843 2542 :
870 2490 1010 2558 quod
1035 2489 1178 2544 enim
1218 2504 1318 2558 ego
1345 2490 1411 2544 de
1451 2497 1655 2544 sancta:
1685 2490 1804 2544 vita:
1849 2490 2171 2544 rectitudine

605 2588 880 2649 utcunque
924 2578 1182 2648 intelligo,
1215 2594 1309 2632 vos
1338 2579 1594 2647 operibus
1632 2581 1905 2644 tractatis;
1945 2590 2000 2633 et
2029 2578 2168 2648 quod

607 2683 708 2739 ego
739 2678 1008 2737 utcunque
1052 2670 1194 2738 loqui
1241 2685 1479 2738 possum,
1511 2685 1605 2724 vos
1635 2669 1882 2727 faciendo
1919 2674 2166 2740 gustatis.

607 2757 822 2825 Quanto
849 2773 975 2828 ergo
1021 2769 1171 2813 satur
1203 2761 1420 2814 suavius
1469 2765 1627 2828 quam
1669 2758 1883 2828 jejunus
1930 2770 2168 2826 eructat;

609 2862 761 2907 tanto
808 2852 1012 2907 dulcius
1054 2863 1228 2908 vestra
1275 2853 1622 2907 commonitio
1667 2855 1809 2921 quod
1849 2854 2172 2922 persuadere

611 2942 820 3007 nititur,
845 2942 1095 2996 inculcat.
1124 2941 1229 2996 Sed
1255 2943 1507 3010 quoniam
1530 2951 1720 2997 vestrm
1750 2943 1949 3010 aliquid
1977 2957 2172 3011 negare

612 3047 818 3102 nequeo
850 3033 1128 3095 voluntati,
1162 3034 1406 3102 quamvis
1456 3035 1556 3088 hoc
1600 3033 1741 3103 quod
1779 3049 1806 3086 a
1853 3048 1935 3086 me
1971 3033 2169 3102 petitis,

610 3124 664 3178 in
693 3123 972 3176 latitudine
1018 3138 1186 3179 sacrae
1236 3123 1528 3192 Scriptura;
1574 3123 1738 3177 multo
1783 3123 1973 3177 melius
2022 3122 2173 3191 inve-

611 3213 814 3267 niatis:
862 3220 1037 3266 tamen
1082 3215 1252 3266 dicam
1277 3214 1496 3280 ~aliquid
1531 3213 1823 3266 secundum
1861 3211 2172 3285 petitionem

611 3294 867 3368 vestram,
919 3317 985 3356 ne
1017 3317 1102 3356 me
1137 3302 1279 3355 velut
1306 3301 1422 3370 ejus
1457 3311 1880 3370 contemptorem
1914 3302 2171 3370 arguatis.

615 3391 714 3446 Sic.
737 3391 916 3459 itaque
959 3391 1190 3459 aliquem
1221 3391 1328 3446 illic
1365 3399 1595 3452 tantum,
1627 3398 1680 3443 et
1729 3391 1820 3457 qui
1853 3389 2040 3442 altiora
2086 3404 2176 3442 ca-

615 3495 746 3551 pere
771 3495 872 3535 non
903 3480 1187 3550 possit,'ad
1231 3479 1580 3532 beatitudinis
1607 3489 1823 3532 (eterna!
1852 3477 2173 3531 desiderium

619 3569 866 3623 existimo
897 3583 1051 3637 posse
1092 3567 1326 3623 invitari.
1360 3568 1548 3626 Frater
1581 3567 1917 3630 charissime,
1951 3581 2174 3633 regnum

617 3657 1114 3719 calorum‘elaniat
1151 3657 1289 3710 Deus
1333 3671 1391 3710 se
1425 3659 1618 3710 habere
1651 3657 1851 3710 venale.
1876 3656 2028 3722 Quod
2057 3657 2176 3724 qui-

619 3751 748 3804 dem
775 3763 993 3817 regnum
1016 3747 1270 3800 ccelorum
1303 3745 1405 3799 tale
1432 3754 1531 3810 est,
1562 3756 1618 3798 ut
1650 3744 1762 3812 ejus
1791 3746 2174 3798 beatitudinem

619 3848 672 3893 et
710 3839 932 3909 gloriam
969 3853 1067 3892 nec
1107 3837 1293 3890 oculus
1331 3837 1559 3906 hominis
1601 3836 1841 3890 mortalis
1887 3837 2052 3903 possit
2094 3836 2178 3892 vi-

621 3929 766 3990 dere,
817 3941 914 3981 nec
965 3926 1108 3979 auris
1157 3925 1360 3990 audire,
1416 3941 1513 3978 nec
1563 3942 1656 3978 cur
1705 3926 1939 3994 cogitare
1972 3923 2020 3993 (I
2053 3924 2172 3976 Cor.

621 4037 682 4084 ll,
714 4020 768 4089 9)
796 4038 810 4073 :
844 4029 902 4072 ut
934 4029 1110 4078 tamen
1145 4020 1322 4088 aliquo
1354 4021 1510 4074 modo
1539 4020 1664 4072 illud
1716 4022 1887 4089 possis
1917 4023 2174 4088 cogitare.

623 4109 875 4176 Quisquis
923 4110 992 4162 ibi
1044 4123 1203 4179 regna
1230 4112 1505 4173 meruerit,
1553 4110 1805 4176 quidquid
1861 4110 1971 4177 ipse
2018 4111 2176 4173 volet,

625 4200 728 4253 hoc
761 4199 863 4253 erit
894 4199 944 4251 iu
986 4197 1122 4252 etnlo
1161 4207 1216 4250 et
1259 4199 1309 4251 in
1345 4209 1517 4259 terra;
1563 4197 1818 4264 quidquid
1855 4212 1980 4250 vero
2011 4197 2175 4260 uolet,

2265 419 2595 495 gulivolent,
2629 421 2728 476 hoc
2758 424 2890 487 erit;
2917 433 2970 476 et
2994 438 3183 477 omnes
3206 416 3378 476 simul
3396 440 3517 478 eum
3555 425 3659 478 Deo
3688 441 3825 480 unus

2266 525 2378 575 rex,
2407 520 2462 564 et
2488 512 2639 580 quasi
2674 527 2810 566 unus
2839 515 3015 574 homo,
3041 515 3164 581 quia
3200 526 3388 567 omnes
3417 530 3580 567 unum
3623 514 3820 582 volent,

2263 610 2316 653 et
2357 594 2496 669 quod
2530 597 2708 654 volent
2749 601 2869 654 erit.
2917 602 3063 655 lianc
3110 617 3341 657 mercem
3371 602 3566 656 clamat
3594 589 3731 658 Deus
3759 605 3825 658 de

2264 692 2401 744 uelo
2431 706 2490 744 se
2522 690 2720 745 habere
2756 691 3017 744 venalem.
3065 693 3121 746 Si
3170 693 3287 761 quis
3313 693 3520 761 qumrit,
3572 709 3677 762 quo
3703 709 3822 763 pre-

2268 781 2386 831 tio?
2420 781 2770 849 respondetur
2817 780 2890 833 illi
2920 800 2932 834 :
2987 781 3099 834 Non
3151 783 3352 852 indiget
3381 795 3594 837 terreno
3631 787 3820 852 pretio,

2264 869 2352 937 qui
2386 869 2496 922 vult
2531 869 2670 923 dare
2708 885 2929 940 regnum
2975 872 3024 924 in
3055 873 3224 936 cmlo;
3278 888 3383 928 nec
3431 875 3624 943 aliquis
3654 883 3826 944 potest

2268 960 2374 1012 Deo
2405 962 2533 1014 dare
2575 962 2718 1031 quod
2750 977 2853 1017 non
2901 965 3111 1028 habeat,
3159 964 3310 1032 cujus
3339 976 3422 1020 est
3462 977 3628 1021 totum
3671 969 3826 1037 quide

2266 1049 2392 1114 quid
2419 1059 2519 1103 est.
2547 1049 2652 1105 Nec
2682 1061 2858 1105 tamen
2885 1053 2976 1106 dat
3006 1055 3143 1108 Dens
3165 1065 3368 1109 tantam
3393 1071 3504 1110 rem
3536 1059 3652 1112 sine
3682 1061 3824 1114 omni

2267 1143 2460 1208 pretio,
2492 1144 2614 1212 quia
2653 1159 2753 1198 non
2785 1145 2875 1198 dat
2907 1145 3048 1199 illam
3089 1162 3194 1201 non
3226 1149 3449 1202 amanti.
3492 1148 3658 1203 Nemo
3682 1152 3826 1205 enim

2267 1233 2358 1286 dat
2397 1234 2536 1302 quod
2584 1236 2806 1288 charum
2854 1236 3015 1290 habet
3067 1237 3138 1290 illi
3175 1240 3258 1291 cui
3304 1239 3530 1292 charum
3577 1254 3679 1292 non
3721 1250 3825 1295 est.

2267 1322 2524 1386 Quoniam
2573 1340 2702 1394 ergo
2735 1325 2875 1380 Deus
2906 1333 2991 1379 tua
3037 1342 3094 1382 re
3136 1344 3239 1382 non
3271 1338 3410 1398 eget,
3454 1336 3562 1384 nee‘
3583 1331 3710 1385 dare
3737 1332 3828 1386 de-

2267 1415 2356 1466 bet
2385 1423 2585 1469 tantam
2618 1433 2728 1470 rem
2759 1420 3120 1473 contemnenti
3148 1435 3332 1475 amare
3353 1420 3531 1484 illam;
3559 1437 3662 1474 non
3687 1437 3828 1490 qum-

2271 1503 2336 1554 rit
2368 1503 2468 1556 nisi
2498 1518 2758 1569 amorem,
2787 1507 2904 1561 sine
2931 1521 3034 1574 quo
3067 1521 3171 1561 non
3217 1508 3348 1562 dare
3387 1508 3564 1563 debet.
3602 1510 3674 1562 Da
3702 1524 3829 1578 ergo

2269 1606 2530 1655 amorem,
2557 1602 2612 1646 et
2638 1594 2821 1661 accipe
2845 1610 3064 1666 regnum
3091 1613 3104 1659 ;
3140 1610 3284 1659 ama,
3313 1605 3367 1650 et
3395 1597 3552 1652 habe.
3593 1596 3830 1668 Denique

2272 1683 2520 1750 quoniam
2563 1684 2785 1753 regnare
2834 1688 2884 1741 in
2922 1687 3057 1742 cmlo
3102 1689 3169 1719 "'
3216 1699 3322 1742 non
3367 1689 3640 1743 estaliud
3671 1703 3827 1757 quam

2271 1779 2347 1832 sic
2387 1779 2741 1849 conglutinari
2779 1794 2902 1833 cum
2938 1779 3066 1841 Deo,
3098 1788 3152 1831 et
3193 1793 3312 1832 cum
3341 1779 3591 1833 omnibus
3616 1778 3829 1851 sanctis

2271 1868 2472 1936 angelis
2501 1878 2554 1922 et
2588 1868 2889 1923 hominibus
2923 1883 3018 1938 per
3061 1869 3397 1922 dilectionem
3445 1867 3497 1920 in
3546 1882 3705 1920 unum
3734 1872 3825 1920 vo-

2271 1955 2564 2019 luntatem,
2611 1965 2668 2008 ut
2709 1970 2897 2010 omnes
2940 1964 3160 2010 utantur
3197 1953 3354 2008 simul
3397 1969 3500 2008 una
3543 1962 3824 2022 potestate.

2269 2046 2402 2099 Ama
2439 2045 2600 2100 Deum
2628 2046 2904 2113 plusquam
2933 2047 3181 2114 teipsum,
3207 2056 3262 2101 et
3285 2045 3397 2114 jam
3426 2047 3616 2117 incipis
3648 2055 3828 2101 tenere

2271 2136 2412 2203 quod
2456 2134 2554 2187 sibi
2602 2132 2838 2202 perfecte
2867 2135 2947 2188 vis
2987 2135 3204 2188 habere.
3238 2132 3516 2190 Concorda
3561 2150 3680 2189 cum
3725 2136 3833 2189 Deo

2270 2233 2324 2278 et
2347 2239 2468 2277 cum
2501 2223 2804 2276 hominibus
2851 2222 2938 2286 ⁸³³,
2989 2222 3033 2276 si
3083 2230 3288 2275 tantum
3329 2238 3374 2276 a'
3409 2223 3518 2277 Deo
3567 2223 3666 2291 ipsi
3716 2236 3823 2284 non

2271 2313 2609 2376 diseordcnt;
2647 2320 2701 2366 et
2726 2311 2839 2378 jam
2888 2311 3077 2381 incipis
3111 2326 3232 2365 cum
3263 2302 3371 2364 Deo
3416 2320 3470 2365 et
3517 2325 3635 2364 cum
3667 2311 3831 2364 omni-

2270 2403 2369 2456 bus
2407 2404 2609 2474 sanctis
2640 2416 2885 2472 regnare.
2939 2399 3069 2454 Nam
3099 2402 3390 2455 secundum
3438 2400 3579 2469 quod
3613 2408 3666 2454 tu
3699 2414 3829 2454 eon-

2271 2495 2519 2549 eordabis
2553 2495 2709 2550 modo
2742 2510 2864 2548 cum
2907 2495 3014 2550 Deo
3041 2504 3094 2549 et
3121 2511 3245 2548 cum
3277 2495 3602 2559 hominibus,
3636 2496 3687 2552 in
3718 2495 3831 2550 illo-

2274 2601 2388 2638 rum
2442 2575 2712 2638 voluntate
2770 2583 3115 2638 coucordabit
3168 2585 3306 2638 Deus
3361 2593 3484 2638 tuus
3539 2597 3592 2640 et
3649 2599 3831 2639 omnes

2272 2677 2438 2729 sancti
2488 2683 2659 2756 tecum
2689 2675 2740 2728 in
2772 2683 2857 2728 tua
2898 2674 3191 2728 voluntate.
3237 2675 3291 2728 Si
3329 2690 3457 2744 ergo
3485 2676 3564 2729 vis
3593 2691 3713 2730 esse
3738 2691 3832 2730 rex

2273 2767 2324 2820 in
2376 2767 2530 2830 coelo,
2579 2782 2697 2820 ama
2743 2766 2907 2820 Deum
2952 2776 3008 2821 et
3051 2768 3296 2821 homines
3347 2767 3486 2838 sicut
3537 2767 3736 2834 debes;
3782 2779 3836 2820 et

2274 2857 2564 2910 mereberis
2592 2872 2711 2911 esse
2755 2857 2895 2926 quod
2931 2865 3102 2926 Optas.
3153 2857 3466 2911 lluiic'vero
3496 2873 3733 2912 amorem
3767 2859 3834 2889 ⁸³⁸

2273 2959 2378 2998 non
2411 2945 2612 3014 poteris
2657 2945 2857 2998 habere
2901 2944 3216 3013 perfectum,
3267 2944 3368 2998 nisi
3397 2947 3744 3000 evaeuaveris
3767 2947 3835 2978 δ”

2272 3049 2367 3089 cor
2398 3043 2546 3086 tuum
2590 3033 2657 3086 ab
2706 3033 2849 3086 omni
2895 3033 3000 3088 alio
3037 3048 3234 3088 amore.
3289 3033 3494 3104 Quippe
3542 3036 3621 3089 sic.
3650 3037 3833 3089 est-de

2274 3127 2434 3179 corde
2465 3123 2696 3177 hominis
2724 3130 2774 3176 et
2811 3121 2878 3177 de
2905 3122 3004 3176 hoc
3049 3137 3251 3183 amore.
3283 3122 3552 3190 quomodo
3599 3124 3665 3178 de
3713 3139 3834 3177 vase

2273 3222 2328 3267 et
2375 3213 2512 3266 oleo.
2563 3212 2696 3264 Nam
2745 3212 2884 3264 sicut
2932 3227 3026 3264 vas
3055 3221 3257 3279 quanto
3303 3213 3473 3280 magis
3505 3228 3698 3280 aquam
3745 3222 3831 3265 aut

2276 3302 2438 3354 alium
2465 3300 2692 3355 similem
2735 3301 3014 3368 liquorem,
3054 3309 3199 3354 tanto
3245 3302 3419 3355 minus
3463 3302 3608 3369 capit
3637 3301 3831 3355 oleum.

2274 3389 2349 3442 Ita
2379 3405 2494 3450 cor,
2543 3389 2854 3457 inquantum
2884 3395 3180 3454 occupatur
3223 3387 3327 3440 alio
3365 3402 3569 3453 amore,
3615 3389 3668 3442 in
3716 3398 3834 3441 tan-

2276 3486 2386 3530 tum
2417 3477 2654 3531 excludit
2683 3477 2859 3530 istum.
2906 3475 3001 3528 Est
3028 3485 3104 3528 -et
3147 3475 3310 3540 aliud,
3344 3477 3467 3544 quia
3515 3477 3654 3531 sicut
3702 3477 3833 3533 fetor

2274 3575 2356 3622 est
2395 3566 2696 3621 contrarius
2749 3562 2917 3624 odori,
2973 3572 3027 3616 et
3071 3563 3302 3616 tenebrae
3347 3564 3479 3627 luci;
3535 3561 3614 3617 Sic
3663 3565 3835 3618 omnis

2276 3656 2413 3709 alius
2437 3669 2607 3713 amor,
2653 3654 2774 3706 huic
2807 3653 2998 3706 amori.
3032 3651 3182 3705 Sicut
3218 3653 3377 3729 igitur
3401 3655 3669 3707 contraria
3703 3670 3834 3706 nun-

2275 3761 2434 3814 quam
2472 3743 2629 3797 simul
2661 3744 2867 3809 integre
2911 3744 3263 3806 conveniunt;
3311 3743 3517 3796 sie-nec
3546 3745 3644 3797 iste
3686 3760 3835 3798 amor

2277 3848 2396 3888 cum
2429 3831 2532 3886 ullo
2563 3831 2663 3884 alio
2694 3844 2875 3882 amore
2910 3831 2961 3882 in
3012 3846 3117 3883 uno
3162 3830 3340 3884 corde.
3385 3829 3518 3884 llinc
3565 3841 3651 3885 est
3697 3832 3835 3900 quod

2277 3926 2364 3994 qui
2408 3939 2500 3978 cor
2543 3938 2697 3975 suum
2749 3922 2968 3990 implent
3013 3921 3297 3974 dilectione
3347 3920 3436 3973 Dei
3489 3931 3543 3975 et
3585 3922 3834 3990 proximi.

2279 4011 2409 4065 nihil
2453 4009 2593 4062 aliud
2642 4008 2823 4061 volunt
2870 4008 2970 4062 nisi
3017 4008 3156 4076 quod
3199 4008 3311 4062 vult
3351 4009 3510 4070 Deus,
3564 4017 3657 4061 aut
3693 4007 3832 4075 quod

2277 4103 2388 4155 vult
2417 4101 2550 4154 alius
2596 4088 2775 4160 homo,
2825 4109 3030 4159 tantum
3081 4101 3122 4152 si
3179 4113 3280 4152 non
3326 4099 3396 4152 sit
3447 4108 3633 4152 contra
3671 4099 3832 4152 Deum

2281 4193 2366 4246 δία.
2401 4192 2536 4246 lline
2563 4200 2645 4245 est
2672 4191 2810 4260 quod
2841 4191 3045 4243 instant
3067 4189 3422 4253 orationibus,
3450 4197 3502 4241 et
3533 4189 3836 4242 cmlestibus

623 4303 728 4342 non
753 4288 947 4352 erit'm
983 4289 1034 4340 in
1063 4287 1196 4344 etelo
1243 4301 1340 4340 nec
1384 4288 1433 4339 in
1469 4297 1626 4338 terra.
1677 4283 1844 4337 Tanta
1883 4286 2023 4338 enim
2073 4289 2176 4341 erit
2205 4296 2252 4352 ο
2279 4283 2571 4350 colloquiis,
2616 4290 2670 4334 et
2710 4280 3154 4348 cogitationibus;
3201 4277 3323 4350 quia
3371 4278 3529 4332 dulce
3578 4286 3661 4331 est
3692 4277 3834 4330 illum

622 4380 836 4437 dilectio
871 4379 1008 4432 inter
1039 4379 1202 4431 Deum
1248 4388 1300 4431 et
1335 4393 1427 4430 eos
1476 4378 1563 4443 qui
1599 4377 1666 4429 ibi
1720 4385 1895 4449 erunt,
1938 4385 1990 4430 et
2038 4377 2178 4430 inter

622 4470 830 4537 seipsos
854 4470 1099 4529 invicem,
1130 4477 1186 4518 ut
1215 4481 1398 4518 omnes
1430 4482 1486 4519 se
1511 4466 1734 4520 invicem
1765 4465 2008 4534 diligant,
2041 4467 2179 4520 sicut

624 4561 862 4627 seipsos;'
888 4560 978 4612 sed
1007 4573 1194 4610 omnes
1217 4557 1331 4626 plus
1361 4565 1541 4610 ament
1571 4557 1734 4611 Deum
1763 4571 1922 4625 quam
1954 4557 2175 4625 seipsos.

626 4650 689 4702 Et
714 4657 931 4717 propter
957 4650 1056 4700 hoc
1094 4646 1268 4699 nullus
1311 4647 1380 4701 ibi
1423 4648 1585 4711 volet,
1619 4647 1718 4700 nisi
1745 4647 1884 4716 quod
1918 4648 2093 4707 Deus;
2125 4657 2179 4701 et

623 4737 763 4804 quod
797 4752 934 4789 unus
959 4735 1119 4795 volet,
1168 4734 1267 4786 hoc
1310 4734 1484 4786 volent
1511 4748 1728 4798 omnes;
1775 4744 1827 4787 et
1860 4734 1998 4802 quod
2045 4749 2178 4787 unus

626 4825 708 4878 vel
735 4839 940 4885 omnes,
972 4825 1071 4876 hoc
1108 4824 1278 4889 ipsum
1307 4823 1446 4875 volet
1475 4824 1630 4877 Dens.
1665 4824 2000 4892 Quapropter
2027 4825 2182 4892 quid-

626 4912 750 4978 quid
793 4910 1153 4978 unusquisque
1185 4911 1339 4974 volet,
1371 4911 1472 4965 hoc
1502 4912 1607 4965 erit
1635 4923 1689 4965 et
1735 4912 1800 4965 de
1827 4913 2003 4980 seipse
2031 4922 2086 4966 et
2113 4913 2177 4966 de

623 5002 869 5054 omnibus
912 5002 1049 5064 aliis,
1085 5011 1139 5054 et
1179 5001 1243 5056 de
1275 5011 1380 5056 tota
1413 5012 1679 5064 creatura,
1714 5011 1767 5056 et
1806 5003 1869 5057 de
1901 5004 2014 5068 ipso
2044 5003 2172 5056 Deo.

2284 4373 2587 4427 desiderare
2617 4373 2781 4424 Deum
2829 4380 2882 4422 et
2909 4369 3050 4436 loqui
3081 4377 3135 4421 et
3181 4369 3366 4421 audire
3397 4377 3451 4421 et
3494 4367 3732 4435 cogitare
3773 4366 3835 4419 de

2286 4464 2374 4517 illo
2397 4476 2552 4530 quem
2585 4461 2805 4513 multum
2837 4468 3021 4511 amant
3047 4457 3136 4508 ⁸³⁷.
3171 4458 3306 4510 llinc
3331 4465 3415 4510 est
3440 4457 3579 4523 quod
3603 4455 3833 4524 gaudent

2286 4574 2400 4609 cum
2426 4555 2782 4625 gaudentibus,
2816 4551 2940 4606 ﬂent
2973 4567 3088 4602 cum
3117 4550 3355 4617 ﬂentibus
3388 4546 3566 4610 (Rom.
3596 4562 3690 4611 xu,
3729 4545 3834 4613 15),

2288 4648 2610 4700 miserentur
2641 4642 2869 4704 miseris,
2902 4636 3102 4692 doiiant
3135 4636 3520 4703 indigentibus,
3550 4635 3671 4702 quia
3704 4633 3835 4686 alios

2289 4738 2531 4792 homines
2585 4744 2832 4800 tanquam
2887 4731 3092 4798 scipsos
3151 4733 3352 4779 amant.
3404 4724 3538 4778 llinc
3567 4732 3650 4776 est
3695 4723 3834 4790 quod

2283 4833 2628 4882 contemnunt
2667 4821 2896 4880 divitias,
2951 4826 3261 4887 potestates,
3300 4815 3617 4883 voluptates,
3659 4821 3712 4866 et
3738 4813 3836 4865 bu-

2283 4914 2459 4970 norari
2487 4925 2577 4966 aut
2621 4911 2840 4964 laudari.
2875 4908 2972 4974 Qui
3004 4907 3142 4958 enim
3188 4907 3298 4958 hrec
3331 4911 3490 4960 amat.
3533 4916 3675 4969 saepe
3711 4901 3836 4954 facit

2283 5007 2481 5074 aliquid
2521 5014 2704 5057 contra
2749 4979 2914 5053 Deum
2960 5010 3012 5051 et
3045 5006 3230 5051 contra
3284 4995 3352 5026 ⁸³⁸
3382 4995 3703 5063 proximum.
3747 4991 3834 5046 Slc

1918 5098 2144 5153 VAlllrE
2187 5095 2579 5154 LECTIONES.

696 5191 760 5218 ⁸⁸³
792 5189 992 5240 Collum
1036 5205 1148 5240 cum
1199 5191 1372 5242 eodem
1417 5205 1513 5241 ms.
1562 5199 1607 5240 et
1653 5188 1790 5240 Edil.
1827 5199 1872 5240 et
1916 5187 2026 5240 Col.
2062 5190 2217 5244 1573.
2331 5187 2597 5248 "°Patris
2659 5187 2948 5255 ccclesiis;
2971 5187 3214 5255 accedere

1579 5233 2240 5312 λίι·ξι;ιέιιῑ·.,‹;ιῑ’ξηῖεῖιιῑξ.
2275 5233 2444 5316 tota:
2470 5233 2595 5305 τιλιδιῖ
2627 5251 2729 5304 ora.
2913 5246 3170 5316 Quoniam
3205 5245 3255 5294 in
3283 5242 3437 5316 -celo
3467 5246 3660 5316 me.-.“
3683 5233 3830 5316 5“"-

1556 5327 1775 5378 anni
1830 5327 1933 5376 Deo
1982 5336 2034 5376 ot
2083 5327 2385 5379 hominibus
2424 5312 2523 5374 ius.
2570 5334 2687 5373 cum
2741 5319 2848 5369 Deo
2886 5323 2936 5368 et
2988 5329 3105 5365 cum
3155 5312 3456 5364 hominibus

1972 5396 2039 5425 ’⁸⁸⁵
2071 5396 2357 5448 Evacncris
2410 5408 2504 5442 ms.
2557 5385 2897 5441 evaruaveris

626 5258 741 5309 ti-i:e
805 5259 1073 5311 (mlestis..
1125 5260 1475 5310 accenderent

627 5326 874 5394 quoniam
932 5343 1148 5393 regnare
1210 5329 1446 5379 ill‘CtBlO

629 5408 755 5445 vero
789 5408 1024 5447 amorem
1072 5414 1164 5447 ms.
1192 5407 1237 5448 et
1265 5395 1402 5447 Edit.
1441 5397 1578 5447 hunc
1627 5411 1857 5447 amorum

2331 5183 2597 5248 "°,Patris
2659 5179 2940 5248 caelestis.
2971 5177 3282 5248 accederent
3335 5189 3428 5248 me.
3465 5180 3511 5222 et
3564 5169 3830 5248 δόξει,ιῇ-

3560 5307 3628 5337 ⁶³³
3683 5303 3831 5355 Hunc

3006 5383 3072 5412 "‘5
3099 5381 3248 5433 Circa
3286 5381 3446 5430 Deum
3496 5393 3590 5426 ma.
3623 5383 3669 5424 el
3691 5369 3826 5419 tz‘tIit.

630 5473 816 5514 contra
847 5462 1007 5516 Deum
1085 5466 1146 5494 ⁸³⁷
1173 5465 1309 5517 Tum
1337 5475 1516 5516 ainant
1543 5480 1638 5515 ms.
1665 5476 1708 5516 et
1740 5463 1875 5514 lidil.
1909 5463 2128 5518 multum
2157 5472 2333 5516 amant
2410 5461 2477 5489 "3
2503 5458 2654 5512 Circa
2681 5456 2843 5508 D-num
2867 5463 2919 5506 et
2946 5452 3084 5505 circa
3116 5465 3209 5502 ms.
3239 5458 3284 5499 et
3318 5447 3414 5498 Ed.
3455 5454 3634 5498 contra
3668 5439 3830 5494 Deum

627 5541 678 5585 Ct
707 5540 888 5584 contra

4126 2957 4141 3150 ι

4137 3177 4141 3236 ι
