4214 6194
447 251 577 303 H75

1624 243 1749 299 LIB.
1789 247 1850 310 Il,
1894 243 2103 299 ΕΗΒΊῖ
2141 242 2354 300 ΧΧιν..

3528 241 3660 298 1174

441 367 575 419 enim
603 362 668 418 ex'
697 362 774 414 his
805 350 1327 429 duobus'pmccptis'
1361 351 1595 414 uniuerso
1626 358 1710 414 (ex
1733 362 1918 428 pendet
1947 369 1994 412 et
2023 361 2065 414 Α
2097 360 2260 425 misit,
2311 353 2574 415 diabolica
2623 353 2969 430 persuasione
3018 356 3269 428 deceptus
3295 411 3298 416 ,
3320 355 3616 414 exhorreat
3641 373 3654 383 '

370 435 377 451 l
430 455 691 523 pt'opltetw
738 451 949 519 (Matth.
1003 468 1137 514 xxn,
1185 451 1294 521 40).
1328 451 1428 518 Qui
1472 465 1600 522 ergo
1645 451 1758 505 vult
1799 451 1996 506 habere

431 545 578 602 Illum
619 559 854 599 amorem
883 542 1142 613 perfecte,
1171 555 1278 610 quo
1325 558 1544 613 regnum
1569 541 1830 598 etelorum
1858 541 1995 594 emi-

432 646 539 699 tur,
566 644 707 690 antet
730 642 1116 703 contemptum,
1147 640 1539 702 paupertatem,
1576 630 1833 697 laborem,
1863 631 1996 703 suby

431 723 738 787 lectionem,
785 724 924 778 sicut
968 721 1137 775 sancti
1179 707 1282 774 viri
1326 721 1546 775 faciunt.
1599 719 1691 775 Sic
1732 721 1873 773 enim
1909 719 1997 789 qui

433 811 497 843 "’
533 828 587 866 se
611 811 870 879 humiliul,
911 809 1225 863 excitabitur
1254 807 1403 877 (Luc.
1435 825 1585 870 xvnt,
1623 809 1728 875 Μ).
1757 807 1997 862 Breviter

433 902 585 957 vobis
621 903 752 962 luce,
795 900 1107 954 cbarissime
1153 899 1246 963 “°,
1283 899 1426 953 sicut
1465 897 1800 966 postulastis,
1847 899 1992 972 dixi;

433 991 526 1044 sed
572 991 623 1043 in
673 990 862 1044 horum
908 989 1242 1059 expositione
1280 988 1563 1056 prudentia
1607 995 1785 1041 vestra
1831 988 1996 1040 multo

434 1079 585 1148 plura
637 1078 880 1148 proferre
936 1077 1130 1146 poterit
1177 1091 1338 1144 quam
1388 1077 1519 1130 dixi.
1595 1074 1650 1130 Si
1705 1086 1882 1129 tamen
1931 1077 1994 1128 de

379 1191 382 1194 λ
437 1167 762 1236 plenitudine
791 1154 1134 1228 beatitudinis
1161 1176 1374 1219 aeterna:
1405 1163 1606 1232 aliquid
1652 1179 1681 1214 a
1725 1178 1809 1216 me
1840 1163 1996 1214 latius

431 1258 636 1311 dictmn
685 1256 942 1310 sanctitas
981 1245 1156 1308 vestra
1203 1254 1381 1323 legere
1426 1253 1673 1319 voluerit,
1706 1252 1758 1304 in
1803 1250 1992 1305 lineli-

435 1347 561 1403 belli
591 1348 714 1413 mei,
766 1349 856 1417 qui
879 1345 1217 1422 'I’rmlogium
1245 1328 1560 1414 appellatur,
1600 1344 1686 1398 ubi
1727 1343 1794 1396 de
1841 1342 1998 1411 pleno
2031 1342 2034 1349 '

436 1437 631 1506 gaudio
677 1437 924 1499 tractavi,
974 1435 1209 1504 reperire
1257 1433 1358 1488 hoc
1405 1433 1621 1502 poterit.
1675 1429 1900 1496 Valete,
1945 1437 1999 1484 et

435 1536 587 1582 orate
607 1542 703 1598 pro
733 1541 837 1582 me.

881 1591 1211 1691 EPlSTOLA
1249 1633 1414 1693 XXIII
1447 1634 1538 1688 ιιι.

1043 1765 1113 1806 ΔΙ)
1159 1765 1393 1806 Ρετιιυι.

438 1863 593 1930 Quod
617 1864 831 1918 clericus
858 1865 1156 1933 priusquam
1186 1863 1517 1933 stabilitatem
1562 1862 1718 1933 libere
1741 1860 1992 1933 promise-

515 1935 601 2004 rit,
641 1948 747 1987 non
772 1929 936 2001 potest
961 1929 1148 2004 invitus
1182 1933 1245 1986 ab
1268 1931 1449 2004 abbate
1473 1931 1712 2004 detineri.
1745 1929 1996 2004 Quodque

507 2003 564 2054 in
605 2016 664 2054 eo
696 1998 1005 2055 monasterio
1041 2017 1248 2056 manere
1290 2001 1432 2054 debet
1475 2001 1529 2053 iu
1557 1999 1663 2070 quo
1690 2000 1838 2068 prius
1864 1998 1995 2068 peti-

430 2073 440 2078 ”
507 2071 696 2125 tionem
731 2079 778 2123 et
811 2079 980 2124 uolunt
1006 2071 1243 2124 monachi
1265 2070 1407 2136 fecit.

510 2159 713 2212 Damno
745 2163 801 2211 et
843 2155 988 2210 Patri
1039 2156 1218 2211 abbati
1261 2155 1555 2210 reverenda
1602 2154 1786 2210 Pereo
1830 2155 1997 2208 frater

435 2247 713 2301 Anssutus
760 2244 1136 2300 dictus'abba's
1179 2236 1367 2321 Becei.
1415 2259 1511 2312 per
1553 2243 1831 2313 przesentis
1872 2243 1998 2297 vitae

435 2325 779 2408 sanctitatem
819 2332 1039 2402 adipisci
1084 2333 1274 2387 futura:
1311 2331 1643 2387 felicitatem.

505 2421 750 2478 Fratrem
781 2436 866 2478 me
894 2429 1084 2476 vestra:
1125 2420 1451 2484 sanctitatis,
1497 2421 1636 2474 sicut
1681 2417 1995 2484 mandastis,

435 2519 494 2564 et
540 2509 926 2564 fraternitatem
958 2510 1100 2582 hanc
1147 2524 1234 2564 me
1275 2509 1407 2563 velle
1446 2523 1662 2562 servare
1702 2494 1840 2562 sicut
1905 2524 1997 2577 po-

437 2599 614 2663 scitis,
655 2597 934 2654 eonfiteor.
967 2598 1119 2665 Quod
1156 2600 1287 2673 quia
1316 2598 1533 2653 do‘mino
1566 2597 1779 2652 Ursioni
1802 2599 1998 2654 clerico

438 2689 528 2756 ⁸³⁸,
552 2689 644 2758 qui
665 2690 803 2758 apud
831 2703 924 2744 vos
949 2689 1260 2758 petitionem
1285 2698 1340 2743 et
1367 2698 1548 2745 votum
1577 2690 1820 2746 monachi
1847 2690 1994 2754 fecit,

437 2786 492 2832 et
525 2793 662 2832 nunc
690 2779 828 2846 apud
860 2794 954 2834 nos
983 2788 1179 2841 manet,
1206 2780 1366 2834 vultis
1393 2795 1686 2850 apparere;
1721 2781 1854 2836 nihil
1886 2782 2000 2836 uti-

439 2884 545 2938 que
568 2868 721 2924 vobis
760 2869 937 2924 minus
967 2871 1030 2923 de
1080 2869 1168 2924 illo
1212 2868 1491 2935 faciemus,
1537 2886 1698 2938 quam
1747 2885 1776 2924 a
1819 2883 1996 2927 vestra

437 2956 702 3010 charitate
747 2957 900 3012 nobis
932 2955 1042 3010 fieri
1074 2947 1483 3026 postularemus.
1532 2959 1735 3014 Scitote
1769 2976 1997 3030 namque

437 3043 694 3112 quoniam
721 3045 859 3112 apud
891 3059 986 3098 nos
1027 3044 1340 3112 priusqitam
1376 3046 1515 3113 apud
1547 3061 1646 3100 vos
1683 3048 1992 3114 petitionem

438 3141 494 3186 et
521 3140 701 3185 votum
729 3132 977 3185 monachi
1007 3131 1153 3186 fecit.
1190 3132 1247 3187 Si
1274 3115 1404 3201 ergo
1436 3147 1532 3200 per
1571 3134 1670 3186 hoc
1717 3149 1809 3192 vos
1836 3145 1993 3202 puta-

441 3222 509 3274 tis
527 3219 670 3289 juste
699 3220 844 3275 ilium
877 3207 1030 3290 posse
1061 3235 1330 3286 revocare,
1354 3223 1546 3291 quibus
1570 3225 1836 3292 posterius
1859 3225 1996 3280 hanc

439 3303 748 3377 petitionem
776 3320 829 3363 et
871 3311 970 3364 hoc
999 3320 1204 3375 votum,
1236 3311 1639 3380 importunitate
1665 3314 1994 3382 precantium

440 3397 806 3462 vietusfecit;
846 3399 1010 3452 multo
1033 3397 1231 3463 justius
1273 3392 1558 3467 possumus
1590 3417 1703 3454 nos
1734 3402 1877 3455 illum
1927 3403 1992 3435 ⁸³⁸

441 3487 690 3558 retinere,
718 3487 911 3554 quibus
937 3482 1036 3541 hoc
1059 3487 1205 3554 prius
1229 3487 1297 3541 de
1326 3487 1476 3555 longe
1500 3488 1568 3518 ³³⁸
1592 3489 1813 3544 veniens
1837 3505 1997 3559 spon-

443 3585 598 3628 tanea
635 3575 949 3651 voluntate,
1000 3584 1103 3631 neu
1137 3574 1239 3629 ulla
1285 3585 1461 3630 vestra
1512 3578 1857 3646 persuasione
1904 3595 1996 3633 eo-

437 3671 615 3726 artus,
637 3663 763 3718 fecit
787 3664 875 3718 ille
901 3684 912 3717 :
939 3680 1045 3732 quo
1064 3665 1228 3717 multo
1257 3665 1425 3734 magis
1445 3674 1526 3718 est
1545 3665 1754 3720 debitor
1774 3681 1997 3722 servare

441 3751 718 3826 veritatem
751 3752 805 3818 in
840 3752 1008 3820 prima
1038 3759 1092 3805 et
1136 3751 1299 3808 libera
1337 3753 1694 3821 promissione
1724 3769 1885 3823 quam
1943 3757 1995 3808 in

438 3839 677 3908 ejusdem
717 3826 1336 3907 prima:promissionis
1394 3841 1696 3896 violatione.
1766 3842 1896 3896 Nam
1951 3845 1996 3899 si

440 3929 677 3996 pnefatae
701 3930 973 3998 petit-iouis
997 3939 1049 3984 et
1079 3931 1185 3985 voti
1219 3939 1385 3986 testes
1424 3932 1633 4012 habetis
1681 3942 1734 3987 et
1761 3932 1997 4001 ejusdem

400 4093 406 4096 _
441 4017 830 4074 confessionem
855 4035 995 4084 ;.nos
1027 4021 1143 4088 plus
1188 4021 1256 4052 m
1282 4022 1564 4086 habemus,
1595 4025 1721 4091 quia
1747 4025 1996 4077 volunta-

442 4115 548 4160 tem
595 4107 760 4175 ipsius
797 4118 1035 4162 tenemus
1061 4124 1182 4163 cum
1215 4109 1438 4164 testibus
1467 4119 1522 4164 et
1560 4109 1913 4177 confessione,
1945 4124 1999 4168 ct

441 4197 650 4263 priores
703 4199 1036 4268 suscepimus
1086 4197 1199 4266 ejus
1265 4199 1696 4272 promissionem.
1759 4202 2000 4272 Denique

2099 451 2190 504 sed
2220 451 2340 508 dico
2366 451 2489 519 quia
2519 450 2767 520 quamvis
2800 464 2987 505 eorum
3026 449 3132 504 Deo
3171 448 3434 511 mendacii
3460 463 3627 518 argua

2099 549 2186 593 tur
2212 539 2310 604 ⁴³³;
2359 554 2464 593 non
2495 548 2576 594 est
2624 548 2800 593 tamen
2830 537 3064 602 abbatis,
3095 537 3255 606 350
3285 547 3343 593 ut
3385 538 3527 607 quod
3572 537 3660 593 ille

2099 628 2364 697 promisit,
2409 629 2476 683 ab
2522 643 2586 682 eo
2640 627 2901 682 violenter
2947 627 3148 698 exigat.
3191 627 3359 692 Quam
3397 628 3662 681 rationem

2099 717 2166 748 ’⁸³⁵
2194 725 2247 770 et
2287 717 2439 771 nobis
2473 726 2526 770 et
2553 717 2701 770 vobis
2731 717 2935 785 Pariter
2959 715 3284 780 servandam
3316 729 3433 770 esse
3458 729 3660 784 cogno-

2098 803 2265 859 Seitis.
2300 803 2636 875 Quapropter
2667 805 2711 858 si
2749 805 3061 873 prtedictum
3105 803 3360 858 clericum
3401 802 3558 856 vultis
3593 803 3662 855 ad

2103 909 2198 948 vos
2225 895 2497 954 reducere.
2530 894 2723 949 mittite
2759 909 2856 964 pro
2883 908 2985 948 eo:
3025 902 3101 958 et,
3140 893 3183 947 si
3233 885 3477 957 voluerit,
3530 891 3662 945 lihe-

2103 999 2215 1037 ram
2251 983 2411 1038 habet
2441 985 2827 1052 potestatemin
2862 985 3019 1038 nobis
3052 983 3371 1048 recedendi;
3410 982 3452 1038 si
3479 990 3662 1036 autent

2103 1075 2356 1138 noluerit,
2392 1090 2497 1128 non
2528 1089 2556 1127 a
2587 1084 2765 1130 vestra
2814 1073 3134 1128 discretione
3181 1072 3509 1127 calumniam
3545 1071 3657 1140 pati

2101 1167 2256 1218 debet
2283 1165 2557 1219 nobiscum
2593 1154 2932 1228 remanendi;
2967 1178 3064 1216 nec
3108 1164 3158 1216 in
3188 1156 3340 1217 nobis
3373 1164 3476 1216 ulla
3505 1162 3664 1218 debet
3718 1166 3721 1167 ⁷

2101 1269 2222 1309 esse
2251 1253 2494 1308 voluntas
2524 1254 2669 1306 illum
2701 1253 3025 1321 ex‘pellendi.
3060 1251 3168 1304 Hoc
3195 1252 3337 1305 enim
3377 1252 3534 1305 modo
3572 1267 3660 1307 me

2101 1357 2225 1412 erga
2249 1357 2342 1398 vos
2364 1341 2804 1397 fraternoalicetu
2829 1344 2927 1408 uti,
2951 1343 3091 1410 quod
3116 1341 3352 1412 poscitis,
3377 1341 3657 1404 existimo;

2099 1432 2143 1485 si
2175 1431 2312 1518 quod
2339 1447 2367 1484 a
2405 1431 2553 1484 vobis
2581 1431 2706 1484 mihi
2739 1430 2983 1485 ordinate
3029 1429 3142 1512 fieri
3179 1436 3437 1498 peterem,
3471 1436 3662 1482 vestra:

2043 1555 2048 1558 ι
2101 1509 2422 1590 fraiernitati
2475 1519 2650 1574 facere
2699 1535 2803 1574 non
2838 1535 3025 1575 renuo.
3062 1509 3149 1572 ‘Ad
3196 1518 3520 1572 calumniam
3567 1520 3664 1571 ve;-

2102 1620 2291 1673 stram,
2321 1623 2482 1678 quam
2525 1607 2726 1674 dicitis,
2778 1608 3042 1662 rationem
3073 1606 3431 1661 excusationis
3467 1611 3663 1659 nostra:

2036 1687 2080 1740 Β
2105 1699 2479 1770 expoSuimus;
2513 1699 2607 1753 sed
2635 1698 2889 1768 quoniam
2919 1699 3060 1754 inter
3094 1713 3190 1752 nos
3228 1706 3282 1751 et
3311 1711 3405 1752 vos
3434 1711 3520 1752 res
3547 1696 3661 1750 lucc

2097 1792 2304 1861 agitur,
2349 1789 2631 1845 consilium
2680 1787 2830 1843 vobis
2879 1788 3009 1843 dare
3065 1802 3170 1842 non
3209 1785 3495 1842 'andemus.
3544 1784 3660 1850 Quo

2098 1889 2276 1933 tamen
2315 1894 2414 1932 nos
2441 1889 2655 1932 utamur
2685 1879 2737 1931 in
2773 1893 2829 1931 re
2873 1875 3033 1932 simili
3081 1875 3306 1930 consilio
3332 1875 3435 1942 “°,
3483 1875 3660 1928 dicere

2097 1971 2203 2022 non
2232 1965 2598 2036 prohibemur.
2649 1965 2900 2020 Nostrum
2947 1963 3130 2032 utique
3177 1977 3387 2032 semper
3415 1970 3496 2022 est
3526 1976 3660 2016 con—

2096 2057 2272 2113 silium
2307 2066 2364 2111 ut
2397 2057 2599 2110 nullum
2641 2065 2768 2109 ante
2803 2055 2943 2116 illam
2990 2054 3072 2110 sui
3120 2054 3464 2118 deditionem,
3495 2066 3657 2121 quam

2097 2159 2193 2213 per
2231 2143 2453 2199 cucullo:
2497 2148 2845 2212 spontancam
2892 2143 3251 2209 acceptionem
3296 2127 3450 2203 facit;
3503 2140 3546 2196 si
3592 2140 3658 2192 ad

2097 2233 2241 2290 aliud
2274 2223 2656 2305 monasterium
2685 2234 2763 2286 ire
2809 2232 3057 2296 voluerit,
3105 2232 3328 2286 invitum
3382 2240 3660 2292 teneamus

2098 2321 2395 2378 novit’ium:
2445 2320 2539 2378 scil
2575 2323 2892 2392 inquantum
2944 2336 3244 2394 possumus,
3294 2322 3440 2374 illum
3483 2318 3660 2373 absol—

2099 2421 2304 2474 ventes,
2355 2419 2598 2466 nostrum
2633 2410 2792 2465 simul
2823 2409 2896 2464 illi
2925 2410 3238 2473 consilium,
3287 2409 3331 2464 si
3363 2409 3534 2480 poscit
3565 2407 3655 2471 ⁸³⁸,

2099 2501 2457 2570 impendimus
2485 2509 2539 2555 et
2585 2499 2862 2553 auxilium.
2903 2500 3056 2566 Quod
3101 2500 3147 2556 si
3179 2491 3374 2556 bonam
3404 2499 3660 2552 deserens

2099 2590 2424 2643 voluntatem
2458 2589 2750 2663 monachus
2771 2603 2892 2642 esse
2922 2588 3147 2663 noluerit
3168 2627 3182 2652 ,
3222 2594 3263 2640 a'
3281 2596 3404 2652 voto
3425 2586 3575 2655 cujus
3600 2599 3661 2640 se

2099 2677 2393 2732 debitorem
2425 2677 2552 2733 fecit
2584 2661 2688 2732 non
2714 2661 3062 2742 absolvimus,
3102 2676 3420 2730 scd'nullam
3449 2676 3522 2730 illi
3549 2676 3657 2728 vim

2099 2781 2194 2835 per
2221 2753 2319 2822 nos
2348 2767 2661 2834 inferentes,
2695 2767 2842 2821 illutn
2879 2767 2966 2820 Dei
2993 2766 3284 2826 exaCtioni,
3312 2764 3397 2818 cui
3425 2779 3486 2821 se
3514 2763 3662 2818 debi-
3689 2833 3692 2837 .

2100 2866 2267 2910 torem
2295 2855 2439 2922 feeit,
2469 2856 2809 2916 dimittimus.
2845 2855 2899 2908 Si
2928 2864 3106 2908 autem
3131 2854 3416 2923 praedictus
3435 2842 3673 2910 clericus.

2101 2943 2375 2997 nobiseum
2421 2943 2701 3010 manserit,
2751 2955 2809 2997 et
2853 2958 2938 2997 res
2969 2943 3103 3012 ejus,
3155 2958 3290 3010 quas
3329 2941 3482 3008 prius
3518 2941 3690 2995 sient.

2101 3035 2334 3103 seipsum
2380 3019 2531 3090 nobis
2561 3035 2705 3090 ded-it
2753 3049 2911 3103 quam
2949 3033 3088 3102 apud
3122 3049 3214 3087 vos.
3255 3033 3566 3102 petitionem
3605 3039 3662 3084 et

2097 3137 2276 3181 votum
2308 3128 2556 3183 monachi
2601 3123 3426 3192 faceret,.retinere‘volueritis,
3461 3121 3656 3176 nullam

2097 3232 2128 3270 a
2161 3217 2422 3271 nobismet
2449 3215 2771 3283 calumniam
2795 3212 3147 3268 sustinebitis.
3182 3212 3383 3267 Valete.

2606 3324 2938 3382 EPISTOLA
2979 3324 3162 3380 XXIV.

2752 3433 2818 3469 AD
2851 3426 3000 3468 IDIHI.

2131 3506 2222 3559 Illi
2249 3498 2462 3575 magnas
2493 3507 2690 3573 gratias
2713 3507 2820 3568 oqit
2846 3507 2910 3560 de
2948 3507 3207 3573 bene/itii:
3237 3507 3289 3558 in
3327 3522 3379 3559 se
3406 3522 3467 3558 ac
3502 3505 3622 3559 reli-

2284 3581 2287 3590 '
2533 3591 2658 3643 qttos
2685 3575 2767 3626 sui
2803 3577 2974 3644 gratia
2997 3577 3219 3643 collatis.

2172 3665 2407 3718 Demitur
2433 3663 2962 3725 suat-dilectissime
2994 3664 3205 3732 generis
3243 3673 3298 3717 et
3323 3678 3530 3716 moruzn
3562 3679 3659 3718 no-

2077 3753 2301 3806 ‘bilizate
2349 3753 2661 3806 clarissima:
2707 3752 2995 3807 comitissa:
3037 3740 3138 3808 Ine:
3179 3752 3344 3806 frater
3381 3753 3660 3808 ANSELIIUS

2099 3855 2287 3894 servus
2334 3854 2610 3894 servorum
2663 3841 2754 3893 Dei
2808 3839 2961 3893 Becci
3013 3841 3488 3904 connnanentium,
3534 3857 3660 3899 cum

2099 3934 2298 3986 eisdem
2327 3919 2557 3985 dominis
2588 3932 2720 3996 suis,
2768 3931 2820 3984 in
2855 3929 3100 3999 ﬂagranti
3144 3932 3411 3986 desiderio
3441 3931 3533 3986 Dei
3566 3946 3657 3985 us-

2098 4038 2202 4089 que
2231 4022 2282 4074 in
2328 4021 2487 4075 linem
2531 4037 2767 4098 manere,
2797 4021 2862 4076 de
2892 4019 3193 4077 desiderato
3235 4031 3521 4092 conspectu
3563 4023 3657 4078 Dei

2098 4115 2214 4166 sine
2243 4114 2354 4167 fine.
2375 4117 2628 4184 gaudere.
2995 4164 2998 4166 .

2169 4204 2382 4259 Gratias
2420 4219 2579 4275 agere
2631 4208 2937 4261 reverenda:
2977 4217 3165 4261 vestra:
3204 4208 3506 4261 celsitudini
3547 4216 3654 4261 tota

443 4294 675 4345 vestram
708 4301 811 4341 non
845 4287 968 4369 latet
1001 4287 1338 4355 prudentiam
1362 4287 1494 4364 quia
1520 4300 1722 4359 quanto
1759 4300 1998 4359 tempore
2026 4321 2074 4378 ο
2101 4303 2280 4348 mente
2310 4294 2591 4359 vellemus;
2640 4299 2734 4350 sed
2763 4298 2945 4366 ut'quc
2993 4298 3180 4364 dignas
3224 4299 3516 4351 secundum
3548 4314 3659 4352 nia-

442 4378 672 4432 novitins
704 4379 757 4432 in
800 4379 1164 4434 incolumitate
1201 4380 1283 4434 sui
1333 4389 1523 4448 sponte
1567 4391 1754 4451 petens
1807 4397 1995 4436 mona-

442 4461 658 4522 chicam'
699 4470 1130 4535 conversionem,
1183 4471 1236 4522 in
1284 4471 1610 4525 monasterio
1648 4482 1998 4526 conversatur

445 4572 570 4614 ante
626 4560 1039 4629 professionem,
1101 4561 1396 4614 secundum
1455 4544 1688 4631 regulam
1757 4571 1997 4616 nostram

443 4649 686 4705 diﬂ‘ertur
723 4661 935 4720 propter
965 4651 1268 4706 stabilitatis
1295 4651 1684 4721 probationem.
1717 4651 1827 4706 Nec
1857 4653 1998 4707 inte-

448 4739 544 4792 rim
587 4754 708 4793 eum
740 4740 877 4796 ullus
915 4755 1102 4810 cogere
1149 4740 1218 4771 ⁸³⁸
1259 4749 1431 4809 potest
1473 4741 1541 4795 ad
1591 4743 1994 4807 remanendum,

446 4832 537 4882 sed
583 4817 839 4884 libera-ei
884 4831 1192 4885 conceditur
1219 4840 1454 4898 potestas
1499 4831 1565 4884 ad
1593 4831 1994 4887 discedendum.

449 4920 559 4974 Non
601 4922 721 4977 dico
747 4921 886 4990 quod
933 4937 1034 4973 non
1084 4921 1382 4989 peccetm,
1412 4922 1456 4974 si
1498 4931 1771 4991 acceptam
1803 4924 1995 4978 bonum

2098 4385 2426 4454 gnitudincm
2458 4381 2836 4440 benevolentia:
2881 4399 2934 4439 et
2977 4384 3379 4451 beneficiorum,
3415 4405 3531 4456 quae
3564 4406 3659 4441 no-

2094 4473 2183 4526 bis
2224 4481 2278 4526 et
2308 4472 2488 4526 multis
2527 4489 2623 4542 pro
2670 4474 2826 4527 nobis
2868 4474 3197 4544 impenditis,
3231 4472 3351 4528 non
3396 4475 3656 4536 valemus.

2095 4559 2244 4614 lllum
2301 4561 2462 4630 igitur
2491 4569 2708 4637 propter
2748 4575 2904 4629 quem
2951 4563 3121 4623 nobis,
3146 4562 3214 4618 'et
3254 4552 3660 4631 quibuscunquc

2096 4651 2338 4719 potestis,
2386 4659 2529 4702 tanta
2577 4651 2716 4704 bona
2762 4651 2957 4714 facitis,
3005 4669 3220 4706 oramus
3259 4661 3316 4705 ut
3363 4653 3476 4720 ipse
3508 4655 3661 4707 vobis

2104 4742 2394 4796 secundum
2440 4739 2830 4795 multitudinem
2881 4744 3186 4796 divitiarum
3235 4759 3448 4797 suarum
3502 4728 3661 4797 retri-

2061 4864 2067 4868 -
2103 4832 2254 4894 bnat,
2277 4831 2413 4884 sicut
2440 4841 2702 4898 optamus.
2735 4831 2809 4885 Ex
2835 4832 3158 4886 abundantia
3186 4842 3357 4885 tamen
3375 4832 3660 4887 charitatis

2107 4911 2385 4975 hortamur
2430 4929 2487 4972 ut
2530 4922 2911 4976 benefaciendo
2946 4937 3048 4974 non
3088 4919 3362 4980 deficiatis.
3397 4929 3659 4987 quatenus

451 5013 771 5067 voluntatem
803 5013 1044 5076 deserat;
1076 5021 1127 5066 et
1155 5011 1297 5080 quod
1341 5012 1534 5082 sacpius
1573 5027 1666 5067 ore
1695 5013 1830 5067 bene
1877 5029 2001 5081 pro-
2103 5023 2341 5079 tempore
2368 5025 2464 5065 suo
2488 5011 2857 5065 iudefneienter
2881 5011 3110 5064 metatis.
3142 5011 3375 5064 Domnus
3401 5010 3658 5066 liicardus

1277 5110 1282 5115 '
1700 5100 1930 5155 VARIAS
1967 5099 2360 5159 LEC'I'IONI'IS.

514 5194 585 5225 δ”
620 5193 709 5245 Sic
741 5191 830 5260 qui
875 5208 948 5244 ms
1019 5201 1064 5243 ct
1103 5189 1256 5260 fidit.
1289 5189 1364 5244 sic
1396 5192 1536 5243 enim
1565 5191 1656 5258 qui

448 5263 555 5315 luta
581 5277 696 5314 cum
729 5260 902 5314 eodem
934 5275 1026 5311 ms.

451 5332 604 5399 longe
623 5347 719 5383 ms.
751 5328 992 5399 de_l_onge

1761 5191 1831 5220 ⁶³⁰
1863 5191 1983 5258 "me
2024 5191 2361 5258 eh'arissimi,
2409 5206 2505 5241 ms.
2559 5198 2604 5241 et
2640 5189 2747 5258 Ed,
2791 5189 2935 5258 hate,
2990 5185 3305 5258 charissime

1103 5259 1169 5297 “2
1199 5260 1328 5322 Quia
1357 5260 1550 5312 clerico
1575 5255 1678 5317 ius.
1703 5259 1823 5326 quia
1852 5255 2076 5314 Domino
2104 5261 2329 5315 Ursione
2350 5259 2544 5325 clerico
2615 5259 2684 5288 ⁸³³
2708 5257 2818 5310 Non
2843 5256 2986 5326 illum
3010 5272 3116 5326 ms.
3152 5264 3246 5305 nos
3279 5255 3421 5305 illum
3481 5256 3658 5326 -"*__l£t

1065 5328 1136 5358 ’³⁸
1165 5328 1560 5381 Confessionem
1605 5323 1862 5393 nun-plus
1893 5347 1989 5381 ms.
2022 5329 2453 5382 etmfcssionem:
2501 5323 2594 5380 nos
2638 5326 2752 5393 plus
2823 5325 2891 5355 ⁸³⁸
2924 5323 3104 5393 Nullus
3143 5338 3333 5389 cogere
3378 5339 3472 5375 ms.
3521 5323 3658 5376 ullus

3409 5184 3476 5215 £31
3538 5187 3658 5238 σοι-

448 5392 641 5466 00ςύνο
715 5399 782 5436 ⁸³⁷
823 5392 1132 5464 Νοιΐριειρῡι
1157 5412 1250 5448 ius.
1278 5413 1378 5449 non
1411 5406 1592 5463 peccet
1668 5392 2071 5466 “'iArguautur
2118 5416 2213 5450 ms.
2239 5405 2507 5466 arguatur
2578 5395 2642 5424 ³³³
2672 5395 2930 5466 Quoniam
2958 5392 3226 5466 rationein
3264 5408 3360 5443 ms.
3385 5407 3539 5466 quam
3571 5409 3652 5466 rat

452 5465 651 5522 tionem
725 5467 794 5498 ""°
827 5466 901 5519 Rc
934 5466 1064 5530 fieri,
1099 5467 1320 5520 consilio
1357 5483 1451 5519 ms.
1506 5482 1560 5520 rc
1620 5465 1776 5520 simili
1833 5466 2054 5521 consilio

452 5538 618 5603 poscit

2129 5460 2389 5519 “‘Siniul
2446 5465 2488 5516 si
2538 5465 2706 5532 poscit
2770 5481 2863 5515 ms.
2929 5460 3084 5514 simul
3140 5460 3208 5513 illi
3280 5460 3557 5512 consilium
3613 5462 3655 5517 si
