4214 6194
611 232 744 285 “75

1164 236 1218 288 S.
1247 234 1550 295 ANSELMI
1576 237 1926 301 CANTUAR.
1954 241 2273 302 ARCHIEP.
2316 248 2465 303 OPP.
2509 252 2684 310 PARS
2727 257 2810 311 ll'l.
2846 289 2915 297 ——
2948 259 3187 318 EPISTO
3203 261 3351 319 LE.-

3697 271 3832 334 “'76

610 354 748 398 tator
775 343 932 411 hujus
971 340 1208 411 epistolae
1248 353 1500 416 promlsil
1547 355 1702 415 ηοω,
1749 373 1808 414 se
1849 357 1915 411 ad
1963 372 2081 420 nos,
2121 347 2166 409 si
2205 358 2244 415 Α
2284 355 2532 421 Possem,
2582 366 2651 415 mi
2698 366 3046 432 charissime,
3097 387 3439 436 coinpiouere
3494 377 3831 438 dilectionem

610 435 749 491 Deus
791 434 862 486 illi
893 437 1263 501 concesserit;
1293 441 1592 500 rediturum
1623 454 1679 503 et
1706 449 1984 502 nobiscum
2016 447 2168 500 deiu-

611 541 732 594 ceps
776 539 1206 592 permansurum.
1256 531 1551 591 Precamur
1596 539 1759 608 igitur
1812 530 2167 593 reverentiam

610 622 837 668 vestram
871 624 929 669 ut
960 617 1129 685 illum,
1179 626 1469 678 secundum
1513 628 1652 695 quod
1696 637 1873 681 vestra
1915 627 2016 683 seu
2045 644 2173 696 pru-

607 704 814 768 dentia,
841 708 1189 776 confortetis;
1221 725 1276 767 et
1318 717 1369 768 in
1408 717 1654 771 omnibus
1691 717 1743 771 in
1771 721 1965 787 quibus
1990 732 2172 776 vestro

607 807 738 860 opus
769 795 986 852 habebit
1019 803 1233 867 auxilio,
1283 811 1503 872 prOpter
1530 806 1622 859 Dei
1654 817 1707 860 et
1749 812 2172 864 nostrum‘amo-

606 894 718 935 rem
768 882 1048 949 adjuvetis.
1103 889 1380 944 Dominum
1415 901 1652 947 nostrum
1695 897 1952 949 comitem
1995 897 2169 950 virum

607 985 864 1040 vestrum,
897 988 949 1031 et
978 978 1111 1030 filios
1142 973 1371 1044 vestros,
1410 996 1504 1036 vos
1530 975 1653 1051 ipsa
1681 998 1742 1036 ex
1784 997 1966 1040 nostra
1995 999 2167 1057 parte,

606 1063 728 1129 quia
764 1066 1048 1119 fideliorem
1080 1068 1322 1120 nuntium
1369 1070 1433 1123 de
1465 1071 1620 1126 nobis
1669 1073 1736 1126 ad
1784 1074 1901 1129 illos
1932 1092 2035 1130 non
2070 1078 2168 1130 lia-

605 1149 814 1217 bemus,
844 1155 979 1207 sicut
1008 1170 1104 1222 pro
1136 1158 1334 1211 vestris
1370 1159 1616 1215 ﬁdelibus
1641 1163 1887 1217 saiutate.

974 1250 981 1260 '
1063 1266 1392 1324 EPISTOLA
1436 1271 1577 1326 xxv
1618 1273 1689 1303 ιη

1150 1373 1216 1410 ΑΙ)
1251 1375 1612 1416 ῡυιιλιεωιωί.

602 1435 668 1491 Ut
701 1441 744 1492 si
783 1424 963 1510 diligat
996 1433 1318 1584 ΑιιδινΙιιιιιιιιιἱ
1346 1449 1512 1528 veniat
1543 1449 1766 1503 Beccum
1787 1493 1798 1515 ,
1840 1461 1886 1504 et
1920 1454 2169 1517 εανωιιιιηι

741 1520 745 1522 ’
1315 1527 1478 1583 ngrat.

741 1520 745 1522 ‘
1289 1520 1478 1583 fugiat.

597 1623 599 1626 ι
672 1596 784 1650 Suo
812 1598 1026 1663 dilecto,
1079 1617 1181 1655 suo
1223 1603 1626 1665 dilectori,'suo
1669 1609 1976 1666 desiderato
2004 1612 2169 1667 Curc-

600 1701 772 1742 uzuto
809 1690 876 1720 “'
916 1690 1081 1746 frater
1117 1690 1399 1749 AsSsuws
1429 1697 1602 1752 dictus
1639 1699 1805 1769 abbas
1839 1703 2017 1766 Becci,
2060 1720 2165 1759 non
2202 1690 2243 1747 Β

601 1778 824 1846 diligere
868 1785 1149 1847 mundum,
1182 1801 1281 1838 nec
1329 1801 1388 1839 ea
1430 1803 1547 1855 qua:
1578 1791 1629 1844 in
1667 1794 1866 1848 mundo
1893 1802 2040 1859 sunt‘,
2073 1796 2166 1849 sed

600 1882 625 1917 a
658 1866 763 1920 Deo
787 1873 954 1922 amari
996 1879 1048 1925 et
1081 1874 1245 1927 Deum
1275 1877 1475 1930 amare.
2071 1870 2073 1872 ’

669 1949 818 2015 Quod
859 1955 1010 2021 prius
1049 1957 1222 2009 dicam
1267 1959 1317 2009 in
1365 1961 1588 2026 epistoéa
1639 1979 1754 2038 mea
1802 1965 1995 2019 dilecto
2036 1969 2166 2022 dile-

597 2040 732 2091 ctori
782 2054 926 2104 meo,
959 2044 1066 2096 nisi
1091 2045 1229 2113 quod
1261 2048 1496 2102 maxime
1523 2052 1760 2118 postulat
1786 2055 1851 2107 de
1881 2056 2166 2113 dilectione

597 2141 736 2180 mea.
769 2127 960 2206 Anima
1010 2145 1239 2198 namque
1269 2135 1461 2189 dilecta
1491 2139 1682 2193 animae
1728 2138 1868 2195 mete
1905 2146 2166 2201 mittendo

595 2216 803 2271 iitteras
856 2219 1138 2275 dilectione
1192 2222 1514 2293 flagrantes,
1557 2237 1610 2284 et
1655 2231 1996 2288 dilectionem
2052 2237 2164 2290 fra-

595 2317 835 2375 grantes,
886 2312 1016 2378 petit
1050 2327 1079 2364 a
1112 2327 1196 2366 me
1225 2315 1378 2384 signa
1421 2318 1744 2386 dilectionis,
1781 2322 1988 2380 litteras
2012 2337 2163 2380 ‘con-

595 2398 894 2454 solutionis.
933 2399 1069 2466 Quid
1099 2412 1277 2457 autem
1301 2406 1532 2472 dulcius,
1564 2411 2017 2478 quidjucundius,
2047 2431 2164 2484 qua:

595 2487 767 2554 major
811 2493 1108 2546 consolatio
1158 2493 1455 2559 dilectioni,
1507 2513 1669 2567 quam
1721 2502 1978 2555 dilectio?
2025 2505 2163 2570 Quid

596 2577 759 2644 igitur
785 2579 1013 2632 scribam
1039 2585 1178 2649 quod
1213 2586 1381 2653 magis
1418 2588 1729 2642 consoletur
1760 2599 1811 2643 te
1847 2593 2161 2648 dilectorem

593 2680 773 2719 meum
817 2666 903 2726 ⁸⁸⁸,
937 2681 1097 2735 quam
1129 2671 1251 2738 quia
1285 2673 1361 2724 sic
1395 2677 1443 2726 te‘
1471 2675 1640 2743 diligit
1689 2678 2054 2745 anima-mea;
2107 2693 2165 2736 ut

593 2753 698 2808 nisi
737 2765 790 2808 te
819 2764 1015 2818 teneat,
1048 2772 1150 2810 non
1189 2762 1501 2814 consoletur
1530 2764 1595 2817 de
1626 2773 1674 2817 te
1701 2780 1798 2819 cor
1832 2783 2035 2833 meum,
2064 2786 2165 2825 nec

594 2843 824 2897 satietur
861 2844 1182 2899 desiderium
1219 2864 1414 2902 meum.
1469 2851 1602 2906 Cum
1653 2856 1795 2907 enim
1847 2864 1994 2910 tanta
2033 2859 2163 2923 dileo

595 2933 796 2996 ctione,
841 2944 983 2988 tanta
1014 2938 1372 3004 postulatione
1418 2957 1574 3012 rogas
1605 2954 1665 2998 ut
1691 2955 1742 2999 te
1771 2947 2020 3018 diligam;
2063 2955 2160 3006 uti-

594 3038 700 3090 que
741 3024 874 3077 facis
905 3036 961 3078 ut
992 3037 1041 3080 te
1077 3045 1178 3081 non
1225 3031 1395 3084 solum
1427 3035 1700 3088 voluntate
1725 3037 1964 3104 diligam,
1992 3042 2083 3094 sed
2114 3054 2167 3095 et

599 3117 918 3168 necessitate
961 3116 1299 3171 desiderem:
1353 3130 1407 3173 et
1461 3134 1628 3177 certe-
1663 3125 1794 3178 nihil
1854 3130 2166 3183 consolatur

595 3201 1011 3267 desiderantem,
1062 3206 1163 3258 nisi
1195 3209 1334 3274 quod
1365 3211 1529 3264 satiat
1566 3213 1914 3282 desiderium,
1950 3229 2000 3271 et
2033 3221 2164 3272 nihil

597 3292 769 3358 magis
806 3300 1016 3361 torquet
1042 3310 1201 3362 quam
1235 3299 1441 3351 dilatio.
1481 3301 1640 3369 Optat
1673 3306 1892 3359 dilectio
1916 3319 2002 3359 tua
2033 3326 2156 3361 eou-

598 3379 759 3432 solari
804 3381 1030 3447 epistola
1072 3386 1375 3441 dilectionis
1421 3403 1584 3453 mete;
1629 3393 1897 3448 desiderat
1947 3397 2166 3452 dilectio

599 3484 715 3522 mea
768 3471 1020 3528 delectari
1070 3479 1351 3543 prmseutia
1402 3480 1702 3536 dilectionis
1752 3492 1871 3538 tuae.
1935 3489 1987 3540 Si
2037 3504 2165 3558 ergo

601 3577 706 3614 non
739 3564 816 3613 vis
851 3574 1099 3632 torquere
1131 3570 1366 3622 animam
1397 3588 1590 3633 meam,
1622 3578 1756 3627 satia
1789 3577 1854 3607 Μ
1881 3579 2021 3646 quod
2054 3592 2159 3632 tam

599 3652 856 3710 studiose,
912 3663 1014 3706 tam
1062 3657 1412 3712 Vehementer
1457 3664 1777 3727 accendisti,
1835 3668 2162 3721 desiderium

597 3755 792 3792 meum.
842 3743 1118 3806 Quomodo
1146 3749 1286 3800 enim
1336 3751 1464 3803 mihi
1515 3753 1649 3806 dicis
1681 3757 1804 3823 quia
1834 3772 1916 3809 me
1959 3759 2159 3827 diligis;

564 3881 566 3884 .
595 3840 649 3882 et
681 3841 735 3882 ut
768 3841 816 3884 te
850 3834 1082 3901 diligam,
1117 3839 1292 3890 anima
1324 3839 1513 3895 dilecta
1548 3859 1685 3908 mea,
1738 3847 1868 3898 sinis
1919 3857 2164 3916 torquere

599 3923 889 3987 praecordia
947 3927 1105 3978 nea?
1165 3930 1399 3998 Denique
1446 3934 1487 3984 si
1540 3934 1724 3987 eadem
1775 3936 1982 3988 fervent
2033 3939 2162 3991 dile-

599 4008 774 4060 ctione
806 4011 933 4063 inliu
960 4028 990 4065 a
1025 4024 1132 4076 tua,
1181 4033 1282 4083 qua
1318 4029 1372 4072 et
1419 4037 1569 4083 mea,
1613 4038 1831 4076 necesse
1875 4036 1956 4078 est
1989 4037 2042 4078 ιιι
2066 4042 2158 4080 eo-

598 4099 717 4147 dem
754 4099 1018 4150 dcsidt-rio
1052 4105 1293 4170 lfqnetiat
1337 4108 1514 4158 anima
1547 4118 1631 4159 tua
1667 4106 1854 4175 quoet
1884 4128 2019 4165 mea.
2058 4115 2161 4167 Sed

595 4187 862 4252 quomodo
909 4191 985 4241 vel
1023 4194 1274 4257 possibile
1316 4205 1395 4248 est
1445 4205 1501 4247 ut
1552 4207 1601 4248 tu
1653 4199 1784 4251 velis
1815 4215 1900 4254 me
1945 4203 2162 4272 diligere

2276 457 2428 502 tuam
2466 463 2529 503 ex
2563 453 2742 507 multis
2765 472 2933 512 sacra:
2957 459 3246 530 Scripturae
3278 467 3456 532 dictis,
3482 477 3541 522 ut
3575 472 3830 548 mundqu

2270 543 2326 590 et
2373 541 2864 608 cencupiscentiam
2912 549 3026 617 eius
3071 560 3474 619 contemneres;
3513 557 3559 611 si
3604 573 3666 613 ea
3713 543 3848 630 quas

2236 691 2242 698 Ἰ
2275 626 2368 680 tibi
2399 627 2640 685 dicturus
2689 649 2862 688 essem
2910 639 3025 703 ipse
3084 643 3341 697 nescires.
3390 644 3679 716 Memento,
3707 626 3830 706 cha-

2275 718 2512 790 rissime,
2567 725 2692 790 quia
2736 742 2830 794 per
2863 730 3150 786 vanitatem
3195 735 3488 810 transimus
3522 739 3589 791 ad
3635 728 3839 795 verita;

2273 818 2398 864 tem.
2435 811 2550 866 Noli
2592 831 2776 870 amare
2815 821 3130 889 vanitatem,
3181 825 3224 878 si
3256 826 3340 879 vis
3369 826 3612 882 obtinere
3637 833 3832 885 verita-

2273 906 2400 951 tem.
2429 901 2579 956 Scito
2608 905 2731 973 quia
2775 908 2824 959 in
2866 908 3139 978 Anglicani
3196 898 3561 972 terramante
3602 913 3828 985 inediam

2273 988 2413 1044 hanc
2463 991 2936 1064 Quadragesimam
2985 1001 3320 1069 proficiscor,
3369 1005 3515 1060 circa
3565 1006 3825 1065 Penteco-

2273 1088 2415 1143 sten,
2465 1082 2572 1136 Deo
2606 1096 2895 1159 annuente,
2945 1094 3328 1147 monasterium
3373 1108 3615 1150 nostrum
3655 1114 3832 1153 rever-

2273 1182 2449 1221 surus.
2482 1167 2537 1222 Si
2574 1179 2748 1226 tamen
2781 1175 2920 1231 Deus
2961 1178 3249 1248 inspiraret
3278 1182 3372 1235 tibi
3415 1185 3557 1251 quod
3583 1185 3829 1239 desidero

2249 1261 2328 1311 'et
2350 1261 2490 1326 quod
2524 1260 2616 1314 tibi
2644 1265 2938 1331 expediret,
2973 1268 3078 1322 scis
3105 1269 3229 1338 quia
3270 1260 3472 1339 semper
3506 1259 3680 1326 nocuit
3725 1275 3830 1342 dif-

2273 1349 2409 1415 ferre
2436 1349 2501 1381 “7
2531 1355 2749 1418 paratis,
2797 1371 2894 1410 nec
2940 1354 3187 1413 deessent
3232 1363 3324 1430 qui
3364 1354 3611 1417 te-cum'
3639 1360 3832 1434 gaudio

2273 1440 2625 1508 susciperent,
2676 1444 2812 1496 sicut
2857 1461 3208 1516 susceperunt
3252 1452 3414 1516 olim,
3460 1468 3546 1509 me
3589 1455 3835 1521 absente,

2273 1530 2524 1584 similiter
2583 1532 2835 1588 domuum
2905 1536 3190 1596 Bodulfum
3265 1541 3432 1597 ﬁlium
3504 1543 3836 1600 Lanscelini.

2274 1614 2626 1687 Omnipotens
2662 1619 2917 1678 Dominus
2965 1625 3250 1693 prieveuiat
3295 1643 3483 1685 omnes
3527 1630 3832 1689 voluntates

2274 1717 2325 1762 et
2356 1710 2600 1766 actiones
2647 1720 2767 1766 tuas
2811 1729 2910 1768 suo
2948 1708 3206 1780 consilio,
3256 1705 3312 1774 et
3339 1722 3696 1792 subsequatur
3737 1738 3842 1781 suo

2272 1799 2493 1864 auxilio,
2526 1801 2701 1856 amice
2734 1803 2804 1855 mi
2834 1804 3144 1866 dulcissime
3174 1811 3322 1864 cordi
3351 1827 3492 1866 meo.

2615 1919 2779 1999 351
2820 1919 3152 1978 EPISTOLA
3186 1922 3353 1978 χχιιι
3391 1924 3481 1978 διο.
3547 2013 3549 2015 ι

2685 2026 2754 2064 ΑΒ
2791 2027 3061 2067 ιιοιιλςιιοε
3095 2027 3405 2068 BECCENSES.
3728 2056 3734 2062 -

2267 2074 2718 2154 Eos_ltorlatur_ut
2749 2081 2958 2154 absente
2991 2081 3346 2154 crepabiarcha
3401 2083 3569 2137 vivant
3620 2083 3839 2154 integer-

2339 2147 2466 2198 rime
2492 2161 2510 2197 :
2532 2159 2581 2200 et
2615 2149 2688 2201 eis
2709 2165 2820 2202 sum
2847 2149 2900 2203 iit
2920 2150 3112 2219 Anglia
3155 2165 3316 2205 mora:
3341 2167 3526 2223 causa;
3577 2147 3761 2208 reddii.

2337 2237 2580 2293 Dominis
2600 2248 2654 2294 et
2686 2238 2940 2295 fratribus
2966 2240 3320 2320 charissimis,
3351 2244 3521 2296 servis
3549 2244 3640 2298 Dei
3679 2243 3834 2299 Decci

2265 2329 2753 2392 eommanentibus,
2779 2326 2947 2382 frater
2969 2327 3249 2385 Aassums
3266 2343 3453 2385 servus
3475 2345 3681 2400 eorum,
3701 2343 3838 2386 sem.

2264 2433 2359 2488 per
2385 2421 2451 2474 ad
2474 2404 2690 2476 meliora
2718 2434 2838 2473 cum
2863 2420 3157 2476 humilitate
3180 2420 3458 2488 proﬁcere,
3482 2428 3540 2488 let
3565 2434 3838 2502 nunquam

2266 2509 2512 2564 deﬁcere.
2943 2517 2969 2531 ‘
3445 2519 3450 2524 ’

2336 2596 2489 2673 Bene
2505 2597 2729 2661 fecistis,
2755 2599 2879 2667 quia
2903 2599 2969 2654 de
2999 2601 3157 2655 rebus
3179 2599 3357 2653 domui
3388 2599 3626 2668 Hugonis
3649 2595 3838 2653 defun-

2266 2686 2359 2747 cti,
2381 2695 2436 2738 et
2462 2688 2527 2740 de
2550 2685 2633 2739 his
2656 2702 2772 2755 qua:
2787 2701 2912 2755 erga
2944 2702 3038 2741 vos
3070 2695 3216 2750 sunt,
3265 2687 3394 2740 mihi
3426 2679 3734 2747 m'andaStis:
3777 2695 3836 2740 et.
3891 2747 3904 2757 ο

2265 2777 2390 2845 quia
2419 2777 2595 2845 gratia
2618 2776 2688 2810 “’
2715 2777 2808 2831 Dei
2839 2791 2932 2830 vos
2961 2784 3016 2831 et
3055 2785 3228 2830 vestra
3267 2775 3468 2845 protegi
3522 2773 3834 2836 intimastis,

2267 2882 2353 2921 me
2381 2881 2592 2934 semper
2616 2866 2719 2920 hoc
2762 2866 3151 2920 desiderantem
3206 2865 3276 2896 ⁶⁸⁰
3314 2863 3466 2918 valde
3491 2861 3832 2917 'lmtiiicastis.

2271 2956 2536 3021 Quoniam
2560 2964 2736 3008 autem
2771 2972 2863 3010 vos
2893 2951 3006 3009 seio
3033 2971 3136 3008 non
3166 2955 3500 3008 dissimiliter
3525 2953 3833 3006 desiderare

2270 3061 2430 3099 nosse
2458 3060 2576 3113 qua:
2599 3045 2740 3098 circa
2771 3058 2854 3098 me
2887 3053 3033 3108 sunt,
3063 3035 3255 3124 scitote
3293 3043 3544 3110 quoniam
3580 3057 3648 3095 ex
3680 3054 3836 3108 quoa

2269 3132 2440 3205 vobis,
2466 3131 2660 3184 vestris
2683 3146 2766 3184 me
2795 3131 3248 3210 prosequentibus
3269 3125 3621 3194 orationibus,
3653 3141 3835 3195 egres-

2269 3197 2361 3278 sus
2384 3239 2524 3287 sum,
2550 3224 2727 3277 omnia
2755 3222 2880 3275 mihi
2909 3236 3162 3291 prospere
3183 3235 3278 3289 per
3301 3220 3391 3274 Dei
3412 3219 3838 3274 misericordiam

2267 3321 2561 3366 evenerunt
2592 3311 2640 3378 (Ι
2672 3297 2827 3363 Esdr.
2862 3316 2977 3374 vni,
3001 3310 3117 3377 23),
3153 3319 3204 3362 et
3233 3309 3316 3362 his
3335 3309 3426 3376 qui
3452 3322 3659 3362 mecum
3688 3317 3834 3361 sunt.

2272 3403 2586 3467 Ubicunque
2614 3399 2692 3452 vel
2718 3399 2915 3460 eundo,
2941 3398 3024 3451 vel
3052 3396 3308 3475 morando
3337 3412 3483 3462 sum;
3533 3410 3640 3450 non
3679 3396 3835 3450 aliter

2268 3505 2427 3557 quam
2461 3490 2511 3542 in
2537 3497 2719 3540 nostra
2750 3501 2806 3538 re
2831 3486 3066 3554 propria,
3096 3485 3203 3538 Deo
3238 3484 3495 3548 donante,
3532 3484 3836 3550 sum.Quo—

2268 3580 2409 3631 niam
2442 3592 2567 3631 vero
2591 3592 2680 3629 rex
2710 3577 2952 3629 chartam
2982 3584 3218 3628 nostram
3252 3576 3317 3629 de
3364 3577 3522 3630 rebus
3572 3590 3706 3642 quas
3735 3576 3831 3629 ha-

2267 3666 2455 3716 bemus
2480 3666 2529 3715 in
2554 3664 2764 3730 Anglia,
2798 3661 3005 3718 nonnisi
3033 3661 3702 3731 praisentibusldatoribus,
3739 3661 3832 3729 qui

2267 3770 2371 3807 non
2404 3753 2666 3808 omnesiu
2698 3753 2842 3803 curia
2868 3751 3108 3804 Paschali
3138 3751 3828 3817 adfuerunt,voluitconliro

2269 3859 2416 3898 mare
2465 3864 2476 3897 :
2525 3842 2685 3910 jussit
2729 3857 2814 3895 me
2859 3856 3028 3910 usque
3085 3840 3456 3895 Pentecostem
3506 3842 3573 3895 ad
3627 3841 3828 3895 curiam

2267 3952 2439 3999 suam,
2474 3935 2560 3988 ubi
2590 3947 2776 3987 omnes
2798 3933 3077 4000 simuljam
3093 3942 3475 3997 convenerunt,
3494 3943 3826 4003 ex5pectare:

2268 4042 2370 4092 qua
2396 4024 2804 4078 conﬁrmatione
2828 4033 3064 4099 peracta,
3098 4023 3206 4076 Deo
3237 4024 3431 4077 vestris
3453 4023 3666 4077 favente
3711 4040 3830 4092 pre-

2265 4115 2438 4174 cibus,
2467 4113 2530 4164 ad
2557 4112 2919 4164 desiderantes
2940 4120 2993 4164 et
3023 4111 3354 4165 desideratos
3402 4127 3546 4166 meos
3588 4112 3833 4166 desidero

2269 4215 2528 4257 remeare.
2570 4199 2758 4252 Notum
2788 4208 2888 4262 est,
2911 4200 3089 4253 dilecti
3132 4201 3234 4252 mei
3286 4201 3377 4262 δυ,
3425 4201 3684 4254 dulcedini
3738 4216 3830 4254 ve-

599 4284 666 4336 te,
697 4284 748 4327 et
787 4285 835 4327 tu
868 4293 970 4328 non
1000 4282 1246 4335 similiter
1276 4285 1463 4352 diligas
1497 4287 1620 4337 me?
1651 4287 1725 4339 Ne
1761 4305 1889 4359 ergo
1926 4292 1999 4345 sis
2027 4309 2150 4345 cru-
2190 4316 2203 4367 ι

2260 4301 2386 4350 strte
2409 4291 2530 4359 quia
2560 4291 2737 4357 teiigio
2786 4300 2960 4342 vestra
3005 4291 3197 4342 munda
3224 4300 3269 4342 ct
3320 4292 3653 4343 immaculata
3694 4293 3831 4358 apud

596 4363 728 4414 delis
773 4365 822 4415 iu
862 4382 926 4416 an
955 4385 1088 4419 mam
1125 4379 1265 4421 tuam
1301 4381 1352 4423 et
1395 4388 1590 4433 uicani,
1636 4377 1752 4427 veni
1784 4389 1835 4430 et
1881 4381 2158 4436 consolare

596 4462 738 4505 tuam
777 4466 827 4507 et
875 4473 1064 4511 meum.
1121 4461 1224 4514 Sed
1273 4477 1392 4513 cum
1439 4463 1634 4516 exieris
1679 4466 1749 4517 de
1782 4469 1996 4522 civitate
2047 4480 2157 4532 tua,

593 4554 710 4595 esto
757 4545 920 4601 Loth:
967 4569 1029 4601 ne
1084 4552 1337 4616 respicias
1387 4553 1452 4581 “5
1499 4563 1641 4607 retro
1689 4557 1840 4626 (Gen.
1895 4576 2003 4619 xix,
2046 4563 2154 4625 ii).

592 4642 788 4694 Oculos
839 4641 972 4691 habe
1024 4650 1168 4701 ante,
1218 4649 1272 4691 ut
1303 4640 1483 4694 discas
1517 4631 1653 4695 viain
1704 4649 1768 4697 ad
1812 4649 2154 4709 veniemlum,

595 4747 658 4782 ne
693 4730 889 4781 habeas
939 4745 1028 4780 cos
1085 4742 1245 4792 retro,
1294 4738 1349 4780 ut
1392 4731 1725 4787 obliviscaris
1779 4737 1916 4788 viam
1970 4739 2156 4797 adre—

593 4820 888 4880 .tenndnm;
934 4830 1198 4884 quatenus
1246 4835 1365 4871 cum
1415 4822 1670 4889 Apostolo
1723 4826 2044 4879 obliviscaris
2094 4847 2152 4881 ea

589 4925 702 4968 qmt’
733 4923 865 4957 t'clt‘u
907 4919 1046 4970 sunt,
1077 4918 1128 4962 et
1155 4910 1411 4962 extendas
1442 4922 1489 4964 te
1535 4914 1600 4964 ad
1645 4931 1703 4965 cu
1737 4932 1852 4981 quw
1879 4926 2000 4968 ante
2030 4928 2152 4969 sunt

592 4992 807 5055 tl’ln'lip.
864 5010 939 5050 ιιι,
993 4995 1097 5062 l3).
1134 4997 1333 5063 Aperte
1379 4998 1518 5061 dico,
1566 5000 1642 5052 sic
1684 5003 1826 5063 veni,
1882 5013 1938 5054 ut
1992 5005 2152 5055 simul

591 5095 989 5144 ronversemur,
1044 5086 1083 5135 si
1139 5087 1216 5137 vis
1258 5097 1313 5136 ut
1367 5088 1590 5140 invicem
1643 5105 1738 5142 nos
1791 5092 2148 5145 consolemur.

2267 4383 2434 4436 Deum
2466 4390 2511 4431 ct
2548 4376 2753 4430 Pan-ein
2777 4370 2849 4429 cit
2883 4378 3018 4445 (Jac.
3056 4393 3092 4439 ι,
3129 4377 3219 4446 27)
3250 4378 3572 4430 desiderium
3631 4393 3828 4437 meum,

2263 4481 2313 4524 et
2344 4470 2481 4523 bona
2511 4469 2612 4520 vita
2645 4473 2815 4519 vestra
2841 4475 2920 4519 est
2951 4467 2999 4517 in
3029 4467 3128 4518 hoc
3149 4466 3342 4518 smculo
3358 4467 3607 4533 gaudium
3632 4481 3829 4518 meum.

2265 4557 2319 4610 Si
2354 4556 2482 4625 quid
2513 4571 2638 4624 ergo
2665 4555 2730 4607 de
2759 4564 2933 4607 vestra
2956 4555 3221 4607 charitate
3263 4569 3361 4621 pro
3411 4553 3510 4608 hac
3558 4554 3829 4606 voluntate

2264 4650 2456 4706 merui,
2494 4657 2548 4699 ut
2581 4658 2802 4707 taceam,
2830 4647 2964 4698 bene
2989 4643 3221 4706 vivendi,
3256 4631 3519 4712 primum?
3551 4643 3689 4710 quod
3717 4658 3831 4694 ma-

2255 4739 2343 4804 jus
2374 4749 2477 4802 cst,
2514 4752 2721 4802 precor,
2756 4737 2982 4788 obsecro
3009 4742 3065 4786 ut
3090 4734 3223 4786 bene
3272 4733 3497 4785 vivendo
3551 4731 3829 4803 laetificetis

2265 4831 2516 4881 absentes
2540 4838 2586 4879 cl
2621 4833 2909 4892 pnescntes
2936 4840 3028 4876 cor
3053 4839 3246 4884 meum,
3275 4831 3329 4874 et
3357 4823 3421 4874 de
3471 4823 3608 4874 bono
3652 4828 3827 4874 vestro

2265 4919 2529 4984 impleatis
2559 4917 2877 4968 desiderium
2900 4923 2950 4967 et
2975 4914 3222 4978 gaudium
3249 4927 3444 4965 meum.
3499 4912 3564 4963 Et
3585 4927 3686 4977 pax
3706 4909 3827 4975 Dei,

2261 5025 2375 5074 quia
2399 5001 2672 5073 exsuperat
2708 5009 2907 5055 ontu'em
2933 5019 3159 5067 sensum,
3194 5003 3447 5054 custodiat
3475 5001 3631 5053 corda
3657 5011 3826 5098 vestra

2261 5109 2306 5147 ct
2341 5097 2708 5163 intelligendus
2740 5106 2925 5146 res-(ras
2963 5094 3214 5161 (Philipp.
3266 5108 3334 5153 tv,
3386 5092 3436 5157 7)
3495 5109 3506 5142 :
3560 5100 3616 5142 ut
3660 5092 3830 5156 magis

1855 5198 2085 5253 ΥᾹΙΗᾸΞ
2129 5203 2520 5258 [.ECTlONES.

661 5300 725 5326 π’
762 5297 961 5349 (Io/{uta
989 5320 1100 5352 ιίιέιι
1151 5321 1204 5352 ιιίν
1231 5308 1320 5352 ἰίιι
1358 5321 1448 5353 ιιις.

593 5369 655 5401 si”
692 5368 832 5418 Salis
860 5386 949 5423 ιιιὸι
980 5372 1109 5420 Silii”

593 5437 762 5484 rudem
793 5453 887 5486 m3.

1070 5442 1127 5492 [ξι
1160 5451 1323 5506 grai...
1364 5457 1458 5494 εις.
1505 5451 1554 5492 cl
1594 5442 1712 5505 quia
1743 5444 1911 5508 gratia

599 5506 720 5551 illiiti

1531 5306 1595 5332 ἰιξλ
1625 5305 1906 5356 tiuillelino
1939 5325 2032 5360 ms.
2065 5310 2203 5361 Gul”

2250 5329 2343 5362 nco
2418 5313 2485 5340 '°'”
2540 5313 2888 5362 Dii-atumem
2924 5326 3092 5361 meam
3136 5328 3229 5361 ms.
3291 5311 3528 5390 rliiectort

1193 5373 1254 5400 λικε
1293 5372 1394 5424 Non
1427 5363 1680 5436 respicias
1715 5390 1806 5422 ms.
1857 5391 1920 5426 ne
1949 5380 2203 5442 uestiit-ias
2279 5382 2339 5408 νοτ
2374 5380 2526 5431 Novit
2552 5382 2770 5431 dilli-rie
2797 5396 2889 5429 ms.
2913 5381 3088 5430 nocuit
3113 5381 3324 5430 dilicrre
3401 5379 3466 5409 ⁸³⁸
3490 5378 3820 5430 (ῙοΝαΙίῑςυκι

1991 5449 2056 5474 ⁸⁵)
2098 5449 2541 5501 ιἰιτδξιιριιιιιιριιιις
2591 5449 2985 5501 desith'runtent

2540 5313 2888 5362 Ditertnmcm
2924 5326 3092 5361 meam
3136 5328 3229 5361 ms.
3291 5311 3597 5363 dilectorem
3648 5324 3822 5363 meum

3063 5449 3126 5477 ξδ’
3162 5450 3342 5499 inlecti
3387 5448 3485 5500 mci
3511 5463 3604 5498 ms.
3639 5448 3821 5498 dilecti
