4214 6226
695 176 834 233 H79

1216 181 1275 235 S.
1314 181 1612 240 ANSELSII
1658 186 2007 243 CANTL‘AR.
2048 184 2362 242 ARCIIIEP.
2397 177 2757 257 OPPCPARS
2795 183 2878 238 Ill.
2916 214 2981 223 —
3022 185 3397 251 lil’lS'l'QLE.

3788 187 3914 244 H80

692 302 816 342 nam
845 287 1093 343 Basiliam
1124 304 1186 345 cx
1216 305 1396 348 nostra
1424 305 1598 363 parte,
1635 272 1835 366 quanto
1857 299 2061 353 dulcius
2103 305 2253 367 pote-
2286 304 2328 361 Α
2362 299 2471 344 tum
2492 291 2744 360 gaudium
2783 292 3017 360 perfudit
3045 308 3137 348 cor
3163 308 3362 360 meum.
3414 307 3673 365 (lu-mlum
3703 299 3917 355 dilalhla

690 377 808 441 515$.
838 377 1096 445 δειιηιαως
1128 389 1179 435 el
1207 396 1323 448 eos,
1349 386 1488 440 sicut
1518 403 1612 443 vos
1632 398 1688 442 et
1718 389 1838 443 illos
1858 391 2030 451 decet,
2064 398 2117 441 et
2160 403 2258 440 no-

688 474 853 518 stram
894 467 1043 521 scitis
1093 472 1424 529 voluntatem
1459 463 1488 540 ,i
1530 459 1838 533 serviendo
1868 476 1921 531 et
1953 476 2260 531 honorando

684 556 1007 630 confortatc.
1036 556 1093 614 Si
1124 563 1405 632 plusquam
1463 569 1571 621 dixi
1606 558 1807 623 moram
1864 568 2063 633 fecero,
2126 568 2259 621 tole-

686 641 829 707 rate;
861 646 985 713 quia
1017 663 1174 718 spero
1203 652 1255 705 in
1281 655 1410 720 Deo,
1444 671 1548 731 non
1578 658 1679 711 erit
1710 659 1828 711 sine
1882 656 2058 726 aliqua
2113 657 2260 711 utili-

683 737 811 784 tate.

1179 828 1509 886 EPISTOLA
1548 833 1758 888 XXVII.

760 975 769 983 ~
1266 935 1333 972 Αιι
1375 936 1681 978 aousn'rutt.

691 1012 757 1067 ΠΙ
778 1019 888 1087 qui,
912 1022 1088 1079 relicta
1114 1030 1421 1103 monasterio
1437 1049 1551 1093 suo,
1571 1034 1760 1102 absque
1786 1052 1945 1103 causa
1962 1045 2009 1089 et
2034 1036 2143 1103 ipso
2163 1034 2255 1088 ob-

914 1160 925 1171 κ
1012 1104 1152 1147 serue
1172 1097 1483 1155 discesserat
1512 1142 1526 1162 ,
1555 1119 1614 1160 eo
1641 1097 1941 1156 revertatur.

754 1176 981 1231 Domino
1009 1192 1063 1235 et
1112 1183 1267 1239 fratri
1320 1188 1629 1250 dulcissimo
1682 1191 1931 1245 [tonsure
1977 1192 2256 1248 ANSELIIUS

670 1281 724 1317 sa
742 1266 903 1321 lutetn
932 1280 986 1325 et
1012 1272 1177 1328 vitam
1202 1281 1454 1346 consequi
1480 1280 1883 1347 sempiternam.

750 1355 962 1413 Dictum
991 1372 1076 1417 est
1105 1365 1232 1429 mihi
1270 1368 1391 1441 quia
1436 1358 1719 1438 postquam
1753 1371 1823 1425 ivi
1874 1370 1926 1425 in
1983 1372 2251 1441 Angliam.

677 1446 932 1503 noluistis
956 1448 1009 1503 in
1044 1457 1371 1509 monasterio
1401 1465 1579 1512 vestro
1616 1461 1948 1522 conversari.
2006 1461 2159 1529 Quod
2206 1462 2250 1517 si
2280 1446 2283 1447 ν

678 1536 879 1595 factum
908 1549 991 1597 cst
1013 1540 1153 1599 bono
1188 1543 1370 1600 animo
1394 1555 1448 1600 et
1477 1558 1699 1618 propter
1726 1542 2098 1608 rationabilem
2121 1566 2255 1607 cau-

2362 391 2444 435 est
2471 395 2592 450 spes
2613 394 2729 435 mea
2763 383 2828 435 de
2856 383 3027 449 vobis,
3054 394 3310 453 quantum
3337 378 3483 455 prius
3513 388 3730 455 ardens,
3754 390 3917 444 vehe-

2363 472 2593 525 mentius
2613 472 2817 526 exarsit
2844 473 3165 528 desiderium
3197 490 3372 529 meum
3416 479 3481 531 de
3510 479 3679 534 vobis.
3716 479 3919 536 Concu-

2360 562 2572 630 piscunt
2608 562 2717 631 jam
2744 604 2758 627 ,
2807 563 3133 619 dilectissimi
3182 566 3284 622 mei
3311 606 3326 630 ,
3367 570 3748 637 concupiscunt
3783 572 3917 627 oculi

2363 650 2464 704 mei
2497 650 2670 706 vultus
2696 660 2923 717 vestros,
2950 657 3244 712 extendunt
3265 671 3325 712 se
3345 659 3563 713 brachia
3597 674 3712 715 mea
3742 661 3794 715 in
3808 676 3921 715 am-

2358 737 2545 805 plexus
2568 749 2794 794 vestros.
2816 741 3043 796 Anhelat
3066 744 3150 797 ad.
3179 746 3361 800 oscula
3392 757 3567 801 vestra
3611 762 3673 802 os
3720 763 3917 813 meum,

2357 827 2629 881 desiderat
2651 830 3111 885 conversationem
3166 846 3402 889 vestram
3454 836 3712 907 quidquid
3756 846 3920 892 restat

2356 915 2421 972 de
2449 920 2557 973 vita
2596 936 2734 984 mea,
2762 931 2820 974 ut
2849 922 2899 974 in
2932 922 3089 991 pleno
3138 926 3330 994 gaudio
3372 924 3564 982 futura:
3600 928 3720 983 vitae
3745 930 3921 983 vobis-

2357 1024 2478 1062 cum
2506 1011 2727 1080 gaudeat
2758 1012 2938 1066 anima
2971 998 3087 1068 mea
3133 1013 3245 1068 Hoc
3269 1024 3479 1083 optant,
3525 1017 3628 1070 hoc
3652 1027 3811 1072 orant
3842 1019 3919 1073 de

2354 1099 2505 1154 vobis
2529 1100 2767 1178 ardentia
2800 1118 2895 1170 pro
2931 1105 3082 1157 vobis
3136 1104 3321 1157 intima
3376 1117 3515 1170 mea,
3574 1107 3871 1161 charissimi
3899 1148 3915 1172 .

2355 1188 2455 1242 hoc
2484 1189 2593 1259 jam
2627 1189 2873 1246 ﬁdentius
2898 1203 3137 1263 sperant,
3168 1205 3219 1249 et
3255 1202 3321 1251 ad
3352 1195 3453 1249 hoc
3502 1198 3778 1253 ardentius
3819 1213 3917 1253 an-

2356 1274 2557 1340 helant,
2589 1277 2712 1343 quia
2740 1293 2834 1331 vos
2862 1278 2914 1331 in
2943 1279 3390 1334 Northmanuiam
3416 1283 3641 1337 adduxit
3670 1283 3919 1339 voluntas

2351 1362 2630 1423 Altissimi.
2666 1363 2837 1432 Spero
2855 1367 2997 1421 enim
3030 1368 3253 1434 orando,
3282 1378 3336 1422 et
3363 1384 3463 1423 oro
3488 1374 3759 1438 sperando
3777 1373 3827 1427 in
3855 1387 3918 1427 eo

2352 1453 2441 1521 qui
2464 1468 2557 1507 sua
2589 1457 2755 1524 gratia
2788 1465 2993 1510 tantum
3026 1456 3175 1519 fecit,
3223 1460 3346 1525 quia
3395 1461 3687 1516 secundum
3738 1457 3916 1517 Votum

2353 1559 2528 1599 nicum
2553 1545 2792 1614 perﬁciet
2819 1548 2959 1616 quod
2986 1548 3230 1625 intempit.
3279 1549 3384 1604 Sed
3436 1551 3689 1619 quoniam
3749 1552 3918 1608 donec

676 1645 817 1695 sam,
842 1626 1111 1703 utcunque
1137 1622 1312 1703 potest
1339 1637 1597 1705 tolerari;
1642 1641 1688 1694 si
1717 1656 1845 1696 vero
1895 1640 2075 1713 aliquo
2123 1659 2245 1697 ran.
2279 1644 2320 1701 Β
2351 1636 2560 1693 videam
2585 1638 2726 1706 quod
2751 1634 2900 1706 opto,
2929 1622 3173 1692 stimulat
3204 1653 3290 1693 me
3334 1638 3657 1694 desiderium
3713 1655 3914 1707 meum,

676 1733 804 1773 core
837 1720 1037 1791 factum
1065 1732 1169 1791 est,
1197 1726 1389 1781 scitote
1445 1746 1529 1785 me
1578 1730 1802 1792 multum
1829 1734 2060 1789 ‘mirari.
2112 1734 2247 1789 Nam

673 1809 885 1865 etiamsi
911 1811 1123 1869 habetis
1146 1816 1381 1886 aliquam
1429 1836 1673 1886 cansmn,
1730 1836 1849 1890 qnze
1906 1822 2057 1877 vobis
2101 1833 2247 1878 recta

674 1898 907 1965 videtur,
934 1912 990 1955 ut
1017 1919 1047 1957 a
1078 1909 1409 1962 monasterio
1445 1919 1627 1966 vestro
1655 1926 1749 1966 vos
1790 1912 2129 1978 alienaretis;
2162 1913 2247 1968 vel

671 2001 894 2059 propter
931 2007 1169 2049 amorem
1203 2008 1446 2052 nostrum
1487 2001 1699 2056 deceret
1753 2017 1846 2055 vos
1890 2012 2205 2070 exspectare
2230 2042 2246 2069 ,
2308 2056 2309 2059 η

673 2077 844 2133 donec
871 2080 1002 2135 mibi
1033 2078 1144 2137 rem
1176 2084 1366 2154 ipsam,
1398 2102 1518 2156 qua:
1547 2103 1644 2157 vos
1669 2089 1985 2158 dll'euderet,
2029 2091 2246 2159 lntima-

674 2165 916 2230 retis;et
943 2169 1135 2245 deinde
1163 2182 1348 2227 nostro
1371 2175 1597 2230 consilio
1650 2192 1746 2233 cor
1797 2174 2058 2243 vestrum,
2108 2180 2249 2234 sicut

673 2270 885 2310 servum
911 2258 1002 2313 Dei
1024 2259 1261 2328 deceret,
1316 2266 1601 2333 pacaretis.
1656 2267 1855 2327 Precor
1903 2269 2063 2339 igitur
2100 2280 2157 2324 ut
2201 2270 2247 2326 si

672 2359 759 2399 me
785 2356 842 2401 et
864 2349 1145 2405 consilium
1185 2368 1361 2409 meum
1395 2355 1643 2425 diligitis,
1663 2349 1799 2414 sicut
1831 2348 1929 2426 ego
1971 2375 2066 2414 vos
2110 2376 2249 2415 sem-

671 2449 768 2502 per
795 2432 955 2492 dilexi
984 2448 1039 2494 et
1062 2441 1246 2513 diligo,
1270 2444 1336 2497 ad
1360 2448 1744 2502 monasterium
1777 2457 2013 2503 vestrum
2067 2450 2249 2504 venia-

674 2525 761 2585 tis,
789 2534 846 2580 et
874 2526 945 2580 ibi
977 2544 1097 2582 cum
1125 2531 1245 2587 aliis
1270 2524 1488 2603 paciﬁca
1510 2544 1562 2589 et
1589 2534 1814 2607 benigna
1842 2538 2249 2593 conversatione

674 2614 786 2679 Deo
816 2619 1083 2674 servistis.
1123 2621 1180 2676 Si
1209 2633 1384 2681 autem
1412 2620 1544 2681 mihi
1588 2628 1929 2697 acquiescere
1969 2629 2247 2685 nolueritis

676 2706 870 2760 scitote
890 2709 1013 2776 quia
1042 2710 1236 2774 anima:
1262 2723 1453 2769 vestrae
1484 2724 1586 2769 nan
1609 2716 1848 2783 expedit,
1891 2725 1941 2781 et
1973 2732 2059 2771 me
2118 2732 2247 2772 coa-

671 2796 918 2852 tristatis.
942 2798 1095 2865 Quod
1122 2802 1348 2859 si-vobis
1370 2814 1644 2873 graveest
1686 2806 1878 2875 placita
1907 2808 2099 2877 tcner'e
2129 2823 2248 2877 quas

676 2886 826 2941 vobis
877 2892 1274 2957 commendavi,
1304 2894 1476 2966 nnigis
1524 2890 1646 2951 volo
1702 2904 1759 2951 ut
1812 2896 1901 2952 illa
1960 2898 2250 2953 dimittatis

2351 1724 2562 1779 interim
2593 1724 2655 1778 ei:
2692 1726 2863 1778 cordis
2888 1726 3209 1780 abundantia
3232 1724 3462 1796 loquitur
3482 1728 3577 1787 οι(
3584 1727 3773 1782 Matth.
3815 1746 3915 1794 ιιι.

2349 1813 2439 1884 Si)
2470 1814 2665 1869 meum‘.
2701 1812 2934 1879 Gustata,
2964 1816 3350 1879 amantissimi,
3403 1833 3563 1887 quam
3622 1819 3794 1873 suavis
3844 1829 3917 1873 est

2350 1902 2603 1957 Dominus
2630 1901 2799 1973 (Psal.
2840 1920 3029 1967 sum,
3067 1911 3155 1973 9);
3207 1905 3356 1974 quod
3398 1921 3734 1976 nequaquam
3778 1909 3917 1964 scire

2348 1990 2572 2059 potestis
2604 1991 2837 2059 qnandin
2865 1992 3035 2046 dulcis
3063 2001 3146 2047 est
3173 1992 3322 2047 vobis
3348 1995 3596 2048 mundus.
3622 1994 3806 2057 Scitis,
3836 1996 3918 2049 di-

2349 2078 2619 2139 lectissimi
2650 2080 2774 2143 mei,
2803 2082 2924 2149 quia
2956 2079 3080 2134 imm
3094 2084 3180 2134 lus
3209 2082 3447 2136 transibit
3468 2080 3519 2135 et
3555 2083 3918 2151 concupiscen-

2348 2169 2422 2221 tia
2453 2160 2566 2238 ejus
2586 2168 2647 2239 -(1
2674 2169 2835 2224 Jaan.
2878 2186 2937 2235 ιι,
2997 2170 3119 2239 17);
3165 2171 3302 2225 Deus
3348 2179 3526 2226 autem
3583 2174 3916 2241 permanebit

2348 2256 2519 2328 (I’sal.
2545 2275 2614 2320 cr.
2643 2261 2748 2329 l3),
2777 2270 2830 2314 et
2848 2260 3022 2314 omnis
3054 2261 3222 2330 gloria
3253 2261 3323 2293 ⁸⁸³
3343 2259 3482 2328 ejus.
3511 2261 3612 2329 Qui
3634 2276 3770 2333 ergo
3799 2262 3915 2319 d’iliv

2349 2348 2425 2417 git
2471 2350 2767 2415 mundum,
2818 2354 3056 2404 sectatur
3099 2350 3411 2414 vanitatem,
3464 2360 3517 2403 et
3559 2360 3917 2420 consequetur

2348 2424 2597 2490 miseram
2626 2437 2993 2507 indigentiam;
3026 2438 3114 2507 qui
3137 2446 3338 2501 autem,
3362 2447 3670 2507 contempto
3694 2441 3915 2505 mundo,

2348 2522 2498 2593 eligit
2525 2526 2714 2590 Deum,
2744 2527 2987 2595 sequitur
3034 2526 3315 2581 veritatem
3344 2534 3397 2581 et
3426 2527 3657 2591 inveniet
3699 2527 3914 2582 beatam

2348 2614 2741 2669 suﬁieientiam.
2770 2616 2875 2671 Sed
2921 2616 3046 2685 quid
3102 2624 3326 2670 cunctor
3381 2615 3450 2647 “'
3510 2612 3693 2685 aperte
3738 2617 3918 2672 dicere

2348 2703 2669 2757 desiderium
2694 2705 2872 2759 cordis
2893 2705 3038 2758 mei?
3060 2704 3243 2759 Dicam
3273 2720 3372 2776 ego
3418 2723 3431 2759 :
3483 2706 3812 2762 Persradeat
3847 2707 3916 2741 ⁸⁸⁸

2349 2792 2509 2848 Deus.
2534 2792 2830 2847 Desiderati
2859 2794 2985 2857 mei,
3015 2793 3144 2848 nihil
3169 2802 3275 2848 tam
3305 2794 3441 2847 bene
3466 2795 3689 2865 potestis
3710 2837 3725 2861 ,
3754 2788 3913 2865 Quam

2352 2868 2660 2935 monasticae
2686 2881 2807 2935 vitae
2837 2882 3166 2950 propositum
3197 2881 3467 2957 arripere;
3516 2898 3777 2953 nusqra-u
3810 2901 3917 2939 me-

674 2978 834 3043 quam
865 2980 1007 3047 quod
1031 2981 1267 3037 animam
1296 2992 1390 3043 am
1410 2981 1873 3040 “mammam,”
1904 2984 1919 3039 ι
1921 2986 2058 3043 ,νάει
2082 2986 2253 3058 racia._
2277 2980 2319 3039 (ι
2352 2968 2456 3058 lius
2484 2970 2584 3023 hoc
2615 2970 2854 3037 potestis,
2887 2982 3045 3058 quam
3076 2966 3321 3025 cumillo
3362 2973 3453 3040 qui
3498 2974 3649 3049 vobis
3705 2975 3757 3028 in
3816 2975 3916 3029 hoc

674 3066 763 3121 tis.
791 3066 903 3123 Non
935 3070 1057 3126 dico
1085 3073 1247 3128 modo
1297 3074 1456 3131 verba
1510 3074 1962 3142 inconvenientia,
2017 3091 2137 3146 qua:
2180 3077 2247 3133 de

671 3159 825 3214 vobis
846 3176 943 3230 pro
961 3162 1068 3217 hac
1095 3165 1398 3222 .occasione
1440 3166 1690 3223 dicuntur
1723 3166 1777 3223 in
1818 3166 2027 3239 Anglia.
2068 3166 2249 3222 Valeat

673 3249 804 3315 mihi
832 3250 1003 3306 dulcis
1026 3238 1266 3314 charitas
1294 3267 1504 3321 vestra;
1539 3264 1609 3311 .et
1662 3273 1730 3311 ne
1772 3238 1937 3312 faciat
1982 3255 2250 3327 quod‘me

672 3341 980 3408 contristet,
1016 3343 1141 3413 quia
1159 3342 1398 3411 jucunda
1427 3354 1510 3400 est
1535 3347 1663 3403 mihi
1701 3338 2001 3417 benignitas
2052 3355 2248 3401 vestra.

1113 3453 1809 3527 eptsrouxxvnt-m.

900 3557 969 3595 AD
994 3557 1278 3599 HAYIONEI
1302 3559 1372 3600 ΕΤ
1401 3560 1716 3601 IAYNALDUI
1746 3560 2035 3601 ιιοιιΑοιιυε.

674 3628 744 3682 Ut
770 3629 923 3683 Βεθεί
941 3632 1202 3707 cucullum
1226 3635 1472 3707 induant,
1495 3635 1584 3707 qui
1607 3650 1634 3686 ε
1667 3634 1944 3707 longinquo
1981 3634 2114 3707 illuc
2160 3624 2249 3686 vc-

745 3710 928 3818 peraut
972 3700 1202 3755 Ληκιωὶ
1226 3703 1548 3756 -εοηυὶιειιάὶ
1600 3700 1773 3771 ergo,'
1798 3700 1885 3757 eos
1930 3703 2253 3756 vehementer

759 3776 1002 3820 tortatttr.

748 3858 872 3912 Suis
898 3858 1257 3913 dilectissimis
1298 3868 1354 3914 et
1403 3860 1889 3916 desideratissimis
1926 3859 2248 3929 consangui-

679 3944 795 3998 neis
827 3943 1064 3999 llavuom
1092 3954 1146 3999 et
1200 3947 1485 4002 [luxurio
1536 3947 1704 4003 frater
1740 3952 2023 4003 Aassuus
2064 3962 2251 4002 servus

676 4050 953 4089 servorum
977 4034 1068 4090 Dei
1099 4036 1254 4091 Becci
1281 4041 1758 4099 commanentinm.
1798 4048 1905 4093 tota
1937 4038 2134 4092 virtute
2164 4054 2250 4092 va-

677 4127 898 4192 nitatem
928 4134 1289 4192 contemnere,
1335 4137 1388 4182 et
1445 4126 1559 4182 toto
1608 4127 1811 4182 all'ectn
1852 4128 1918 4181 ad
1971 4116 2248 4182 veritatem

676 4220 1021 4274 contendere.
1378 4256 1395 4285 ζ.
1500 4228 1505 4235 ’

2347 3056 2615 3110 desiderat
2638 3067 2693 3110 et
2720 3065 2917 3125 potest.
2948 3056 3054 3111 Deo
3083 3062 3263 3121 dante,
3290 3059 3494 3114 servire
3529 3070 3583 3114 et
3609 3061 3911 3116 consulere.

2351 3148 2543 3217 Utique
2573 3162 2678 3202 non
2707 3146 2852 3211 fallo,
2876 3155 2999 3217 quia
3028 3147 3232 3203 amicus
3256 3164 3403 3216 sum,
3437 3159 3582 3204 certe
3612 3165 3710 3204 nec
3739 3142 3917 3214 fallor,

2348 3238 2472 3307 quia
2501 3244 2754 3303 expertus
2780 3249 2919 3289 sum.
2955 3235 3135 3288 Simus
3160 3251 3291 3304 ergo
3318 3238 3565 3291 monachi
3589 3238 3773 3299 simul.
3798 3254 3913 3293 ser-

2348 3327 2559 3381 viamus
2581 3325 2686 3379 Deo
2710 3323 2886 3385 simul.
2918 3333 2973 3379 ut
3000 3324 3065 3377 de
3091 3325 3320 3397 invicem
3365 3341 3508 3380 nunc
3538 3336 3593 3380 et
3626 3327 3677 3379 in
3735 3327 3915 3382 futuro

2346 3416 2672 3487 gaudeamus
2692 3414 2847 3469 simul
2876 3428 2977 3468 una
2997 3429 3145 3487 caro,
3178 3431 3313 3469 unus
3326 3414 3560 3485 sanguis,
3583 3431 3689 3470 una
3712 3417 3911 3483 anima,

2301 3553 2306 3559 .
2349 3486 2486 3563 unus
2516 3504 2947 3572 spiritussimns.
2968 3486 3212 3571 Denique
3236 3502 3581 3567 accessistis,
3611 3505 3911 3568 accedendo

2350 3577 3117 3652 suecendistis,succendendo
3164 3590 3233 3622 ⁸⁸⁷
3290 3589 3581 3657 conﬂastis,
3635 3592 3911 3647 conﬂando

2350 3678 2719 3733 consolidastis
2741 3668 2976 3733 ianimam
3006 3693 3176 3733 meam
3205 3694 3325 3733 cum
3368 3680 3649 3735 animabus
3697 3684 3907 3737 vestris.

2263 3834 2267 3838 ,
2322 3768 2533 3833 ‘Scindi
2560 3776 2753 3836 potest,
2790 3769 2997 3823 secerni
3016 3769 3127 3836 jam
3152 3784 3257 3830 non
3310 3779 3503 3838 potest.
3559 3770 3800 3827 Trahere
3850 3773 3910 3826 il-

2351 3858 2455 3911 lam
2486 3857 2551 3910 ad
2583 3858 2832 3911 saeculum
2861 3857 3135 3912 vobiscum
3165 3857 3324 3927 352
3352 3875 3454 3912 non
3513 3862 3758 3929 potestis.
3807 3862 3910 3919 Aut

2350 3960 2478 4014 ergo
2506 3960 2627 4000 cum
2658 3946 2742 3999 illa
2768 3947 3071 4013 manebilis,
3095 3956 3184 4000 aut
3204 3946 3349 4009 illam
3384 3948 3659 4005 scindctis.
3709 3951 3814 4007 Sed
3863 3951 3907 4006 si

2353 4036 2425 4097 illi
2456 4036 2892 4101 cohaeretis,,non
2921 4036 3091 4091 solum
3124 4038 3525 4107 consanguinei,
3579 4040 3671 4094 sed
3699 4050 3756 4095 et
3782 4056 3908 4096 con-

2353 4127 2660 4197 Spirituales
2686 4128 2833 4182 estis.
2864 4126 2919 4181 Si
2952 4143 3079 4191 vero
3110 4114 3252 4183 illam
3310 4129 3581 4197 scinditis,
3625 4147 3730 4187 non
3779 4148 3907 4187 con-

2353 4217 2653 4287 sanguinei,
2684 4217 2775 4271 sed
2805 4232 2927 4272 vere
2950 4219 3223 4287 sanguinei
3253 4228 3307 4272 et
3343 4220 3590 4275 carnales
3639 4222 3789 4277 estis.
3850 4221 3904 4275 Si

746 4308 879 4363 Cum
929 4310 1130 4372 audivi,
1195 4286 1399 4363 animaef
1443 4310 1809 4364 dilectissimze
1845 4310 2039 4364 anima!
2088 4325 2239 4377 mete,
2277 4290 2322 4349 υ
2350 4307 2415 4361 ad
2442 4286 2545 4361 hoc
2573 4307 2809 4371 venistis.
2844 4322 2938 4361 vos
2970 4308 3065 4377 ipsi
3082 4306 3319 4375 judicate
3359 4309 3449 4377 qui
3494 4304 3561 4363 et
3596 4312 3780 4379 quales
3827 4310 3906 4365 di-

678 4411 813 4463 quas
835 4397 973 4450 sicut
1003 4413 1059 4450 se
1091 4398 1279 4468 diligit,
1312 4406 1367 4452 et
1395 4398 1460 4451 de
1487 4397 1681 4464 quibus
1728 4399 1869 4466 quod
1898 4396 1963 4452 de
1991 4412 2069 4461 se,
2104 4398 2245 4452 desi-

676 4487 1032 4541 dcratauima
1066 4502 1216 4551 mea;
1257 4501 1377 4539 cum
1430 4487 1605 4571 διὲᾀίνί
1665 4502 1758 4541 vos
1799 4488 1867 4542 de
1927 4496 2037 4541 tam
2091 4486 2245 4557 longe

675 4578 985 4646 quasivisse
1006 4572 1197 4632 faciem
1222 4592 1416 4639 meam,
1467 4577 1700 4645 exprime
1740 4592 1769 4631 e
1821 4593 2028 4647 nequeo
2071 4592 2239 4647 quan-

2348 4394 2500 4447 cendi
2531 4394 2683 4449 estis.
2710 4394 2812 4449 Sed
2836 4395 3000 4449 absit!
3031 4395 3360 4461 charissimi;
3390 4397 3481 4452 sed
3503 4406 3711 4454 avertat
3742 4399 3902 4463 Deus,

2348 4468 2699 4549 dilectissimi,
2735 4498 2801 4538 ne
2829 4493 2932 4537 tam
2962 4484 3327 4539 insanabiliter
3364 4487 3597 4540 animam
3645 4502 3739 4551 vos
3774 4487 3906 4540 ‘dili.

2347 4583 2559 4644 gentem
2594 4574 2662 4604 ⁸⁵⁸
2689 4583 2745 4627 et
2769 4589 2891 4643 erga
2922 4588 3015 4628 vos
3037 4574 3374 4628 innocentem
3399 4575 3633 4642 lsedatis;
3683 4591 3748 4630 ne
3795 4584 3901 4629 tatu

1950 4669 2182 4733 VARUE
2225 4664 2621 4723 LECTIONES.

748 4738 816 4769 m
849 4736 1054 4791 Collala
1100 4753 1214 4789 cum
1266 4738 1441 4789 eodem
1494 4754 1589 4801 ms.

682 4814 856 4858 autem
888 4808 1225 4873 permanebit
1250 4814 1304 4859 et
1346 4806 1518 4859 omnis
1549 4806 1713 4872 gloria

682 4876 856 4925 dicam
889 4890 986 4941 ego
1015 4892 1025 4926 :
1078 4876 1398 4943 persuadeat

681 4943 990 5012 diligentem
1032 4961 1128 4997 ms.
1179 4945 1412 4997 animam
1440 4959 1531 4998 vos
1568 4944 1873 5013 diligentem

1666 4736 1734 4768 ‘5'“
1785 4736 2076 4800 Transibit,
2110 4748 2161 4791 et
2191 4740 2367 4792 omnis
2412 4736 2712 4807 gloriatus.
2749 4733 3549 4807 trausibit_.et_rconcupiscentia
3585 4734 3701 4803 cius
3724 4754 3737 4788 :
3762 4734 3905 4789 Deus

1828 4808 1897 4842 ⁸⁵1
1926 4808 2061 4842 [hair]
2099 4823 2184 4842 nn-

1494 4822 1518 4858 s
1549 4807 1713 4872 gloria
1828 4808 1897 4842 ⁸⁵⁸
1926 4807 2063 4872 Quid
2099 4818 2319 4861 curictet
2348 4824 2445 4860 ms.
2483 4807 2606 4871 quid
2648 4814 2869 4856 cunctor
2976 4807 3043 4833 ³⁸⁵
3084 4807 3259 4855 Dicam
3304 4818 3401 4872 ego
3444 4819 3599 4871 persn

1492 4876 1559 4906 ⁸⁸⁷
1590 4876 1907 4931 Accedendo
1948 4876 2319 4931 succende-udo
2368 4892 2466 4929 ms.
2500 4872 2803 4927 accedendo
2836 4872 3204 4931 succendisuis.
3232 4873 3601 4927 succendeudo

2483 4805 2606 4871 quid
2648 4814 2869 4856 cunctor
2976 4803 3043 4833 ³⁸⁸
3084 4803 3259 4855 Dicam
3304 4818 3401 4872 ego
3444 4808 3759 4871 persuadeat
3802 4819 3899 4872 ius.

3701 4872 3770 4903 us
3800 4871 3900 4926 vos

1931 5032 2209 5089 JOANNIS
2252 5034 2518 5091 PICARDI
2549 5032 2775 5087 ΝΟΤᾸΞ.

679 5112 904 5157 vocatur
934 5102 1181 5155 Blancart
1204 5118 1268 5156 an
1295 5119 1528 5171 prtesens
1559 5105 1820 5168 absolute,
1861 5119 1891 5158 e
1918 5113 1939 5158 ι
1978 5104 2233 5172 reliquam

677 5185 886 5241 partem
912 5173 1140 5225 mediam
1174 5183 1290 5238 post
1320 5183 1543 5227 mortem
1576 5174 1696 5227 Evte
1744 5175 1932 5226 uxoris
1956 5189 2089 5236 sum,
2123 5175 2233 5242 ipsa

680 5243 890 5294 volenle
914 5251 965 5295 et
994 5243 1377 5295 consentiente.
1413 5262 1429 5290 ι

750 5311 1013 5363 Czetcrum
1046 5310 1531 5364 Northmanuorum
1552 5311 1800 5364 comitem
1829 5326 1987 5380 supra
2036 5325 2239 5365 memo-

682 5392 855 5434 ratum
910 5380 957 5431 al
983 5396 1068 5449 nm
1114 5390 1267 5448 pntcs
1322 5394 1483 5448 quam
1530 5380 1872 5433 Willielmum
1926 5382 2239 5449 cognomine

686 5450 953 5511 Spurium.
986 5448 1114 5500 Nam
1149 5452 1196 5501 in
1228 5450 1516 5516 diplomate
1560 5449 1796 5501 llerbtini
1838 5466 1939 5501 non
1970 5448 2132 5502 setnel
2163 5452 2237 5502 sic

686 5529 923 5583 vocatur,
954 5529 1004 5570 ct
1037 5520 1175 5588 quod
1206 5520 1291 5573 illc
1350 5521 1458 5589 ipse
1490 5519 1558 5572 sit
1602 5518 1689 5585 qui
1725 5519 1923 5588 Anglos
1952 5520 2238 5587 devicerit,

2342 5116 2531 5173 aperte
2587 5103 2867 5171 palamque
2914 5103 3095 5154 dicunt
3151 5101 3484 5173 insequantia
3540 5100 3657 5155 lucc
3692 5098 3937 5173 verba:,

2326 5168 2539 5236 ~(llanc
2562 5168 2898 5225 donationem
2922 5168 3563 5223 continuavitWillelmns
3585 5185 3673 5221 rex
3701 5168 3896 5235 Anglo~

2345 5252 2483 5307 rnin,
2516 5258 2634 5295 cum
2659 5246 2800 5316 esset
2826 5255 3003 5293 comes
3030 5238 3570 5316 Nortlnnaunornm.)
3600 5237 3661 5290 Et
3681 5236 3891 5316 quidem

2348 5311 2695 5380 quamplures
2718 5310 2823 5380 illic
2854 5316 3199 5380 recensentur
3222 5307 3320 5380 viri
3365 5308 3591 5380 nobiles,
3614 5316 3667 5358 at
3686 5307 3895 5380 comitis

2353 5372 2494 5434 {mdo
2517 5372 2753 5433 contenti
2786 5377 3018 5436 nomine,
3055 5377 3244 5428 unicus
3280 5374 3760 5430 Northmannorum
3787 5372 3890 5425 dux

2349 5449 2645 5518 appellatur
2671 5462 2848 5502 comes
2872 5444 3374 5499 Nor!hmannorum.

3470 6170 3493 6173 μ
3510 5464 4114 6178 AMJ
