4214 6212
430 230 554 287 “Si

1743 230 1870 286 LIB.
1909 232 1971 286 ll.
2005 232 2217 289 EPIST.
2256 233 2427 289 XXX.

3504 246 3640 304 “83

404 342 832 399 intolerabiliter
863 357 1009 413 spem
1034 343 1098 399 de
1125 343 1274 398 vobis
1294 326 1504 399 bonam
1553 320 1911 400 confundatis.
1939 346 1983 400 0
2010 348 2056 405 Α
2085 347 2274 412 amice,
2300 346 2634 417 quantalibet
2656 349 2837 403 mundl
2865 350 3030 419 gloria
3064 354 3266 423 potitus
3311 355 3497 421 fueris,
3520 346 3643 428 quis

422 433 688 504 quomodo
723 433 865 488 inter
890 434 1182 503 praecordia
1209 449 1323 489 mea
1370 432 1538 488 fervet
1578 448 1730 487 amor
1781 449 1930 489 meus
1960 436 1973 489 !

420 522 696 588 Quomodo
747 521 950 581 laborat
995 530 1139 577 totus
1176 530 1458 595 erumpere
1525 523 1683 576 simul
1758 522 1980 579 affuctus

420 611 597 663 meus!
626 612 903 676 Quomodo
932 609 1123 678 quaerit
1159 625 1218 665 se
1271 613 1449 666 verbis
1498 611 1831 679 exprimere;
1887 613 1978 666 sed

420 699 562 754 nulla
585 701 744 755 verba
774 692 1070 752 sufliciniit!
1106 698 1314 765 Quanta
1347 699 1458 752 vult
1502 714 1855 768 expromere;
1887 700 1979 755 sed

419 798 627 861 tempus
649 800 703 843 et
727 776 1040 844 charta'non
1063 790 1310 859 capiunt!
1346 789 1436 843 Die
1466 798 1541 846 tu.
1584 805 1617 843 o
1641 791 1780 845 bone
1829 790 1978 855 Jesu,

418 880 673 933 cordibus
698 893 906 943 eorum,
937 861 1055 933 sine
1076 894 1183 948 quo
1242 879 1384 932 nulla
1430 894 1529 931 vox
1576 879 1715 931 valet
1763 880 1980 932 auribus

389 983 635 1031 eorum;
668 968 761 1033 die
782 968 886 1021 illis
915 976 974 1020 ut
1002 968 1303 1037 relinquant
1326 967 1526 1031 omnia,
1558 976 1633 1041 et
1688 979 1982 1036 sequantur

415 1066 489 1111 te.
518 1056 780 1111 Promitte
802 1057 905 1111 illis
930 1046 1083 1126 quia,
1112 1072 1231 1111 cum
1286 1057 1495 1110 veneris
1540 1056 1801 1126 judicare,
1828 1059 1982 1131 sedcf

412 1144 547 1202 bunt
578 1156 750 1200 tecum
776 1154 831 1200 et-
853 1145 1167 1213 judieabunt
1191 1154 1383 1200 tecum.
1421 1145 1528 1200 Nec
1568 1160 1786 1215 separes
1818 1162 1845 1198 a
1875 1162 1977 1211 mu,

351 1252 354 1256 λ
411 1237 606 1306 Quibus
642 1242 725 1291 me
748 1245 893 1293 tanto
919 1238 1097 1292 Carnis
1122 1249 1176 1290 et
1222 1238 1441 1306 spiritus
1491 1234 1681 1289 affectu
1722 1233 1978 1303 iunxisti;

414 1324 509 1383 sed
558 1342 786 1397 aggrega
819 1342 912 1383 eos
957 1328 1061 1383 illis
1108 1330 1303 1398 quibus
1350 1327 1443 1381 tibi
1490 1328 1858 1382 servientibus
1899 1342 1985 1382 me

412 1416 871 1486 servirejussisti.
906 1418 1144 1482 Domine,
1199 1428 1252 1471 tu
1306 1418 1459 1473 testis
1507 1433 1567 1472 es
1624 1418 1876 1481 interius;
1931 1428 1985 1473 et

408 1508 662 1578 lacrymze
691 1523 845 1577 Quae,
865 1523 951 1564 me
975 1509 1076 1565 hoc
1106 1510 1399 1574 scribente,
1422 1508 1616 1573 ﬂuunt,
1647 1517 1823 1585 testes‘
1857 1516 1985 1557 sunt

411 1595 669 1665 exterius,
713 1597 757 1646 si
814 1610 1020 1647 mecum
1070 1596 1212 1662 quod
1262 1603 1390 1660 opto
1452 1589 1675 1663 fecerint
1718 1592 1983 1659 quomodo

413 1663 650 1754 gaudens
677 1684 893 1737 eritcor
918 1697 1095 1737 meum
1122 1701 1136 1736 :
1165 1684 1209 1737 si
1247 1682 1372 1738 alibi
1399 1684 1499 1737 boc
1527 1683 1774 1747 fecerint,
1815 1697 1976 1753 quam
2011 1663 2050 1721 Β

414 1774 610 1828 melius
642 1774 745 1827 illis
774 1772 906 1835 scio,
934 1772 1061 1841 quid
1096 1772 1290 1827 talibus
1315 1772 1583 1839 expediat,
1637 1771 1867 1841 qualiter
1916 1771 1981 1823 ti-

410 1863 552 1917 mida
581 1872 634 1918 et
659 1877 918 1932 suspensa
941 1861 1045 1916 erit
1068 1878 1215 1917 mens
1249 1862 1400 1916 mea?
1429 1862 1484 1916 Si
1514 1861 1768 1916 saeculum
1795 1873 1980 1916 tenue-

409 1956 542 2022 riut,
575 1968 736 2023 quam
763 1952 949 2007 dolens
968 1961 1023 2007 et
1046 1953 1214 2007 tristis
1241 1953 1343 2007 erit
1394 1952 1570 2007 anima
1620 1966 1761 2006 mea.
1811 1949 1979 2005 Nimis

410 2043 623 2113 loquor,
650 2043 741 2097 sed
767 2043 1232 2097 immenso‘amore
1256 2059 1440 2113 cogor.
1464 2030 1639 2097 Amati
1667 2052 1723 2099 et
1768 2042 1978 2098 deside-

412 2133 533 2196 rati,
558 2131 732 2187 valete
754 2141 809 2187 et
856 2120 1087 2187 manete.
1129 2132 1359 2197 Mauete,
1392 2134 1630 2202 inquam,
1684 2142 1739 2186 et
1769 2145 1976 2201 perma-

410 2235 551 2277 nete.
600 2223 749 2288 Quod
780 2225 980 2278 utinam
1012 2226 1159 2293 prius
1204 2225 1413 2278 audiatn
1470 2214 1777 2293 inemptum
1819 2238 1978 2291 quam

409 2313 640 2377 veniam,
663 2321 717 2367 et
743 2328 863 2368 cum
892 2327 1110 2377 venero,
1142 2315 1404 2367 inveniant
1438 2315 1450 2367 !

866 2403 1191 2458 EPISTOLA
1230 2402 1399 2457 XXIX
1423 2403 1492 2435 δ”

979 2508 1046 2545 AD
1083 2508 1367 2547 ιιετςιυεωι.

690 2582 759 2637 ω
787 2583 1093 2650 quantocius
1138 2581 1386 2635 mundum
1420 2574 1672 2652 relinquat

397 2685 402 2689 '
484 2670 733 2733 Domino,
778 2670 931 2724 fratri
963 2669 1133 2723 amico
1180 2668 1418 2723 "ENRICO
1476 2668 1640 2722 frater
1680 2668 1978 2732 Ausswns,

410 2760 576 2814 abbas
600 2760 670 2791 δ⁶⁰
695 2759 874 2826 Becci,
908 2759 1058 2813 bonae
1091 2746 1379 2812 voluntatis
1427 2757 1808 2827 perfectionem
1841 2758 1904 2790 ⁸⁵⁵³
1928 2768 1982 2813 et

409 2848 681 2904 effectum.

483 2939 801 2992 Benedictus
833 2939 968 2992 Deus
999 2938 1051 2992 in
1079 2937 1234 2993 donis
1262 2938 1392 3001 suis,
1427 2947 1473 2990 et
1496 2947 1704 2990 sanctus
1728 2939 1781 2990 in
1808 2940 1977 2991 omni-

409 3026 503 3079 bus
528 3026 763 3093 operibus
797 3026 906 3080 suis
937 3026 1108 3096 (Psal.
1141 3042 1316 3091 cxuv,
1351 3026 1459 3094 l7),
1517 3026 1606 3094 qui
1631 3035 1820 3080 vestra:
1845 3028 1979 3081 dile-

408 3113 573 3167 ctioni
599 3122 803 3167 tantum
837 3114 900 3167 de
935 3123 1119 3168 nostro
1142 3114 1430 3175 desiderio,
1460 3122 1679 3181 propter
1700 3114 1840 3180 quod
1868 3114 1973 3167 ivi-

409 3198 910 3261 tttia,eoncessitm
958 3198 1167 3253 efficere
1203 3218 1216 3252 :
1259 3214 1417 3266 quem
1475 3213 1692 3252 oramus
1736 3208 1793 3252 ut
1838 3201 1979 3267 quod

408 3289 559 3345 deest
583 3287 756 3342 adhuc
784 3289 850 3342 de
882 3298 1006 3341 voto
1027 3297 1213 3342 nostro
1265 3286 1317 3341 et
1360 3288 1425 3340 de
1480 3296 1657 3341 vestra
1707 3290 1972 3350 mercede,

407 3378 661 3446 dignetur
679 3377 953 3444 perlicere.
985 3377 1058 3431 De
1081 3393 1183 3445 qua
1211 3377 1279 3421 Ψ
1324 3392 1382 3430 re
1405 3376 1694 3430 consilium
1735 3388 1977 3431 nostrum

406 3482 504 3536 per
540 3464 734 3518 fratres
756 3474 967 3519 nostros
994 3463 1207 3517 mando.
1255 3464 1328 3517 De
1365 3464 1533 3531 gratia
1586 3473 1639 3516 et
1695 3464 1979 3519 dilectione

407 3554 582 3616 duc‘is,
622 3552 686 3604 de
714 3567 816 3621 qua
850 3551 977 3603 mihi
1002 3550 1317 3618 scripsistis,
1349 3548 1572 3603 multum
1627 3551 1865 3617 gaudeo;
1923 3562 1976 3605 et

406 3659 505 3713 pro
530 3657 590 3697 ea
621 3642 729 3696 Deo
750 3648 805 3694 et
833 3641 902 3693 illi
935 3649 989 3694 et
1023 3641 1173 3693 vobis
1200 3642 1398 3708 gratias
1437 3656 1557 3709 ago.
1606 3640 1755 3706 Quod
1810 3642 1973 3694 etiam

406 3733 481 3788 illi
506 3747 600 3801 per
626 3733 827 3785 litteras
857 3730 1032 3784 facere
1052 3730 1261 3799 cogito,
1293 3746 1414 3783 cum
1443 3730 1816 3792 nuntiivestri,
1839 3731 1974 3783 sicut

407 3821 583 3875 audivi
610 3821 959 3875 constitutum
987 3834 1131 3893 esse,
1160 3821 1225 3874 ad
1258 3820 1404 3874 illum
1430 3820 1696 3875 redibunt.
1754 3820 1816 3873 Et
1846 3836 1976 3889 quo-

405 3910 551 3967 niam
583 3909 762 3965 nescio
789 3909 831 3963 si
866 3910 965 3963 hoc
1002 3924 1221 3965 necesse
1243 3911 1346 3969 erit
1395 3910 1506 3963 fieri
1552 3918 1840 3979 antequam
1890 3927 1976 3964 re-

406 3999 593 4063 deam;
619 4014 738 4052 cum
765 3997 995 4066 primum
1022 3999 1282 4067 poteritis,
1308 3999 1557 4052 mandate
1587 3999 1713 4052 milii
1765 4014 1971 4069 prman-

406 4104 530 4143 tnen
556 4087 692 4155 ejus,
726 4095 780 4141 et
804 4088 1017 4140 nomina
1079 4087 1147 4119 ‘“
1197 4089 1380 4142 usoris
1417 4097 1471 4142 et
1528 4088 1758 4141 filiorum
1813 4087 1970 4156 ejus:

406 4178 578 4233 solum
609 4180 748 4231 enim
783 4192 974 4230 nomen
1005 4177 1120 4247 ejus
1150 4188 1325 4241 teneo,
1352 4177 1688 4246 quiaVitalis
1728 4187 1968 4232 vocatur.
2060 4227 2065 4231 .

407 4267 512 4320 Sed
544 4265 793 4334 quoniam
819 4264 987 4318 dulcis
1018 4266 1145 4319 mibi
1175 4277 1353 4320 vestra
1390 4266 1604 4323 dilectio
1630 4250 1706 4319 sic
1737 4281 1821 4319 me
1870 4265 1968 4319 sibi

406 4372 500 4412 sua
539 4357 803 4425 probitate
835 4353 1245 4428 eonglutiuavit,
1278 4366 1335 4410 ut
1363 4357 1500 4409 idem
1530 4358 1595 4410 de
1627 4356 1798 4422 Vobis,
1827 4357 1967 4425 quod

406 4448 616 4509 deme,
645 4444 914 4499 desideret
940 4460 1031 4507 eor
1054 4460 1264 4507 meum,
1321 4444 1458 4497 unde
1504 4444 1619 4511 jaui
1662 4457 1807 4511 spem
1862 4459 1965 4496 ma-

406 4549 564 4605 gnam
592 4549 657 4587 ex
688 4520 893 4587 vestris.
922 4535 1259 4588 sermonibus
1312 4535 1568 4601 concepi,
1633 4548 1737 4586 non
1792 4542 1967 4601 potest

406 4628 704 4678 mens‘mea
730 4626 1027 4692 quiescere,
1055 4612 1223 4677 donec
1248 4624 1420 4692 ipsum
1445 4638 1619 4676 meum
1645 4623 1967 4677 desiderium

405 4712 473 4766 de
500 4713 646 4767 vobis
681 4715 924 4766 satietur.
958 4714 1211 4779 Quamvis
1235 4714 1396 4781 igitur
1425 4712 1599 4766 nullus
1622 4726 1801 4767 sermo
1841 4713 1967 4766 mihi

406 4796 652 4863 sufficiat,
687 4800 855 4854 donec
885 4800 1024 4855 Deus
1070 4802 1209 4870 quod
1268 4811 1398 4869 opto
1462 4800 1741 4869 perficiat,
1800 4816 1967 4870 pauca

404 4899 610 4951 tamen,
644 4890 767 4956 quia
794 4905 898 4943 non
930 4890 1188 4944 nescienti
1214 4891 1423 4961 loquor,
1450 4906 1547 4960 pro
1578 4892 1679 4947 hoc
1700 4893 1815 4961 ipso
1840 4892 1973 4945 ami-

406 4994 468 5031 ea
528 4973 884 5037 familiaritate
913 4998 1290 5038 commemoro.
1341 4983 1510 5037 Pensa
1567 4982 1748 5052 igitur,
1803 4981 1973 5036 dulcis

2080 437 2308 496 sittinis.
2341 446 2395 490 et
2430 438 2481 489 in
2512 436 2615 489 fine
2639 437 3011 506 quis.f‘rttctus,
3060 445 3199 511 quod
3246 446 3523 513 praemium
3551 464 3564 500 :
3588 454 3639 503 et

2079 535 2320 588 econtra,
2344 540 2464 604 qua;
2490 526 2562 579 sit
2595 528 2926 595 exspectatio
2959 530 3138 585 mundi
3170 532 3393 600 gloriam
3436 534 3639 590 calcan-

2082 616 2232 670 tium.
2275 616 2330 671 Si
2360 617 2511 687 dicis,
2546 633 2649 673 non
2681 620 2778 674 soli
2816 620 3062 674 monachi
3116 620 3183 675 ad
3240 622 3464 677 salutem
3518 638 3633 693 per-

2081 704 2332 768 veniunt,
2360 720 2543 759 verum
2575 710 2677 761 est:
2706 706 2810 782 Sed
2832 710 2922 783 qui
2954 710 3173 772 certius,
3235 710 3326 779 qui
3356 709 3517 766 altius
3571 710 3640 765 illi

2080 792 2169 861 qui
2196 793 2365 847 solum
2397 796 2561 849 Deum
2584 807 2846 851 conantur
2877 814 3085 865 amare;
3134 815 3200 875 an
3234 799 3305 853 illi
3359 801 3447 870 qui
3480 816 3623 853 amo

2082 898 2193 935 rem
2221 883 2309 936 Dei
2337 893 2392 937 et
2418 900 2650 940 amorem
2694 888 2870 942 smculi
2922 888 3077 956 simul
3124 887 3304 943 volunt
3353 889 3642 957 copulare'.

2084 966 2187 1021 Sed
2218 968 2441 1023 forsitan
2471 972 2612 1026 dicet
2638 973 2829 1042 aliquis
2851 974 2975 1042 quia
3012 984 3068 1030 et
3122 976 3175 1028 in
3226 976 3415 1030 ordine
3464 992 3647 1030 moaar

2080 1059 2303 1111 chorum
2338 1068 2416 1113 est
2442 1060 2757 1128 periculum.
2788 1062 2831 1118 0
2869 1063 3028 1117 homo
3059 1066 3149 1134 qui
3176 1064 3279 1119 hoc
3311 1064 3459 1121 dicit.
3480 1074 3649 1130 quare

2081 1162 2185 1200 non
2216 1148 2520 1202 considerat
2547 1149 2671 1217 quid
2692 1151 2845 1206 dicit!
2870 1151 2916 1201 ο
2941 1149 3215 1202 rationalis
3238 1149 3458 1202 natura!
3487 1165 3551 1202 an
3567 1158 3647 1204 est

2089 1236 2192 1288 boc
2221 1234 2538 1287 rationabile
2568 1233 2870 1295 consilium,
2898 1241 2954 1286 ut
2983 1236 3103 1302 quia
3126 1234 3321 1309 ubique
3367 1247 3449 1290 est
3502 1236 3643 1306 peri-

2083 1325 2282 1389 culum,
2314 1324 2385 1377 ibi
2422 1323 2586 1393 eligas
2610 1335 2826 1375 nianere
2860 1314 2947 1375 ubi
2988 1321 3156 1392 majus
3198 1339 3279 1377 ρει
3305 1323 3649 1392 periculum?

2086 1414 2322 1476 Denique
2349 1413 2393 1465 si
2421 1409 2509 1463 ille
2532 1410 2621 1478 qui
2647 1410 2816 1464 solum
2846 1412 3009 1466 Deum
3061 1412 3251 1467 nititur
3300 1428 3482 1468 amare
3530 1429 3644 1470 sero

2083 1509 2172 1552 vat
2196 1482 2523 1569 propiisitum
2555 1515 2725 1567 usque
2753 1502 2803 1554 in
2833 1501 3011 1568 finem,
3044 1511 3189 1557 certa
3234 1511 3336 1560 est.
3371 1498 3532 1559 a’alus.
3589 1504 3646 1559 Si

2085 1606 2211 1645 vero
2236 1590 2324 1643 ille
2338 1590 2426 1659 qui
2452 1578 2705 1657 munilum
2734 1591 2846 1644 vult
2874 1606 3075 1657 nutare,
3107 1608 3208 1645 non
3242 1574 3440 1647 deserit
3490 1609 3647 1648 suum

2080 1681 2408 1752 propositum
2430 1689 2555 1735 ante
2584 1680 2774 1743 finem,
2826 1692 2925 1734 aut
2982 1682 3141 1745 nulla,
3196 1690 3289 1736 aut
3325 1682 3507 1747 dubia,
3561 1695 3641 1738 ant

2080 1770 2256 1823 minor
2279 1779 2363 1824 est
2388 1769 2549 1823 salus.
2588 1769 2653 1822 Et
2677 1778 2823 1823 certe
2858 1769 2991 1823 satis
3017 1769 3203 1839 probat
3248 1770 3371 1838 quia
3420 1770 3647 1824 nullate-

2080 1877 2200 1923 nus,
2238 1868 2330 1933 ant
2353 1874 2538 1928 parum
2567 1846 2781 1927 aliquod
2811 1859 3005 1913 bonum
3033 1858 3223 1927 diligit,
3265 1859 3354 1928 qtti
3382 1859 3508 1913 illud
3560 1861 3650 1922 ubi

2079 1951 2281 2005 certius
2303 1961 2356 2004 et
2390 1950 2577 2005 melius
2610 1951 2903 2022 cognoscit,
2958 1965 3061 2003 non
3092 1949 3271 2020 elegit.
3330 1950 3437 2005 Sed
3468 1934 3651 2005 dicunt

2081 2040 2536 2111 tnnltizGravius
2599 2040 2847 2094 irascitur
2900 2039 3040 2092 Deus
3090 2039 3329 2108 peccanti
3390 2038 3650 2094 tuomclto

2080 2148 2240 2201 quam
2267 2132 2381 2194 alii,
2411 2132 2534 2199 quia
2566 2131 2629 2188 de
2659 2130 2932 2199 proposito
2958 2129 3135 2182 altiori
3170 2130 3329 2182 cadit.
3388 2129 3500 2183 lloe
3558 2144 3652 2183 ve-

2083 2236 2197 2274 rum
2225 2228 2324 2279 est,
2349 2219 2580 2287 quaudiu
2608 2228 2689 2273 est
2713 2218 2769 2270 in
2801 2230 3039 2286 peccato.
3081 2216 3185 2271 Sed
3207 2226 3355 2271 certe
3374 2212 3654 2286 benignius

2080 2320 2135 2362 ct
2161 2308 2478 2363 familiarius
2507 2307 2732 2376 suscipit
2762 2307 2901 2360 Deus
2924 2307 3245 2360 monachum
3272 2290 3648 2374 pmniteuteiu,

2082 2401 2125 2454 si
2148 2400 2213 2453 ad
2240 2414 2396 2453 suum
2425 2400 2754 2468 propositum
2786 2398 2959 2460 rediit,
2992 2412 3152 2465 quam
3184 2411 3289 2449 non
3331 2396 3652 2450 monachum

2082 2489 2171 2560 qui
2209 2490 2276 2541 ad
2302 2488 2442 2541 idem
2472 2487 2801 2556 prOpositum
2862 2501 2966 2539 non
3028 2485 3192 2539 venit.
3246 2483 3373 2537 Plus
3427 2496 3658 2552 namque

2082 2578 2254 2648 placet
2281 2577 2389 2632 Deo
2417 2578 2579 2631 etiam
2607 2585 2725 2645 post
2753 2590 2916 2645 grave
2940 2584 3244 2645 peceatum,
3282 2575 3437 2644 cujus
3458 2588 3655 2644 propo—

2081 2669 2243 2724 situm
2272 2677 2355 2723 est
2382 2677 2436 2722 et
2466 2676 2588 2721 ante
2618 2676 2757 2736 post,
2788 2681 2896 2736 quo
2925 2665 3096 2733 majus
3127 2665 3325 2720 habere
3383 2679 3491 2719 non
3557 2679 3651 2733 po-

2083 2770 2206 2824 test,
2235 2776 2395 2831 quam
2427 2759 2514 2813 ille
2551 2761 2640 2828 qui
2667 2775 2765 2813 nec
2791 2768 2916 2813 ante
2946 2774 3042 2812 nec
3074 2766 3196 2828 post
3229 2758 3404 2813 simile
3463 2772 3656 2827 pecca-

2083 2858 2217 2916 tum,
2244 2850 2359 2902 vult
2392 2848 2711 2917 proponere,
2737 2863 2844 2916 quo
2872 2847 3060 2901 melius
3084 2861 3188 2901 non
3220 2856 3413 2915 potest.
3442 2847 3496 2901 Si
3519 2862 3648 2916 ergo

2080 2951 2135 2997 et
2157 2939 2529 2995 innocentibus
2551 2946 2599 2991 et
2632 2938 3019 3007 ptenitentibus
3051 2937 3240 2991 melius
3285 2946 3366 2991 est
3395 2935 3460 2990 ad
3492 2937 3654 2992 vitam

2082 3029 2445 3083 monachicam
2469 3026 2673 3088 venire,
2704 3035 2760 3079 et
2796 3025 2992 3088 redire,
3017 3040 3178 3103 quam
3207 3025 3499 3078 absistere:
3522 3024 3653 3093 quid

2078 3118 2420 3173 moraris‘tvSi
2448 3117 2596 3184 prius
2625 3116 2690 3169 de
2716 3116 2813 3168 bac
2838 3115 2941 3167 vita
2971 3114 3171 3182 tolletis
3197 3155 3210 3179 ,
3266 3115 3521 3189 damnum
3570 3122 3655 3168 est

2078 3206 2516 3275 irreeuperabile.
2582 3204 2772 3269 Multa,
2816 3204 3156 3268 clnarissime,
3211 3202 3277 3257 de
3327 3203 3654 3258 tnonaeltit‘m

2078 3296 2199 3350 vitae
2227 3295 2505 3349 altitudine
2528 3302 2583 3347 et
2604 3278 2927 3347 eertitudine
2947 3331 2963 3356 ,
2992 3293 3058 3346 de
3086 3293 3265 3361 quiete
3293 3301 3349 3347 et
3392 3292 3645 3362 jucundi-

2080 3394 2188 3439 tate
2213 3385 2391 3439 dicere
2425 3398 2660 3452 possem,
2686 3383 2730 3437 si
2758 3382 2981 3451 epistola
3027 3383 3239 3435 modum
3272 3396 3375 3434 non
3426 3383 3651 3437 excede-

2078 3483 2197 3526 ret:
2232 3470 2424 3525 festina
2446 3486 2572 3540 ergo
2605 3472 2673 3525 ad
2705 3479 2910 3525 tantum
2939 3469 3157 3534 bonum,
3183 3469 3306 3537 quia
3339 3468 3485 3522 nullo
3507 3471 3647 3523 bono
3716 3470 3721 3478 “

2076 3561 2339 3615 efficacius
2365 3561 2545 3613 venies
2567 3560 2631 3613 ad
2652 3575 2917 3613 summum
2950 3558 3167 3613 bonum.
3198 3558 3385 3613 Plures
3413 3558 3517 3611 vidi
3548 3558 3651 3613 hoc

2078 3651 2453 3719 promittentes
2478 3656 2534 3703 et
2557 3647 2885 3713 ditferentes,
2911 3662 3046 3716 quos
3102 3633 3181 3717 ita
3227 3662 3371 3702 mors
3422 3647 3541 3703 tulit
3592 3656 3652 3701 ut

2078 3754 2177 3792 nec
2202 3738 2306 3792 boc
2329 3738 2646 3805 perficerent
2669 3750 2776 3805 quo
2802 3751 2859 3789 se
2879 3735 3263 3803 impediebant,
3300 3750 3399 3789 nec
3424 3732 3534 3789 ltuc‘
3567 3735 3651 3788 in-

2078 3827 2316 3895 ciperent
2342 3826 2411 3857 ⁸⁶⁸
2439 3816 2577 3893 quod
2606 3812 3008 3892 promittebant.
3065 3824 3215 3890 Quod
3273 3824 3426 3878 valde
3482 3824 3646 3878 timeo

2076 3913 2142 3966 de
2173 3924 2252 3977 te;
2283 3911 2377 3966 sed
2408 3919 2613 3965 avertat
2640 3911 2781 3965 Deus
2806 3929 2835 3964 a
2868 3922 2937 3975 te,
2993 3912 3333 3966 cbarissime.
3392 3912 3540 3978 Vale,
3590 3920 3647 3969 et

2077 4001 2183 4055 noli
2208 4002 2441 4057 tardare.

2534 4102 2857 4163 EPISTOLA~
2914 4108 3060 4163 XXX
3100 4110 3186 4161 ⁸⁵⁸⁸.

2619 4235 2685 4272 Δί)
2725 4234 3092 4274 κτλιςηεωιωι
3102 4260 3116 4273 .

2144 4382 2263 4498 ﬁeri
2287 4378 2442 4498 invito
2471 4376 2654 4429 abbate
2674 4377 2762 4443 qui
2784 4392 2899 4428 eum
2930 4377 3124 4444 repetit.
3164 4375 3223 4428 Et
3259 4378 3522 4432 intercedit
3548 4396 3642 4447 pro

2192 4462 2233 4498 is
2258 4462 2282 4497 e
2319 4455 2445 4498 crto.

2192 4455 2445 4498 isleberto.

2146 4536 2347 4589 Domno
2374 4542 2427 4587 et
2462 4533 2608 4587 Patri
2650 4522 2941 4587 reverendo
2989 4533 3236 4603 episcopo
3280 4533 3641 4597 Wintoniensi

2077 4614 2419 4678 thcumto
2443 4622 2507 4654 “7
2540 4623 2703 4677 frater
2732 4626 3030 4688 Ausewtts,
3078 4627 3381 4678 orationum
3425 4636 3478 4679 et
3521 4640 3639 4679 ser-

2076 4714 2188 4768 vitii
2228 4714 2554 4768 fidelitatem.

2145 4804 2447 4858 Secundum
2489 4803 2629 4874 quod
2665 4814 2899 4857 vestram
2931 4805 3059 4857 scivi
3088 4804 3433 4867 voluntatem,
3486 4804 3636 4859 locu-

2074 4904 2158 4949 tus
2190 4910 2305 4949 sum
2338 4910 2457 4947 cum
2490 4896 2684 4948 domno
2709 4893 2900 4947 abbate
2928 4896 2993 4949 de
3033 4904 3209 4956 monte
3262 4894 3472 4949 Sancta:
3516 4895 3635 4950 Tri-

2076 4986 2279 5043 nitatis.
2313 4985 2724 5040 Concessimiem
2754 5000 2784 5036 a
2812 4984 3009 5039 domno
3058 4985 3251 5039 abbate
3282 4984 3514 5039 Rainero
3540 5002 3627 5040 an-

1676 5115 1905 5197 γΑιιιιΕ
1942 5116 2337 5174 LECTIONES.

476 5225 547 5259 ’θ’
586 5225 788 5280 Collata
827 5244 943 5281 cum
988 5230 1165 5289 eodem
1212 5244 1306 5281 ms.
1358 5237 1405 5281 et
1462 5244 1577 5281 cum
1619 5228 1760 5282 Edit’.
1789 5224 1942 5283 Gotlt.
1984 5238 2031 5281 et
2068 5228 2179 5282 Col.
2222 5229 2358 5283 1575

940 5300 1005 5368 Ψ
1040 5296 1337 5351 Volnntatis
1379 5296 1761 5368 profectionem
1822 5312 1919 5350 ms.
1958 5308 2005 5351 et
2049 5296 2191 5368 fidit.
2242 5296 2959 5368 voluntatis[@rfectionem
3010 5338 3016 5347 .

1519 5366 1586 5396 ⁵⁸³
1615 5367 1677 5419 Et
1702 5365 1805 5434 qua
1836 5381 1931 5418 ms.
1966 5376 2010 5419 et
2041 5365 2183 5420 Edit.
2223 5366 2289 5421 de
2315 5383 2417 5435 qua
2504 5366 2571 5396 ⁸⁸⁵
2601 5365 2667 5418 Et
2700 5369 2928 5421 nominis
2956 5383 3052 5418 ms.
3087 5378 3133 5418 et
3167 5367 3304 5418 Edit.
3339 5368 3627 5434 et-ttomina

1926 5436 1990 5503 ξδ’
2022 5436 2227 5509 Collatia
2268 5453 2381 5489 cunt
2415 5437 2586 5490 eodem
2624 5451 2719 5489 ms.

402 5296 604 5351 selinus
656 5297 833 5350 Abbas

406 5382 500 5417 ιηις.
528 5374 572 5433 et
603 5362 742 5416 Edit.
775 5366 913 5433 quod
945 5366 1113 5420 ivistis
1148 5362 1412 5420 concessit

498 5432 601 5557 ῗθιο
634 5433 733 5553 :ioe
783 5432 1076 5503 inciperent
1135 5452 1231 5489 ius.
1274 5451 1338 5490 ne
1380 5435 1478 5490 hoc
1521 5432 1816 5504 inciperent

479 5519 505 5553 tt
532 5516 556 5555 C
580 5516 627 5555 lC
656 5518 740 5556 mo

479 5520 702 5555 ιιιςηωιιι

1754 5646 1783 5695 ὃ

2463 5228 2531 5299 δέ’
2562 5210 2844 5299 Anselmtts
2880 5214 3055 5284 dictus
3104 5226 3281 5299 Abbas
3327 5228 3465 5281 Edit.
3522 5233 3629 5299 Ap-

3070 5297 3138 5329 ⁸⁸³
3167 5297 3319 5363 Quod
3366 5297 3628 5351 concessit

2833 5436 2898 5466 ⁸⁸⁷
2928 5435 3272 5492 Gualcbclmo
3310 5452 3402 5490 ms.
3438 5435 3624 5491 rectius

2006 4317 2047 4370 ι)
2074 4306 2225 4372 Quod
2254 4308 2559 4361 monac/mm
2589 4307 2658 4358 ad
2689 4318 2885 4374 tempus
2930 4309 3111 4359 dulunt
3152 4290 3266 4361 χηοη
3311 4311 3469 4374 possit
3522 4310 3645 4363 νεή-
3717 4367 3719 4369 ,
