4214 6230
475 367 496 390 ,ι
576 339 709 392 H87

1102 341 1156 393 S.
1199 338 1492 393 ANSELMI
1531 281 1875 394 CANTUATR.
1918 332 2230 388 ARCHIEP.
2264 332 2410 388 OPP.
2446 334 2624 388 PARS
2652 335 2732 388 ΙΙΙ.
2760 365 2826 374 -—
2859 334 3231 391 EPISTOLAE.

3658 337 3791 394 “88

573 457 864 512 “sum”,
903 457 1104 503 tamam
1140 447 1400 502 malitiam
1441 448 1756 511 irruentem,
1800 454 1976 497 tantas
2015 444 2144 500 insi-
2171 446 2213 499 Α
2247 448 2378 493 trem
2407 451 2460 497 et
2489 441 2744 510 Spiritqu
2772 456 3013 496 sanctum
3048 460 3168 498 cum
3216 444 3351 497 Filio
3379 457 3497 497 esse
3549 460 3796 500 tnearna-

576 538 694 592 dias
746 538 1154 591 circumstantes
1195 551 1406 590 cavere.
1459 535 1611 590 Unde
1653 536 1808 589 valJe
1861 536 2020 588 timeo
2073 551 2137 589 ne

577 625 945 677 abundantiori
977 625 1192 676 tristitia
1217 625 1590 689 absorbeatur,
1618 626 1668 678 in
1693 641 1795 692 qua
1829 639 1952 676 cum
1974 625 2137 678 nimio

577 713 755 765 dolore
775 727 869 766 cor
889 713 1004 781 ejus
1034 723 1295 775 versatur,
1328 722 1383 767 et
1407 713 1459 766 in
1484 729 1587 782 qua
1617 713 1760 766 nullo
1791 712 1894 765 alio
1925 712 2157 765 vinculo-

575 818 732 870 qnam
777 803 884 855 sola
926 812 1098 856 veStra
1139 803 1381 876 iussione
1426 804 1637 874 ligatur.
1669 803 2006 877 Quapropter
2038 817 2137 871 ego

574 901 628 944 et
660 890 747 944 alii
787 893 1074 946 secundum
1120 893 1283 946 Deum
1326 895 1480 946 amici
1519 893 1632 960 ejus
1676 893 1838 945 corde
1865 907 1985 945 cum
2022 893 2165 970 ipso.

572 969 960 1047 prosternimur
990 981 1055 1033 ad
1088 982 1308 1050 vestigia
1346 992 1533 1034 vestra:
1564 981 1958 1040 misericordiae,
1991 989 2046 1033 ut
2085 982 2133 1032 ei

572 1069 775 1122 viscera
812 1085 905 1121 sua
939 1072 1164 1138 aperiat,
1196 1080 1248 1124 et
1275 1072 1341 1122 de
1373 1079 1517 1123 tanto
1547 1069 1686 1123 malo
1712 1079 1764 1122 et
1794 1068 2051 1137 periculo,
2084 1071 2134 1124 in

569 1157 760 1224 quibus
806 1158 922 1211 sine
954 1159 1182 1212 utilitate
1215 1173 1333 1212 esse
1365 1173 1422 1213 se
1467 1160 1662 1221 sentit,’
1701 1158 1991 1212 clementer
2031 1159 2135 1212 eri-

570 1248 697 1313 piat.
727 1246 803 1299 Ne
835 1247 1115 1314 prohibeat
1149 1264 1342 1318 agnum
1379 1250 1559 1303 mitem
1600 1250 1664 1301 de
1700 1251 1874 1302 medio
1907 1251 2137 1302 circum-

570 1334 901 1386 venientium
943 1343 996 1388 et
1043 1335 1358 1390 irruentium
1409 1337 1648 1405 luporum
1693 1347 1744 1390 et
1795 1338 2008 1392 leonum
2055 1339 2134 1391 fu-

500 1491 503 1494 ,
568 1437 722 1490 gere;
766 1438 862 1478 nec
897 1419 1120 1492 puerum
1153 1426 1486 1480 innocentem
1522 1427 1586 1479 de
1615 1426 1988 1481 Chaldzeorum
2027 1427 2132 1482 for-

570 1532 702 1570 nace
725 1518 892 1571 exire.
930 1518 1080 1583 Quod
1118 1520 1346 1586 qualiter
1376 1534 1506 1580 mere
1536 1521 1784 1588 parvitati
1828 1519 1941 1573 fieri
1980 1535 2133 1590 posse

567 1609 948 1676 congruentius
975 1609 1232 1668 videatur,
1267 1624 1362 1677 per
1393 1611 1638 1663 eumdem
1663 1609 1832 1676 ipsum
1865 1611 2132 1667 excellen-

570 1697 638 1746 tia
669 1706 844 1748 vestra
868 1696 1062 1762 poterit
1083 1697 1294 1760 audire,
1323 1697 1366 1750 si
1393 1698 1665 1766 dignatur.
1690 1697 1762 1751 Eo
1784 1698 1926 1752 enim
1954 1698 2127 1766 modo,

2241 538 2352 582 tum
2374 547 2387 593 ;
2411 531 2539 584 ideo
2569 533 2747 586 tan-tiu
2779 543 3016 587 moratus
3038 549 3154 588 sum
3181 534 3526 602 respondere,
3549 535 3671 602 quia
3701 549 3798 590 vo-

2241 619 2411 672 lebam
2443 621 2649 688 plenius
2670 623 2734 676 de
2760 624 2860 676 hac
2889 639 2946 677 re
2983 622 3142 690 loqui.
3176 624 3279 676 Sed
3327 625 3475 690 quia,
3506 625 3684 678 multis
3709 637 3799 679 me

2238 711 2673 778 occupationibus
2711 713 3142 780 impedientibus,
3176 725 3458 782 postquam
3512 715 3792 782 epistolam

2238 810 2471 852 vestram
2502 803 2705 870 suscepi
2741 802 2834 865 ⁸⁸³,
2863 799 2983 856 non
3015 804 3143 856 mihi
3174 804 3355 866 licuit,
3411 803 3622 859 interim
3674 808 3796 861 inde

2243 891 2477 942 breviter
2509 892 2834 958 respondeo;
2867 894 2918 945 in
2975 893 3154 946 futuro
3187 908 3333 957 vero,
3383 895 3427 947 si
3475 894 3612 947 Deus
3666 896 3794 946 dare

2237 978 2686 1044 Opportunitatem
2716 979 3041 1047 dignabitur,
3069 979 3394 1054 voluntatem
3426 981 3594 1034 habeo
3616 981 3796 1048 copio-

2236 1064 2345 1116 sius
2374 1064 2757 1118 indetractare.
2787 1065 2936 1130 Quod
2965 1081 3092 1136 ergo
3115 1067 3243 1120 dicit
3264 1075 3376 1126 tres
3402 1083 3658 1136 personas
3685 1079 3798 1130 tres,

2239 1168 2322 1206 res
2346 1193 2359 1214 ,
2392 1164 2483 1206 aut
2512 1155 2626 1207 vult
2653 1139 2872 1225 intelligi
2908 1156 3200 1209 secundum
3233 1164 3342 1210 tres
3391 1159 3694 1223 relationes,
3742 1159 3795 1214 id

2236 1255 2316 1296 est
2343 1247 2632 1299 secundum
2655 1247 2795 1314 quod
2826 1247 2963 1300 Deus
2984 1245 3178 1301 dicitur
3199 1246 3378 1308 Pater,
3403 1255 3456 1300 et
3479 1247 3662 1313 Filius,
3685 1259 3737 1300 et
3763 1264 3794 1300 a

2237 1329 2396 1384 l’atre
2425 1340 2480 1386 et
2506 1347 2534 1384 a
2562 1331 2696 1386 Filio
2721 1332 2789 1364 ⁸⁸⁸
2814 1333 3108 1402 procedens
3151 1333 3418 1402 Spiritus;
3457 1344 3551 1407 aut
3606 1350 3797 1395 secun-

2236 1419 2360 1474 dum
2383 1421 2433 1474 id
2473 1423 2612 1489 quod
2640 1422 2709 1454 “'
2736 1423 2873 1477 Deus
2894 1423 3109 1477 dicitur.
3137 1422 3315 1489 Sedfsi
3347 1423 3498 1493 ipsas‘
3525 1434 3634 1479 tres
3657 1410 3794 1479 rela-

2237 1512 2408 1564 tiones
2441 1513 2566 1565 dicit
2599 1521 2707 1585 tres
2731 1527 2816 1567 res
2842 1527 2980 1576 esse,
3006 1514 3274 1582 superﬂue
3295 1514 3394 1567 hoc
3431 1514 3584 1570 dicit.
3608 1514 3792 1569 Nullus

2234 1599 2374 1651 enim
2402 1611 2557 1669 negat
2584 1600 2682 1654 hoc
2730 1601 2887 1654 modo
2927 1611 3038 1654 tres
3063 1617 3320 1669 personas
3356 1617 3474 1656 esse
3526 1612 3635 1658 tres
3682 1619 3788 1659 res.

2236 1687 2326 1740 Sic
2352 1699 2554 1752 tamen,
2583 1698 2640 1744 ut
2664 1689 2946 1769 diligenter
2973 1690 3319 1759 intelligatur,
3348 1691 3616 1760 quomodo
3664 1692 3793 1759 ipsa:

495 1839 498 1841 Α
568 1785 669 1838 nisi
711 1785 867 1838 aliter
898 1785 1190 1852 prudentiae
1235 1795 1424 1840 vestrm
1468 1788 1750 1852 videbitur,
1795 1765 2128 1866 nequaquam

2183 1766 2203 1820 3
2236 1777 2518 1832 relationes
2545 1778 2790 1833 dicantur
2810 1763 2938 1843 ires,
2964 1778 3025 1833 ‘ct
3053 1780 3347 1848 cuiusmodi
3397 1795 3516 1846 res;
3545 1791 3601 1834 et
3627 1781 3670 1834 si
3698 1782 3792 1834 ali-

567 1877 880 1947 gloriahitur
904 1892 962 1931 se
987 1877 1187 1931 malitia
1213 1893 1308 1945 per
1330 1877 1616 1932 falsitatem
1642 1879 2009 1947 praevaluisse;
2037 1879 2130 1932 sed

567 1967 871 2022 innocentia
909 1951 1274 2044 'gratulabitur
1311 1983 1405 2036 per
1438 1969 1737 2024 libertatem
1778 1971 1972 2024 mentis
2009 1985 2132 2034 eva-

564 2057 720 2111 sisse.
769 2057 946 2109 Mirari
995 2048 1168 2144 potes}
1215 2055 1440 2111 forsitan
1484 2067 1657 2112 vestra
1732 2059 1993 2128 sapientia
2038 2075 2134 2114 cur

563 2147 644 2198 sic
671 2144 739 2175 “°
773 2145 1016 2198 mihimet
1051 2145 1357 2200 contrarius
1387 2145 1433 2198 vi
1456 2145 1560 2199 leat
1590 2148 1842 2210 existere,
1880 2158 1936 2200 ut
1974 2163 2131 2215 quem

525 2234 528 2235 ⁷
565 2236 875 2304 episcopum
923 2236 1033 2288 fieri
1065 2235 1238 2305 coegi.
1267 2238 1629 2308 episcopatum
1657 2238 1814 2292 velim
1857 2239 2130 2295 deserere.

565 2322 671 2375 Sed
711 2321 880 2375 fateor
917 2322 1009 2385 illi,
1055 2323 1138 2376 cui
1184 2323 1568 2376 conscientiam
1602 2339 1774 2390 meam
1813 2324 1988 2380 celare
2026 2343 2128 2381 non

565 2409 755 2471 debeo,
778 2411 899 2477 quia
923 2409 1061 2461 tuala
1085 2425 1202 2478 quae
1225 2410 1446 2478 patitur,
1470 2411 1618 2479 prius
1640 2413 1779 2466 sensi
1807 2421 1859 2465 et
1884 2415 2127 2481 prazdixi,

562 2512 683 2550 cum
712 2489 788 2549 ad‘
821 2498 1182 2565 episcopatum
1218 2496 1518 2565 peteretur“,
1553 2500 1644 2552 sed
1685 2500 1754 2552 illi
1789 2501 1840 2553 in
1884 2517 1968 2555 me
2008 2518 2130 2556 scn-

563 2585 781 2638 tentiain
828 2600 1000 2637 meam
1035 2581 1360 2651 obruerunt,
1406 2586 1495 2654 ιι·ιὶ
1547 2586 1690 2640 illum
1741 2573 1966 2654 petendo
2009 2591 2136 2642 eum’

563 2689 750 2744 magna
794 2675 1196 2744 importunitate
1237 2677 1575 2730 couc0rditer
1613 2677 1665 2730 in
1712 2692 1795 2729 me
1838 2679 2128 2732 irrueruut.

561 2763 840 2818 Timeham
876 2767 1018 2819 enim
1051 2766 1102 2819 in
1139 2754 1299 2820 corde
1338 2781 1454 2819 meo
1483 2781 1726 2821 asserere
1764 2767 1924 2820 Deum
1964 2769 2132 2837 magis

561 2867 681 2905 esse
713 2853 763 2904 in
794 2868 912 2905 meo
933 2852 1050 2906 solo
1075 2867 1232 2905 sensu
1260 2863 1316 2905 et
1345 2853 1638 2915 voluntate,
1668 2868 1825 2920 quam
1855 2855 1904 2907 iu
1940 2855 2131 2908 inulto-

565 2955 714 3002 rum,
747 2955 804 2993 se
852 2941 1169 3013 simpliciter
1209 2955 1329 2994 eum
1377 2952 1594 3011 propter
1621 2941 1784 2996 Deum
1812 2955 1993 3010 petere
2021 2943 2132 2995 cla-

564 3029 848 3091 mantium,
874 3009 1244 3083 unanimitate.
1268 3009 1546 3099 Ingerebat
1571 3045 1631 3085 se
1652 3009 1823 3086 etiam,
1838 3032 1939 3086 hoc
1967 3035 2128 3086 menti

568 3102 734 3177 meai,
784 3116 909 3183 quia
954 3131 1095 3185 saepe
1145 3117 1284 3171 Deus
1329 3119 1497 3186 magis
1531 3129 1784 3187 Operatur
1828 3105 1922 3188 per
1969 3125 2130 3174 vitam

565 3203 965 3256 illiltt'ratorum
1006 3207 1356 3272 qnazrentium
1402 3223 1519 3275 quze
1542 3208 1632 3262 Dei
1677 3219 1819 3272 sunt,
1850 3224 2009 3277 quam
2042 3225 2137 3278 per

563 3293 1204 3360 astutiamlitteratorum
1228 3298 1578 3363 quzerentium
1616 3314 1734 3368 quze
1765 3314 1858 3352 sua
1893 3308 2014 3352 sunt
2042 3300 2132 3349 δ”.

563 3381 702 3434 Ecce
740 3381 791 3433 in
837 3373 1125 3450 conspectu
1172 3394 1350 3448 vestro
1391 3394 1493 3450 est,
1527 3401 1621 3438 cur
1661 3401 1784 3440 eum
1827 3387 2133 3456 episcopum

565 3468 680 3524 ﬁeri
711 3471 972 3536 concessi,
1003 3482 1058 3524 et
1088 3487 1186 3525 cur
1230 3488 1370 3526 ltllltc
1401 3483 1611 3527 imitare
1647 3474 1944 3530 desiderem
1985 3477 2159 3542 quod

562 3567 783 3614 coaetus
823 3563 1064 3615 concessi
1093 3578 1111 3612 ε
1144 3572 1197 3616 et
1225 3563 1428 3628 judicio
1457 3572 1633 3616 vestro
1668 3564 1926 3632 sniijacct,
1961 3566 2004 3619 si
2036 3583 2135 3630 pu-

564 3649 852 3710 niendum,
895 3633 985 3702 aut
1030 3650 1436 3716 corrigendum,
1487 3660 1579 3704 aut
1626 3653 2020 3723 suscipiendum
2066 3655 2137 3707 sit

563 3736 706 3804 quod
741 3735 880 3790 facio
907 3737 1125 3812 etquod
1153 3736 1274 3791 feri.
1306 3739 1590 3792 Pateruam
1619 3750 1856 3794 vestram
1884 3745 2137 3796 sanctita-

567 3835 673 3880 tem
699 3824 1038 3897 omnipotens
1075 3829 1214 3882 Deus
1243 3829 1333 3882 diu
1371 3829 1524 3882 nobis
1551 3830 1602 3883 in
1637 3831 1840 3901 integra
1868 3833 2135 3900 prosperi-

567 3926 678 3970 tate
711 3927 1020 3982 conservet,
1061 3920 1253 3971 Amen.
1295 3918 1403 3972 Soli
1436 3929 1615 3975 vestro
1656 3925 1975 3989 conspectui”
1997 3922 2135 3977 hanc

565 4007 847 4074 epistolam
885 4017 1064 4083 notam
1097 4023 1237 4070 esse,
1273 4009 1314 4061 si
1358 4009 1510 4062 vobis
1547 4010 1746 4078 placet,
1782 4008 2040 4079 quidquid
2070 4012 2136 4065 de

567 4098 654 4151 illa
689 4097 836 4152 vobis
866 4098 1130 4161 videatur,
1159 4098 1406 4152 desidero
1430 4109 1482 4151 et
1507 4097 1704 4167 ﬂagito.

915 4223 1072 4293 355
1104 4223 1428 4278 EPISTOLA
1458 4223 1646 4278 xxxv
1693 4224 1782 4279 δι’.

1184 4351 1251 4389 AD
1276 4350 1532 4388 JOANNEH.

563 4439 708 4511 (50)’,
744 4439 815 4493 Dc
842 4441 977 4508 [aha
1023 4452 1067 4494 et
1099 4443 1256 4515 impia
1296 4443 1576 4515 assertione
1606 4443 1876 4512 cujusdam
1907 4445 2125 4515 quive:

801 4527 1046 4578 personas
1081 4514 1132 4584 iu
1165 4512 1277 4563 Deo
1301 4511 1502 4563 dicebat
1534 4519 1642 4566 esse
1665 4511 1768 4572 ira,
1796 4531 1895 4567 res.

635 4621 880 4685 Domino,
901 4631 954 4675 et
984 4621 1136 4674 fratri
1166 4623 1357 4674 dilecto
1410 4621 1617 4694 JOANNI,
1707 4613 1873 4679 frater
1900 4628 2127 4682 Ἀδδεί.-

563 4726 664 4767 nos
710 4726 922 4780 semper
948 4711 1012 4763 ad
1041 4710 1258 4764 meliora
1289 4712 1566 4780 prolicere.

636 4804 714 4853 Ad
741 4803 964 4863 litteras,
989 4816 1120 4868 quas
1149 4802 1277 4854 mihi
1303 4801 1516 4856 dilectio
1545 4813 1717 4857 vestra
1748 4806 1910 4865 misit,
1947 4809 2010 4859 de
2037 4807 2126 4860 illo

563 4888 654 4954 qui
677 4887 805 4940 dicit
832 4887 883 4938 in
911 4887 1018 4939 Deo
1050 4895 1160 4938 tres
1185 4901 1442 4954 personas
1468 4902 1586 4942 esse
1615 4897 1722 4942 tres
1758 4904 1871 4951 res;
1911 4900 1998 4942 aut
2031 4890 2133 4942 Pa-

2233 1867 2358 1933 quid
2382 1866 2586 1921 faciunt
2623 1869 2830 1922 eaedem
2881 1871 3164 1924 relationes
3217 1869 3358 1924 circa
3412 1872 3788 1944 substantiam,

2233 1956 2678 2023 quemadmodum
2703 1959 2867 2012 multa
2898 1949 3215 2023 accidentia,
3269 1975 3337 2013 an
3367 1976 3493 2015 non.
3535 1961 3790 2028 Quamvis

2235 2046 2478 2122 videatur
2503 2055 2605 2101 non
2631 2048 2928 2118 intelligere
2959 2051 3059 2104 hoc
3086 2051 3244 2106 modo
3269 2062 3376 2108 tres
3408 2067 3516 2118 res,
3546 2069 3680 2123 quas
3706 2056 3792 2108 di-

2233 2137 2303 2188 cit
2343 2155 2354 2188 :
2396 2151 2456 2190 ex
2488 2153 2551 2191 eo
2577 2139 2702 2207 quia
2728 2141 3000 2208 subiungit
3030 2141 3188 2193 trimn
3229 2156 3578 2209 personarum
3627 2160 3787 2198 unam

2232 2241 2358 2288 esse,
2378 2224 2723 2292 voluntatem,
2747 2237 2838 2280 aut
2863 2235 3200 2296 potestatem.
3225 2227 3356 2282 Nam
3393 2239 3502 2285 tres
3530 2229 3652 2300 ipsa:
3677 2247 3795 2300 per-

2235 2329 2379 2368 sona:
2404 2329 2508 2369 non
2539 2315 2738 2370 habent
2765 2315 3113 2383 voluntatem,
3143 2328 3232 2371 aut
3259 2328 3579 2395 potesmem
3598 2334 3793 2376 secun-

2201 2425 2204 2428 ’
2236 2405 2360 2458 dum
2380 2404 2683 2469 relationes,
2708 2407 2800 2458 sed
2833 2407 3122 2460 secumlum
3161 2408 3262 2461 hoc
3285 2409 3428 2477 quod
3449 2425 3792 2480 unaquaeque

2241 2507 2463 2560 persona
2490 2493 2628 2552 Deus
2653 2502 2735 2546 est
2762 2493 2850 2544 ⁸³⁸.
2875 2493 3025 2559 Quod
3045 2493 3088 2546 si
3117 2494 3245 2547 dicit
3276 2505 3384 2548 tres
3399 2495 3654 2565 personas
3676 2513 3794 2552 esse

2233 2584 2342 2633 tres
2373 2595 2478 2642 res,
2538 2582 2830 2636 secundum
2860 2583 3002 2650 quod
3055 2596 3390 2652 unaquaeque
3436 2600 3662 2653 persona
3706 2597 3791 2640 est

2234 2667 2404 2731 Deus;
2434 2678 2526 2722 aut
2548 2678 2656 2723 tres
2682 2670 2810 2724 deos
2839 2669 2948 2722 vult
2971 2672 3324 2734 constituere;
3352 2681 3448 2732 aut,
3466 2687 3569 2726 non
3596 2673 3792 2726 intelli-

2231 2758 2303 2823 git
2327 2760 2466 2827 quod
2488 2759 2631 2812 dicit.
2655 2759 2736 2812 Ad
2765 2761 3149 2813 ostendendum
3175 2761 3304 2830 quid
3325 2763 3551 2815 sentiam
3576 2764 3642 2817 de
3670 2778 3793 2818 seu-

2235 2831 2398 2899 tentia
2419 2848 2662 2916 praefata,
2679 2848 2778 2901 ista
2793 2848 3006 2902 interim
3023 2849 3290 2902 dilectioni
3309 2851 3790 2907 vestrzesalliciaut.

2231 2934 2384 3000 Quod
2431 2946 2608 2988 autem
2656 2936 2835 3005 petitis
2882 2950 3084 2990 mecum
3124 2921 3456 3003 conservari,
3502 2925 3786 3009 anteqtnim

2235 3026 2460 3079 Romam
2485 3015 2923 3093 proﬁtiscamini,
2946 3027 3136 3080 scitote
3162 3027 3287 3096 quiia
3326 3038 3582 3097 quantum
3613 3032 3679 3084 ad
3705 3030 3787 3083 di-

2238 3113 2517 3166 lectionem
2541 3114 2841 3167 bonestatis
2857 3125 3046 3180 vestra:
3063 3116 3288 3183 pertinet
3299 3156 3313 3179 ,
3339 3117 3569 3172 libenter
3583 3119 3766 3176 veilem
3777 3157 3794 3173 .

2237 3185 2342 3258 Sed
2363 3204 2682 3270 inquantum
2711 3204 2969 3272 intelligo,
3004 3216 3059 3259 et
3085 3206 3234 3260 vobis
3261 3221 3447 3275 parum
3477 3217 3620 3266 esset
3665 3209 3796 3263 utile

2236 3291 2454 3360 propter
2478 3292 2674 3344 multas
2697 3294 3078 3360 occupationes
3131 3309 3300 3370 ineas,
3352 3303 3406 3350 et
3443 3296 3796 3365 impedimen-

2238 3391 2348 3433 tum
2375 3389 2522 3436 esset
2574 3381 2746 3434 vobis.
2806 3381 3036 3436 Omnino
3086 3398 3314 3452 namque
3365 3373 3600 3452 pet-sensi
3639 3379 3790 3456 quia,

2238 3471 2347 3532 nisi,
2369 3483 2489 3523 cum
2524 3470 2772 3538 episcopo
2794 3473 3287 3545 iuanseritisusqne
3325 3477 3448 3530 dum
3472 3475 3793 3544 proﬁcisca-

2239 3556 2388 3619 tuini,
2420 3565 2508 3608 aut
2547 3557 2674 3609 nihil
2705 3568 2794 3609 aut
2827 3576 3010 3625 parum
3047 3576 3137 3612 vos
3183 3557 3517 3631 ipsejnvabit
3560 3566 3626 3617 ad
3683 3565 3787 3618 hoc

2235 3646 2373 3713 quod
2399 3643 2574 3698 facere
2600 3646 2831 3708 debetis;
2859 3663 2952 3699 nec
2978 3663 3076 3716 ego
3108 3649 3329 3717 aliquid,
3357 3642 3496 3718 quad
3516 3653 3696 3722 valeat
3718 3654 3787 3704 ad

2238 3735 2342 3796 iter
2364 3734 2649 3801 agendum,
2682 3735 2825 3787 vobis
2864 3734 3039 3790 facere
3065 3752 3298 3803 possum.

2717 3843 3043 3899 EPISTOLA
3077 3826 3313 3899 xx‘xvr.

2772 3947 2840 3983 AD
2862 3947 3251 3988 ιῦιειειιειτυυ.

2236 4020 2440 4075 Laudat
2469 4019 2679 4092 vitwgab
2708 4020 2902 4092 abbate
2928 4020 3180 4092 instituta:
3206 4024 3480 4076 rationem.
3518 4023 3784 4092 Fratrem,

2411 4105 2560 4157 quem
2585 4090 2637 4142 in
2670 4087 2953 4142 claustrum
2981 4090 3276 4154 reduxerat,
3310 4093 3356 4145 ei
3378 4093 3608 4146 dimittit.

2302 4175 2510 4241 Amico.
2542 4178 2717 4242 fratri,
2749 4178 2990 4246 domino,
3022 4179 3193 4246 Patri,
3224 4181 3417 4237 dilecto
3441 4183 3683 4240 dilectori
3709 4200 3795 4241 re-

2235 4265 2468 4320 verendo
2495 4266 2674 4320 abbati
2697 4265 3036 4322 ϐιειειειτο
3055 4266 3220 4323 frater
3265 4269 3565 4337 Anssuus,
3612 4284 3794 4339 perse-

2165 4379 2210 4434 ι)
2236 4365 2509 4410 verautem
2533 4355 2584 4409 in
2601 4355 2754 4425 longa
2773 4355 2879 4409 vita
2902 4369 3021 4411 cum
3049 4358 3401 4428 prosperitate
3431 4363 3790 4428 sanctitatem,

2232 4456 2288 4502 et
2316 4446 2701 4502 iudetlcientem
2733 4447 2786 4500 in
2814 4439 3108 4504 aeternitate
3148 4449 3472 4504 felicitatem.

2303 4534 2360 4589 Si
2397 4535 2554 4591 velim
2600 4533 2835 4590 scribere
2862 4531 3058 4588 mutua:
3099 4545 3298 4590 nostra:
3322 4537 3624 4592 dilectionis
3662 4535 3794 4591 εσθ-

2239 4634 2404 4687 ctum,
2432 4624 2591 4677 timeo
2622 4637 2690 4676 ne
2717 4633 2809 4675 aut
2836 4623 3019 4676 videar
3051 4624 3121 4677 ab
3171 4625 3539 4694 ignorantibus
3593 4625 3784 4679 verita-

2234 4721 2340 4764 tcm
2368 4711 2645 4776 excedere,
2677 4719 2768 4763 aut
2795 4725 3012 4765 necesse
3031 4711 3102 4765 sit
3121 4711 3318 4782 aliquid
3340 4713 3553 4767 veritati
3576 4713 3789 4766 subtra-

2235 4801 2378 4852 here.
2415 4799 2514 4865 Qui
2545 4800 2767 4854 all'ectus
2792 4813 3022 4868 quantus
3055 4810 3109 4855 et
3150 4816 3309 4870 quam
3355 4818 3514 4860 verus
3549 4809 3639 4870 sit,
3667 4819 3788 4858 cum

2234 4889 2458 4942 multum
2482 4904 2880 4960 cognoscerem,
2909 4891 3123 4966 quando
3145 4906 3263 4943 sese
3290 4891 3442 4947 oculo
3467 4894 3532 4948 ad
3550 4893 3786 4955 oculum,

1837 5025 2066 5078 vanus
2103 4979 2499 5100 LEC'iio-Nss.

636 5158 703 5190 ⁸³⁸
731 5158 861 5210 Cum
894 5161 969 5212 sic
1005 5176 1102 5211 ms.
1126 5173 1221 5211 cur
1248 5160 1323 5212 sic
1396 5159 1461 5189 ⁸⁸⁸
1494 5159 1595 5212 Per
1628 5160 1788 5212 vitam
1827 5159 2187 5227 quimrentittm
2214 5174 2330 5226 qua:
2373 5159 2462 5211 Dei
2494 5168 2639 5221 sunt,
2669 5173 2828 5225 quam
2869 5173 2966 5226 per
3010 5158 3256 5212 astutiam
3291 5159 3637 5226 qumrentium
3667 5174 3786 5228 quae

565 5245 660 5282 sua
703 5239 823 5280 sunt
869 5245 964 5279 ms.
1013 5243 1106 5292 per
1141 5231 1301 5280 vitam
1353 5229 1720 5280 illiteratorum
1761 5229 2115 5295 quaerentium
2162 5243 2280 5295 qua:
2326 5229 2415 5280 Dei
2439 5239 2583 5285 sunt.
2609 5243 2768 5295 quam
2818 5245 2910 5296 per
2949 5229 3202 5281 astutiam
3241 5228 3596 5281 litteratorum
3639 5244 3784 5295 qure-

567 5299 792 5348 rentium
834 5312 948 5362 qua!
991 5312 1085 5348 sua
1112 5307 1236 5349 sunt
1341 5298 1406 5326 ⁵⁸³
1441 5297 1642 5348 Collum
1674 5315 1786 5348 cum
1809 5298 1985 5348 eodem
2010 5312 2112 5348 ms.

567 5365 634 5396 ⁴⁸⁴
678 5367 735 5416 lit
768 5365 872 5418 lilio
906 5383 998 5417 ms.
1031 5375 1084 5418 et
1112 5382 1138 5417 a
1172 5367 1277 5419 lilio

2218 5297 2285 5326 ⁸⁸³
2314 5297 2603 5362 Epistolam
2628 5301 2835 5362 suscepi
2882 5313 2978 5348 ms.
3013 5296 3289 5363 epistolam
3317 5299 3783 5365 vestranisuscepi

1349 5367 1417 5396 m
1443 5366 1745 5420 Secundum
1773 5366 1822 5419 id
1845 5366 1986 5433 quod
2010 5382 2106 5417 ms.
2138 5367 2424 5419 secundum
2450 5366 2591 5432 quod
2663 5365 2732 5396 ⁸⁸⁸
2754 5365 2988 5419 Persona
3017 5366 3155 5420 Deus
3175 5381 3268 5418 ms.
3294 5378 3522 5434 persona
3546 5364 3787 5420 Deuseét

1704 5498 2001 5553 'lOANNlS
2038 5495 2305 5554 PICARDI
2337 5494 2561 5554 NOTAE.

639 5613 748 5671 (30)
785 5609 841 5663 ν.
880 5611 1051 5678 Epist.
1087 5613 1142 5667 il
1179 5622 1229 5666 et
1259 5609 1320 5662 5|
1348 5607 1522 5682 infra.
