4214 6224
353 304 491 357 use
778 260 781 263 Α
1337 310 1343 315 -
1570 287 1693 341 ιλιι.
1740 288 1798 350 ιι,
1833 285 1926 338 Ειιι

1960 282 2043 337 5T.
2090 279 2305 347 XXXIX
2456 342 2461 345 Α
2982 280 2983 283 “
3426 273 3557 329 “90

352 414 534 465 oscul'o
555 398 915 476 adesmdum,
952 406 1194 475 amplexu
1227 407 1291 459 ad
1322 404 1621 470 amplexum
1655 402 1902 459 ostende-

1960 420 1976 453 ι
2004 404 2083 449 ιει·
2110 396 2386 445 Λκςιῑωιιιε
2414 391 2586 442 dictus
2617 388 2780 441 abbas
2807 387 2979 449 lieeci,
3010 386 3165 455 hujus
3197 386 3316 439 vita:
3337 401 3558 455 prospe-

353 509 434 552 ret
468 512 647 551 :nunr
678 497 841 549 tnulto
866 496 1030 564 magis
1049 495 1314 562 experior,
1362 507 1482 544 cum
1517 493 1705 544 abesse
1756 490 1903 542 illum

353 586 856 655 irrecuperabiliter,
894 588 947 639 in
989 601 1093 654 quo
1119 595 1261 636 tanta
1302 582 1636 648 jucunditate
1678 580 1909 634 delecta-

353 681 469 740 har,
505 678 736 731 intueor.
767 676 916 730 Sicut
960 676 1102 728 enim
1136 672 1419 726 abundans
1468 670 1639 724 nescit
1689 669 1812 735 quid
1839 668 1907 721 sit

352 766 640 833 indigenti,
666 775 722 818 ut
751 766 837 833 qui
862 763 1063 815 deliciis
1089 760 1276 823 alliuit,
1304 760 1513 829 ignorat
1537 758 1663 824 quid
1687 757 1753 809 sit
1780 772 1907 809 rsu-

352 853 540 914 rlcnti;
569 853 637 904 ita
663 852 750 919 qui
783 849 957 902 amico
990 848 1200 912 fruitttr,
1234 863 1339 899 non
1382 846 1541 898 sentit
1601 845 1905 913 languorem

350 945 541 997 animae
571 942 824 996 carentis.
858 940 1117 1008 Quoniam
1146 953 1273 1007 ergo
1324 951 1420 990 nec
1453 930 1617 989 scribi
1643 934 1906 988 sufﬁcien-

351 1041 431 1085 ter
448 1040 621 1100 potest
647 1031 771 1098 quid
799 1031 952 1106 nobis
985 1030 1210 1082 invicem
1234 1028 1325 1091 sit,
1383 1040 1483 1079 nec
1521 1023 1783 1094 ignoranti
1834 1023 1908 1075 lo-

350 1136 519 1188 quor:
548 1120 629 1172 his
654 1119 863 1174 interim
886 1118 1122 1182 omissis,
1145 1131 1237 1171 oro
1260 1116 1530 1168 vobiscum
1551 1123 1607 1166 ιιι
1630 1112 1911 1180 aliquando

351 1226 452 1265 nos
475 1209 699 1263 invicem
760 1209 1001 1262 videntes
1036 1207 1191 1261 oculo
1220 1206 1285 1260 ad
1333 1204 1565 1266 oculum,
1602 1199 1788 1258 osculo
1841 1203 1907 1255 ad

350 1299 611 1363 osculum,
642 1296 885 1364 amplexu
917 1296 983 1349 ad
1019 1296 1320 1363 amplexum
1354 1310 1457 1346 non
1511 1294 1735 1346 oblitum
1762 1291 1910 1345 anto-

350 1394 462 1441 rem
498 1386 810 1441 recolamus.
839 1385 913 1440 De
936 1385 1020 1440 his
1040 1395 1217 1437 autem
1272 1399 1389 1451 qua:
1412 1383 1475 1435 dc
1506 1383 1625 1435 vita:
1646 1398 1754 1435 sum
1783 1396 1913 1434 euu-

351 1476 654 1531 versatione
670 1475 904 1528 eltaritas
933 1483 1105 1527 vestra
1134 1475 1260 1527 mihi
1286 1474 1497 1543 dignata
1520 1481 1600 1527 est
1621 1486 1907 1540 exponere,

351 1569 555 1638 gratias
580 1582 681 1633 ago
709 1566 815 1620 Deo
843 1566 966 1634 quia
998 1565 1127 1619 nihil
1155 1566 1223 1618 ibi
1254 1566 1433 1619 videre
1474 1580 1716 1634 possum,
1767 1564 1907 1632 quod

353 1674 456 1709 non
481 1657 552 1709 sit
576 1656 861 1710 laudabile.
896 1657 969 1709 De
992 1654 1154 1708 fratre
1184 1655 1290 1718 illo,
1318 1670 1476 1724 quem
1525 1655 1577 1708 in
1617 1655 1908 1708 claustrum

353 1742 662 1817 reduxistis,
693 1741 834 1809 quod
865 1743 1025 1796 vultis
1051 1742 1220 1796 donec
1254 1744 1405 1797 vobis
1428 1734 1521 1795 aut
1570 1743 1726 1797 nobis
1757 1742 1911 1794 aliter

348 1834 614 1895 videatur,
640 1832 881 1886 concedo
918 1849 931 1885 :
967 1832 1058 1886 sed
1092 1820 1297 1886 Occulta
1330 1833 1447 1901 ejus
1499 1840 1676 1885 vestra
1735 1832 1911 1883 discu-

348 1925 490 1979 tiens
518 1923 821 1993 prudentia,
850 1932 1004 1992 prout
1039 1923 1376 1992 iudicaverit,
1433 1922 1504 1976 illi
1535 1912 1798 1977 coosulat.
1839 1922 1912 1973 De

348 2014 548 2067 damno
574 2022 776 2075 vestro,
808 2013 949 2082 quod
984 2012 1300 2074 mandastis,
1353 2011 1521 2064 miror
1548 2020 1603 2065 et
1631 2009 1907 2064 condoleo.

351 2101 503 2168 Quod
544 2094 795 2168 dignatur
852 2109 1029 2155 vestra
1075 2100 1313 2154 Charitas
1354 2114 1611 2153 excusare
1638 2113 1745 2173 se,
1786 2098 1909 2166 quia

355 2190 461 2244 non
498 2197 676 2258 potest
702 2190 858 2244 modo
910 2189 1087 2243 facere
1135 2189 1275 2259 quod
1314 2188 1471 2243 vellet
1514 2206 1527 2240 :
1570 2188 1769 2256 gratias
1811 2203 1909 2256 ago

276 2304 281 2313 ι
348 2290 542 2355 vestrm
571 2278 860 2345 dignationi
890 2288 943 2333 et
972 2279 1121 2331 bena:
1150 2277 1429 2330 voluntati.
1460 2277 1532 2329 De
1557 2277 1753 2329 domno
1772 2274 1914 2333 Latt—

347 2368 537 2423 franeo
564 2368 694 2421 nihil
722 2368 909 2420 melius
937 2368 1087 2431 scivi,
1114 2379 1203 2420 aut
1240 2366 1409 2435 potui,
1458 2381 1618 2434 quam
1669 2368 1809 2434 quod
1858 2366 1910 2420 in

347 2455 540 2527 Anglia
580 2456 679 2511 feci
719 2466 772 2510 et
799 2456 927 2509 dixi.
955 2456 1159 2511 Valete.

766 2544 1096 2602 EPISTOLA
1136 2546 1278 2600 XXX
1290 2547 1369 2601 VII
1398 2546 1486 2598 “7.

1019 2631 1087 2669 AD
1117 2631 1262 2669 IDAN.

355 2682 509 2751 Quod
537 2683 679 2737 debet
716 2685 809 2738 niti
861 2684 929 2737 ad
979 2685 1286 2803 proﬁcuum,
1336 2684 1423 2751 qui
1465 2684 1602 2751 rupit
1657 2681 1939 2750 defectum.

1051 2769 1092 2803 τι
1121 2769 1228 2803 are.

1051 2769 1228 2805 mare.

420 2840 748 2898 Reverentia!
776 2851 840 2897 et
863 2842 1191 2896 charissima:
1236 2842 1463 2895 domime
1486 2856 1596 2894 suae
1620 2840 1907 2893 comitissae

348 2934 456 2988 Ias
480 2918 645 2989 frater
666 2935 962 2995 Aasstnus,
988 2947 1084 3001 per
1105 2933 1239 2988 bona
1279 2933 1586 3002 temporalia
1611 2933 1677 2985 ad
1707 2941 1908 2985 aeterna

348 3011 677 3094 pertingere.
1552 3044 1553 3047 η

417 3112 573 3167 Sicut
594 3127 750 3166 verus
770 3127 941 3178 amor,
967 3112 1443 3182 quemsecuudum
1474 3112 1638 3165 Deum
1669 3126 1793 3183 erga
1822 3126 1907 3164 re-

340 3193 641 3257 verentiam
664 3214 897 3256 vestram
928 3204 1116 3266 habeo,
1156 3219 1184 3255 a
1226 3217 1319 3255 sua
1352 3202 1658 3270 integritate
1681 3218 1782 3254 non
1808 3215 1905 3266 pe-

347 3301 453 3346 tcst
478 3293 749 3350 deficere;
781 3295 850 3345 ita
885 3308 1154 3360 nunqttatu
1182 3293 1350 3357 debet
1393 3307 1423 3344 a
1478 3292 1675 3360 salubri
1711 3276 1909 3344 exltoré

351 3380 550 3433 tatione
576 3379 821 3434 deﬁcere.
861 3358 1114 3445 Quamvis
1136 3380 1297 3448 igitur
1318 3358 1528 3447 semper
1550 3393 1756 3447 sperem
1780 3392 1907 3451 pru-

345 3469 580 3523 dentiam
614 3479 842 3523 vestram
872 3470 1108 3537 undique
1133 3469 1233 3522 sibi
1268 3468 1593 3536 prospicere,
1640 3482 1708 3521 ne
1750 3456 1906 3522 caui-

345 3542 449 3611 dus
469 3558 637 3611 hostis
659 3558 834 3625 aliqua
877 3557 1059 3611 fraude
1101 3557 1305 3610 violare
1357 3555 1540 3631 valeat.
1576 3540 1729 3608 bona!
1780 3556 1903 3615 vita:

346 3648 713 3715 propositum;
744 3662 1079 3716 nequaquam
1110 3655 1305 3708 tamen,
1338 3646 1382 3699 si
1421 3645 1500 3699 vel
1530 3653 1733 3697 tantum
1775 3660 1901 3714 sug-

352 3750 483 3803 gero
509 3743 564 3788 ut
593 3736 875 3790 instantius
906 3735 1115 3789 faciatis
1146 3735 1284 3803 quod
1333 3735 1469 3787 bene
1506 3731 1704 3796 facitis,
1752 3733 1899 3803 judi-

347 3816 579 3879 candum
608 3836 834 3881 estesse
864 3824 1204 3894 superfluum.
1238 3822 1421 3877 Nullus
1456 3824 1597 3875 enim
1649 3825 1899 3891 gaudium

346 3916 500 3969 bona:
536 3916 658 3969 vita:
690 3930 848 3983 quem
875 3916 982 3983 jam
1023 3913 1350 3976 conscendit,
1387 3912 1652 3967 custodire
1685 3909 1898 3973 sullicil,

344 4005 434 4072 qui
457 4008 668 4073 semper
691 4006 758 4058 ad
787 4004 1037 4069 altiorem
1056 4005 1315 4072 prolicere
1343 4016 1445 4055 neu
1499 4003 1717 4073 appetit.
1749 3999 1897 4054 Sem-

346 4109 441 4162 per
475 4094 637 4162 igitur
666 4109 883 4148 necesse
908 4103 991 4147 est
1013 4103 1072 4146 ut
1115 4093 1315 4145 nitatur
1346 4093 1411 4144 ad
1456 4090 1775 4159 profectmn,
1809 4093 1898 4160 qui

342 4200 556 4252 semper
578 4185 688 4237 vult
716 4187 884 4237 vitare
914 4183 1200 4237 defectum.
1232 4182 1319 4237 Sic
1357 4183 1535 4249 itaque
1562 4197 1623 4236 se
1651 4197 1897 4235 reveren-

347 4274 416 4325 tia
442 4281 638 4337 vestra,
671 4274 775 4326 imo
804 4274 940 4327 Deus
966 4288 1070 4328 cor
1097 4282 1151 4326 et
1176 4286 1237 4324 os
1262 4280 1315 4324 et
1348 4281 1497 4327 actas
1519 4281 1728 4327 vestros
1752 4288 1890 4326 sem-

2012 484 2222 536 ritatcm
2260 491 2309 535 el
2343 479 2533 532 futur:e
2559 478 2885 551 felicitatem.

2012 613 2014 615 μ
2080 571 2427 639 Respondens
2455 579 2646 621 vestrae
2671 565 2985 620 reverentue
3033 565 3098 616 de
3150 578 3225 626 re,
3286 565 3426 619 unde
3474 579 3569 633 per

2010 660 2174 713 filium
2220 673 2376 711 suum
2407 656 2705 727 Villelnnnn
2748 669 2917 709 meam
2936 653 3263 722 parvitatem
3320 653 3571 720 dignatur

2010 746 2303 805 consulere.
2323 746 2511 799 vellem
2529 744 2767 810 exempla
2790 753 2841 795 et
2858 742 3207 796 auctoritates
3233 754 3528 811 proponere
3552 763 3567 799 :

2009 838 2101 891 sed
2124 837 2238 904 ejus
2258 836 2619 897 festinatione,
2643 842 2697 885 et
2720 848 2835 885 mea
2858 832 3225 898 occupatione,
3252 831 3387 904 sient
3408 832 3571 902 356

2011 926 2123 995 ipse
2154 926 2303 979 testis
2328 936 2428 989 est,
2463 925 2804 991 impelieute.
2837 921 2921 973 vix
2959 921 3084 973 mihi
3112 919 3233 973 licet
3282 902 3354 975 rei
3405 922 3569 989 ipsius

2009 1007 2289 1067 veritatem
2344 1014 2658 1081 simpliciter
2705 998 2993 1078 exponere.
3026 1004 3245 1060 Nullius
3296 1008 3561 1065 Catholici

2010 1100 2218 1169 ignorat
2249 1099 2527 1168 prudentia
2573 1098 2694 1165 quia
2725 1099 2861 1150 sicut
2891 1093 2975 1147 ille
2998 1092 3087 1160 qui
3119 1093 3312 1147 bonum
3335 1110 3467 1164 Opus
3489 1095 3574 1151 fa-

2010 1200 2135 1239 ccre
2161 1186 2340 1239 volens
2359 1185 2690 1253 prohibetur,
2726 1194 2780 1237 et
2819 1191 3000 1252 postea
3039 1180 3234 1246 gaudet
3282 1196 3340 1234 se
3393 1181 3572 1237 facere

2011 1288 2114 1327 non
2142 1275 2375 1344 potuisse
2405 1272 2545 1341 quod
2569 1275 2704 1327 bene
2757 1274 2953 1338 voluit,
2990 1288 3094 1330 non
3144 1287 3228 1331 est
3277 1276 3572 1329 laudandus

2011 1379 2114 1416 non
2151 1363 2339 1418 fecisse
2368 1363 2563 1417 bonum
2606 1364 2745 1431 quod
2802 1374 3172 1433 proposuerat.
3222 1360 3295 1420 Ita
3344 1365 3431 1419 ille
3482 1364 3571 1432 qui

2011 1462 2231 1524 pravum
2267 1469 2403 1524 opus
2424 1469 2581 1523 agere
2644 1454 2937 1521 disponens
2984 1471 3087 1509 non
3147 1456 3471 1529 permittitur
3518 1463 3575 1506 et

2010 1555 2191 1614 postea
2223 1544 2436 1598 hetatnr
2469 1559 2525 1599 se
2555 1558 2659 1597 non
2690 1529 2805 1596 esse
2841 1544 3288 1612 concupiscentim
3318 1558 3428 1598 suae
3458 1552 3571 1595 tra-

2012 1637 2200 1701 ditum,
2242 1650 2575 1703 nequaquam
2628 1633 2945 1701 iudicandus
2997 1644 3078 1689 est
3124 1637 3333 1697 crimen
3394 1633 3567 1703 egisse

1943 1721 1985 1774 B
2012 1727 2153 1795 quod
2187 1726 2443 1778 voluerat.
2475 1721 2617 1778 Nam
2647 1725 2745 1779 etsi
2789 1724 3020 1789 quandiu
3053 1735 3134 1778 est
3161 1724 3354 1792 aliquis
3379 1725 3430 1777 in
3463 1724 3571 1776 cri-

2014 1814 2173 1867 minis
2206 1814 2499 1877 voluntate,
2530 1814 2573 1868 si
2597 1813 2648 1866 iu
2689 1812 2831 1865 nulla
2872 1813 3031 1866 vitam
3068 1812 3337 1872 terminat,
3372 1812 3436 1864 de
3460 1812 3573 1864 cri-

2015 1903 2155 1955 mine
2178 1900 2500 1968 judicandns
2542 1903 2609 1955 sit
2629 1940 2644 1965 ,
2675 1917 2865 1968 magna
2900 1912 3073 1955 tamen
3100 1900 3351 1954 distantia
3379 1910 3460 1953 est
3489 1900 3575 1952 iu-

2016 1999 2100 2045 ter
2124 1991 2287 2053 illmn,
2315 2004 2473 2059 quem
2503 1990 2581 2045 ira
2612 1992 2823 2060 superni
2860 1985 3055 2057 juilicis
3088 2006 3258 2058 usque
3300 1992 3350 2044 in
3394 2004 3575 2057 repro-

2012 2083 2134 2135 bam
2166 2082 2427 2134 actionem
2440 2081 2670 2145 ﬂeserit,
2701 2090 2755 2133 et
2787 2081 2953 2143 illum,
2993 2096 3150 2149 quem
3179 2080 3349 2149 gratia
3381 2096 3408 2133 a
3440 2095 3575 2148 prte—

2012 2173 2193 2241 cipitio
2221 2187 2442 2227 servans
2470 2174 2646 2241 operis
2670 2174 2721 2226 in
2746 2173 2939 2227 bonam
2964 2172 3288 2226 volumatcm
3317 2173 3572 2225 restituit.

2014 2260 2232 2312 Multum
2274 2255 2437 2329 igitur
2461 2260 2929 2314 estcritnit‘iamlns
2974 2250 3059 2314 ille
3087 2261 3176 2330 qui
3228 2260 3430 2329 pariter
3470 2260 3575 2322 illis

2013 2351 2214 2403 crimen
2242 2358 2465 2404 conatur
2487 2350 2804 2419 impingere,
2848 2364 3072 2418 quorum
3098 2353 3294 2419 pravas
3330 2350 3576 2403 volunta-

2015 2441 2094 2491 tes
2121 2438 2298 2491 divina
2335 2438 2597 2507 sapientia
2637 2448 2745 2491 tam
2795 2438 3006 2493 divorse
3049 2438 3216 2493 voluit
3267 2441 3569 2508 disponere.

2015 2525 2104 2579 Ille
2137 2540 2363 2596 namque
2395 2527 2607 2582 nomine
2635 2527 2891 2582 facinoris
2935 2528 3200 2582 notandus
3225 2538 3328 2594 est,
3356 2530 3443 2596 qui
3482 2538 3575 2583 aut

2012 2615 2062 2668 in
2092 2625 2267 2688 actum
2294 2616 2504 2678 lahitur,
2543 2625 2636 2670 aut
2669 2617 2719 2669 in
2784 2617 3046 2671 malitiosa
3094 2619 3395 2673 .iuleutiohe
3425 2621 3576 2674 dese—

2014 2706 2179 2767 ritur,
2207 2721 2309 2759 non
2339 2705 2445 2769 ille,
2470 2706 2559 2774 qui
2583 2720 2679 2761 nec
2710 2707 2761 2759 in
2787 2721 2919 2776 opus
2942 2707 3157 2760 malitia:
3188 2710 3571 2777 praecipitatur,

2011 2803 2064 2846 ct
2111 2809 2138 2844 a
2169 2808 2420 2861 perversa
2473 2794 2765 2848 intentione
2802 2786 3024 2848 eruitur.
3054 2793 3155 2849 llic
3208 2795 3351 2849 enim
3390 2796 3439 2850 in
3474 2796 3574 2856 hoc

2011 2894 2254 2938 servatus
2281 2892 2383 2948 est,
2417 2884 2556 2939 unde
2602 2885 2878 2953 gaudendo
2931 2885 3132 2954 gratias
3171 2886 3338 2954 possit
3378 2902 3568 2955 agere;

1966 2999 1970 3004 -
2011 2975 2099 3029 ille
2126 2975 2177 3030 in
2208 2975 2306 3029 hoc
2335 2976 2578 3030 desertus
2606 2983 2709 3035 est,
2764 2977 2905 3027 unde
2953 2974 3178 3028 dolemlo
3221 2977 3430 3029 veniam
3476 2992 3571 3029 ne-

1932 3050 1980 3111 C
2011 3076 2162 3115 cesse
2190 3061 2257 3116 sit
2284 3070 2483 3129 petere.
2510 3062 2583 3115 De
2622 3061 2723 3115 hoc
2749 3072 2956 3115 certum
2988 3071 3071 3115 est
3100 3063 3222 3130 quia
3252 3079 3347 3130 pro
3377 3063 3561 3131 hujus-

2011 3151 2154 3205 modi
2184 3152 2375 3220 gaudio
2408 3152 2683 3221 przemium
2708 3151 2968 3220 accipiet;
3012 3151 3089 3204 illi
3134 3152 3356 3205 multum
3393 3161 3497 3213 est,
3526 3152 3568 3205 si

2008 3254 2107 3308 pro
2156 3240 2338 3294 dolore
2368 3241 2570 3310 peccati
2622 3256 2834 3309 pinnam
2880 3241 3113 3308 effugiet.
3168 3241 3324 3294 Plura
3378 3242 3566 3295 vellem

2006 3331 2264 3395 scnibere,
2286 3331 2380 3385 sed
2410 3330 2556 3400 quia,
2598 3331 2739 3386 sicut
2766 3331 2900 3394 dixi,
2948 3332 3079 3386 mihi
3109 3348 3213 3387 non
3248 3333 3412 3393 licet.
3468 3332 3567 3384 ista

2006 3420 2087 3474 vel
2116 3420 2181 3473 ad
2212 3421 2571 3473 testimonium
2598 3434 2783 3473 eorum
2809 3420 2899 3487 δτι,
2926 3435 3045 3488 quae
3096 3422 3380 3488 pranlictus
3428 3421 3570 3476 filius

2007 3516 2184 3569 vester
2211 3507 2276 3562 de
2303 3517 2486 3561 nostra
2515 3510 2633 3561 viva
2669 3522 2801 3562 voce
2829 3510 2977 3563 vobis
2990 3509 3217 3576 referet,
3250 3511 3368 3565 licet
3404 3512 3570 3565 inter-

2005 3597 2133 3658 cisa,
2170 3596 2293 3649 sine”
2316 3597 2725 3664 reprehensione
2750 3597 3022 3664 suscipite.
3061 3596 3257 3651 Valete.

2442 3699 2770 3754 EPISTULA
2794 3699 3010 3755 XXXIX
3034 3702 3122 3755 ‘9'.

2569 3823 2633 3861 AD
2661 3798 3003 3864 LAIBl-Ilt't'tlt.

2005 3919 2156 3971 [huic
2185 3917 2402 3972 nobilem
2437 3918 2699 3973 rirumad
2738 3920 2893 3972 vitam
2943 3925 3276 3977 monasticam
3307 3915 3563 3983 hortatur.

2074 4028 2278 4081 Dilecto
2301 4036 2354 4081 et
2383 4028 2685 4082 desiderato
2721 4029 2772 4082 iu
2821 4029 3035 4105 Christo
3067 4036 3211 4088 Lana
3251 4052 3354 4090 tt'm
3400 4039 3569 4094 fraer

2002 4119 2281 4172 ANSELLIUS
2300 4117 2464 4172 abbas
2486 4118 2786 4183 Beccensis,
2816 4110 2923 4175 toto
2973 4126 3133 4178 corde
3189 4131 3366 4181 neeuli
3406 4130 3565 4195 hujus

2003 4208 2290 4261 vanitatem
2343 4217 2708 4276 contemnere,
2761 4223 2815 4265 et
2862 4215 2928 4265 ad
2976 4224 3231 4269 ςιειειίειιιι
3280 4219 3565 4274 veritatem

1998 4297 2342 4349 contendere.

342 4376 441 4428 per
463 4371 516 4415 ει
538 4364 733 4453 “WW9
758 4363 1042 4429 θυδίοδίίην
1076 4372 1129 4415 ⁸⁸⁸
1162 4366 1266 4417 νίίη
1317 4373 1487 4453 νυδίγνη
1525 4377 1820 4453 ¹¹¹ῗῖ¹ἷ1¹⁸⁵¹²ἷ¹τ
1846 4372 1901 4416 εί
1932 4370 1975 4424 Ῐ)
2069 4371 2238 4437 Tanta
2265 4386 2392 4439 mihi
2416 4386 2765 4442 charissimus
2792 4388 2959 4444 frater
2978 4401 3032 4445 et
3068 4392 3204 4446 filius
3233 4410 3379 4453 meus
3412 4399 3563 4450 dum-

342 4464 601 4517 nusquam
632 4450 683 4502 in
712 4465 975 4518 magnam,
999 4453 1078 4504 vel
1108 4468 1325 4520 parvam
1354 4452 1558 4519 culpant
1576 4450 1644 4482 ⁸⁸⁸
1668 4449 1897 4505 decidat.

344 4540 417 4593 De
448 4523 769 4593 monasterio
798 4553 994 4604 vestro,
1022 4545 1158 4611 quod
1182 4558 1209 4594 a
1236 4559 1318 4596 me
1337 4541 1613 4611 petebatis,
1650 4540 1759 4610 regi
1789 4542 1895 4595 Aa-

342 4629 548 4697 glormu
575 4631 725 4683 retuli
745 4619 766 4693 ;’
795 4634 886 4684 sed
919 4643 1062 4685 certe
1094 4650 1213 4701 non,
1252 4633 1484 4686 laudavit
1539 4641 1595 4684 ut
1640 4631 1893 4686 facerem.

340 4717 630 4784 Argentum
651 4720 828 4771 domui
859 4719 1071 4773 Bic-ardi
1095 4701 1194 4788 per
1223 4722 1562 4790 pra‘sentituu
1580 4721 1646 4757 "39
1670 4721 1893 4781 latorem

341 4805 493 4861 mitte
524 4809 692 4861 nobis.
724 4808 921 4861 Valete.
1350 4808 1355 4814 ’

746 4899 1068 4953 ΕΙῚΞΤΟΙΑ
1100 4899 1357 4952 XXXVIII
1392 4902 1479 4953 ³³³.

920 4985 985 5021 ΑΙ)
1011 4983 1285 5021 ιιοιιιῐιιτυδι
1297 5008 1308 5022 ι

342 5049 563 5122 Pectore
615 5063 862 5115 statuens,
921 5065 965 5105 et
1019 5055 1261 5106 dirinitus
1303 5056 1595 5122 impeditus,
1629 5055 1672 5106 si
1714 5065 1887 5121 postea

406 5119 607 5172 fruetur
627 5138 679 5173 se
717 5139 814 5174 non
842 5138 1094 5185 peccasse,
1122 5139 1235 5175 reus
1260 5119 1459 5176 nou-est
1511 5142 1570 5178 ac
1601 5126 1643 5176 si
1694 5119 1887 5179 crimen

407 5190 569 5253 ipsum
601 5194 876 5243 comisissct
899 5210 928 5243 α
957 5191 1063 5243 Deo
1090 5194 1339 5244 desertus.

409 5277 631 5331 Domino
654 5287 705 5331 ct
728 5278 893 5343 Patri,
931 5282 1107 5347 abbati
1150 5283 1443 5335 rcvereudo
1490 5281 1767 5343 llonenro,
1803 5296 1888 5348 pa-

2000 4488 2100 4528 nus
2125 4472 2380 4529 Rodulfns
2403 4475 2757 4543 Belvacensis,
2782 4480 2906 4535 olim
2930 4484 3106 4537 socius
3130 4496 3269 4547 tuus,
3304 4503 3443 4540 nunc
3472 4504 3562 4543 ve-

2000 4580 2091 4618 rus
2125 4567 2329 4619 amicus
2357 4579 2412 4620 et
2432 4568 2764 4623 desideratur
2799 4578 2938 4633 tuus,
2972 4575 3147 4626 retulit
3172 4577 3238 4628 de
3284 4578 3561 4635 nobilitate
3612 4586 3613 4589 “

1997 4662 2053 4705 ει
2089 4654 2154 4707 de
2184 4669 2388 4719 morum
2435 4655 2504 4685 ⁸⁸³
2547 4664 2778 4721 tuorum,
2813 4673 2931 4726 qua:
2961 4663 3172 4728 generis
3222 4663 3562 4728 nobilitatem

1998 4752 2238 4802 exornat,
2275 4744 2576 4807 honestate,
2604 4754 2661 4797 ut
2686 4761 2787 4797 non
2812 4763 2975 4813 parvo
2997 4750 3189 4802 all'ectu
3215 4764 3436 4820 cogatur
3460 4774 3557 4808 cur

1998 4847 2174 4885 meum
2205 4841 2255 4886 te
2286 4834 2638 4888 desiderando
2658 4836 2907 4905 diligere,
2940 4847 2992 4890 et
3032 4840 3298 4909 diligendo
3345 4836 3555 4907 deside—

1999 4938 2137 4975 rare.
2168 4922 2501 4991 Quapropter
2523 4927 2777 4993 quoniam
2798 4928 3033 4983 animum
3065 4942 3206 4982 tuam
3232 4933 3409 4998 anima
3439 4952 3553 4989 mea

2000 5029 2098 5067 nec
2130 5014 2304 5067 lllItlllS
2333 5015 2463 5077 vult,
2484 5014 2599 5069 'ncc
2618 5016 2737 5083 plus
2765 5028 2936 5085 potest
2984 5020 3202 5088 diligere
3232 5037 3389 5088 quam
3416 5039 3471 5076 se
3496 5022 3554 5091 p-

1996 5117 2109 5156 sam
2144 5120 2156 5153 z
2200 5118 2304 5155 non
2353 5103 2495 5157 aliud
2530 5115 2704 5173 potest
2732 5108 3035 5163 desiderare
3066 5110 3129 5162 de
3176 5111 3260 5162 illa
3293 5129 3449 5179 quam
3487 5116 3551 5167 de

1990 5193 2192 5260 'seipsa.
2224 5192 2331 5247 Iloc
2360 5195 2522 5263 igitur
2574 5205 2657 5249 est
2701 5198 2766 5249 de
2804 5206 2852 5250 te
2892 5199 3211 5265 tlcsidciimn
3260 5219 3429 5253 Ineunt
3494 5216 3550 5255 ut

1974 5282 2247 5352 .ntlltltItllIl
2276 5282 2620 5351 relinquendo
2642 5284 2911 5339 Christum
2937 5292 3197 5357 sequaris,
3223 5300 3269 5340 et
3294 5306 3387 5357 per
3411 5301 3546 5343 teut-

1592 5368 1815 5422 VARl/E
1853 5366 2253 5431 LECTIONES.

408 5434 472 5465 £87

498 5436 700 5489 Collum
723 5454 836 5490 cum
866 5438 1039 5490 eodem
1074 5456 1168 5511 ms.
1282 5439 1713 5511 “aiIllﬂttlttgllttlll
1749 5440 1823 5490 vel
1856 5430 2070 5511 parvam
2099 5441 2311 5511 culpam
2335 5455 2429 5511 ms.
2460 5441 2510 5492 in
2552 5454 2740 5511 magna
2767 5443 2845 5494 vel
2892 5430 3048 5511 parva
3087 5449 3235 5510 rulpa
3331 5447 3413 5478 "'9
3444 5448 3542 5501 I’er

300 5526 318 5551 ι
674 5524 768 5559 ms.
806 5494 1626 5603 per’prmsentia‘q);P"°.Colldm
1652 5494 1967 5603 rnore'oilem
2003 5523 2098 5560 ms.
2175 5494 2240 5539 ‘9‘
2272 5508 2592 5569 'fcs:intouia
2622 5494 2804 5564 eorum
2833 5494 2927 5564 uti.
2968 5494 3325 5579 testimo'nium
3354 5494 3538 5581 eorum

368 5571 408 5609 ⁵³
437 5571 634 5631 (Iollam
676 5571 994 5629 mmmam
1026 5592 1119 5630 ms.
1196 5574 1265 5609 ⁸⁸³
1295 5576 1358 5633 Et
1381 5594 1584 5638 tuorum
1612 5593 1706 5631 ms.
1731 5586 1779 5630 et
1804 5577 1867 5628 de
1894 5590 2096 5629 morum
3210 5578 3213 5579 ⁷
3367 5604 3383 5619 ι
