4214 6186
662 217 792 274 H9!

1260 219 1321 299 Rs.
1356 186 1651 274 ANSELMI
1674 219 2021 276 CANTUAR.
2054 214 2365 275 ARCHIEP.
2396 216 2540 274 orr.
2569 220 2746 275 mas
2774 220 2856 274 nt.
2879 250 2948 262 -—
2990 222 3358 283 ertsrous.

3757 233 3896 305 itas

658 312 898 394 puralem
924 325 1274 380 humilitatem
1303 338 1353 380 et
1396 340 1787 395 paupertatem,
1842 331 2221 407 eitaltatinnem

2291 344 2299 365 ι
2334 327 2484 395 cujus
2507 339 2652 382 certo
2675 340 2728 383 et
2753 339 2954 393 teter-no
2977 335 3258 389 commodo
3275 336 3598 404 dubia,vilia
3630 351 3685 395 et
3717 347 3891 402 trans-

654 427 709 472 et
731 417 941 471 divitias
968 426 1197 469 internas
1222 420 1596 486 consequaris.
1623 419 1735 473 Non
1770 431 1820 473 te
1843 421 2100 485 detineat,
2143 421 2221 498 'mi
2250 428 2251 431 “

654 504 866 567 dilecte.
894 521 992 560 nec
1019 516 1259 558 moretur
1282 506 1385 559 nlla
1413 510 1626 564 occasio
1656 510 1920 571 carnalis;
1958 510 2080 577 quia
2111 509 2214 581 nti-

649 610 755 661 quc
788 609 887 648 non
916 604 999 648 est
1020 596 1326 661 consilium,
1352 612 1456 651 non
1487 602 1702 668 expedit
1736 601 1931 653 bonmn
1958 588 2217 671 aeternum

650 685 896 753 perdere,
920 696 1008 737 aut
1037 686 1301 747 minuere.
1327 690 1528 751 antvel
1552 689 1766 747 diﬁcrre
1797 705 1893 759 pro
1916 693 2213 760 temporali.

650 775 799 839 Quod
829 776 873 828 si
909 791 1142 844 superna
1169 779 1341 844 gratia
1388 778 1502 842 tibi,
1556 778 1698 843 quod
1746 774 1954 832 utinam
2003 782 2217 835 videant

646 864 784 917 oculi
828 866 954 927 mei,
1011 866 1275 933 inspirare
1314 866 1625 931 dignabitur
1670 870 1964 920 secundum
2006 870 2215 924 deside-

646 952 784 1007 rium
812 972 1010 1019 menm,
1027 969 1081 1009 et
1104 958 1167 1007 al
1195 957 1291 1012 hoc
1314 955 1510 1022 eligere
1531 955 1860 1025 dignabertis
1873 960 2206 1013 consortium

646 1056 697 1098 et
728 1047 1009 1101 consilium
1045 1045 1371 1112 meum,jam
1403 1047 1624 1100 dilatata
1680 1050 1731 1101 in
1761 1050 2040 1117 amplexus
2090 1063 2208 1106 tuos

642 1135 854 1189 obviam
887 1143 1066 1188 cantat
1100 1134 1190 1187 tibi
1215 1135 1392 1187 anima
1431 1150 1546 1189 mea
1573 1154 1586 1186 :
1619 1135 1868 1199 Paratum
1899 1156 1988 1191 cor
2010 1158 2205 1208 meum,

644 1223 834 1275 dilecte
861 1222 954 1287 mi,
982 1235 1223 1285 paratum
1253 1239 1343 1274 cor
1363 1241 1530 1275 meum
1583 1222 1755 1291 (Psal.
1797 1242 1904 1297 Lvt,
1936 1229 2013 1296 8).
2049 1231 2199 1298 Vale,

640 1309 971 1374 dulcissime,
999 1310 1119 1364 vale
1151 1328 1165 1363 :
1204 1320 1257 1363 et
1286 1326 1444 1378 quam
1474 1311 1632 1365 dubia
1675 1322 1728 1367 et
1775 1314 1953 1371 brevis
1995 1320 2065 1374 sit
2101 1323 2206 1376 vita

627 1392 894 1463 ,bominid,
927 1409 981 1453 et
1016 1416 1174 1469 quant
1212 1400 1418 1453 inﬁnita
1448 1412 1572 1454 sunt
1592 1417 1710 1466 qure
1740 1418 2042 1475 sequuntur
2068 1411 2205 1466 bona

638 1485 721 1540 vel
754 1485 913 1563 mala,
938 1488 1267 1543 incessanter
1291 1502 1609 1543 memorare.
1876 1490 1879 1499 '

1144 1594 1475 1651 EPISTOLA
1506 1597 1594 1654 XL
1624 1601 1711 1654 ³³⁸.

1156 1723 1225 1781 ΑΒ
1255 1723 1665 1775 επυεκαληυλη.

632 1814 776 1881 Ipsa,
801 1818 1148 1892 consentiente
1200 1819 1350 1892 viro,_
1381 1832 1586 1874 voverat
1635 1826 2051 1892 continentiam;
2102 1820 2193 1885 sed

698 1900 814 1937 cum
844 1886 922 1938 vir
943 1886 1224 1959 monaclms
1251 1888 1398 1959 pellet
1430 1892 1564 1957 ﬁeri,
1601 1893 1713 1959 ipsa
1753 1893 1854 1949 neu
1882 1910 1985 1950 cut
2019 1886 2043 1950 ε’
2064 1904 2200 1954 unde

697 1968 813 2006 eam
831 1964 1074 2022 precatur
1103 1955 1378 2010 Auselmus
1408 1955 1461 2011 ut
1488 1955 1706 2014 annuat.

698 2059 939 2115 Domina:
968 2063 1020 2115 in
1050 2050 1377 2131 Deodileeta}
1399 2067 1774 2124 Ennaeas”:
1802 2071 1910 2127 ft'at
1945 2077 2198 2131 r'ANSEL-

626 2163 728 2204 Ius
760 2149 928 2205 abbas
956 2152 1134 2217 Becci,
1164 2129 1393 2208 salutein
1427 2166 1481 2209 et
1505 2157 1689 2231 lideles
1715 2163 1991 2220 orationes
2021 2165 2111 2218 ⁸³⁸.

697 2239 956 2304 Quamvis
1010 2255 1103 2295 vos
1146 2257 1252 2295 non
1293 2259 1617 2315 cognoscam
1670 2249 1809 2313 visu,
1851 2259 2025 2307 tamen
2069 2256 2222 2323 quia-

620 2327 736 2395 ejns
765 2329 973 2384 ordinis
997 2346 1116 2385 sum
1170 2334 1261 2401 qui
1292 2336 1544 2390 omnibus
1574 2338 1884 2395 hominibus
1915 2342 2073 2398 debet
2097 2346 2191 2400 be-
2252 2394 2257 2399 .

623 2434 691 2472 ne
717 2419 854 2473 velle
882 2429 939 2474 et
960 2420 1250 2477 salubriter
1284 2426 1589 2491 consulere,
1624 2428 1750 2481 nulli
1786 2430 1979 2484 mirum
2022 2433 2190 2488 videri

619 2509 778 2564 debet
805 2510 849 2565 si
882 2520 1119 2568 vestram
1156 2517 1536 2581 reverentiam,
1592 2519 1884 2593 secundum
1925 2524 2067 2590 quod
2098 2518 2193 2578 au-

621 2599 709 2651 dio
732 2599 1008 2667 expedire,
1023 2615 1360 2657 commoneo.
1387 2604 1598 2668 Audivi.
1617 2596 1935 2663 charissima
1951 2611 2187 2678 domina,
2240 2658 2249 2666 .

618 2687 851 2755 qualiter
876 2689 946 2742 sit
980 2682 1121 2744 inter
1162 2690 1338 2744 virum
1379 2704 1615 2749 vestrum
1653 2697 1707 2750 et
1759 2712 1873 2763 tos,
1936 2702 2187 2769 quoniam

618 2776 870 2832 nobilitas
896 2788 1072 2833 vestra
1101 2794 1207 2833 non
1231 2779 1333 2835 boe
1358 2784 1560 2851 patitur
1584 2782 1867 2851 occultari,
1898 2791 1992 2841 sed
2026 2789 2183 2861 longe

616 2867 829 2937 lateque
855 2867 983 2922 facit
1003 2867 1283 2951 publicari.
1311 2873 1365 2926 In
1393 2887 1497 2943 qua
1520 2889 1577 2929 re
1599 2874 1831 2943 primum
1860 2880 2062 2948 gratias
2084 2887 2185 2951 ago

616 2954 677 3006 Ι).
695 2969 748 3015 ο.
774 2970 803 3008 a
833 2970 943 3024 qtto
962 2967 1043 3010 est
1069 2950 1229 3012 omne
1264 2960 1481 3027 bonum,
1510 2962 1601 3031 qui
1629 2961 1805 3025 eidem
1845 2967 1965 3020 vim
2007 2950 2186 3024 vestro
2213 2960 2258 3023 Ὁ

615 3043 763 3097 dedit
793 3052 941 3097 tanta
965 3041 1263 3101 constantia
1299 3050 1900 3126 temporalem‘gloriant
1946 3065 2186 3109 eontem-

615 3146 765 3198 nere,
789 3142 844 3186 et
868 3132 1015 3187 vobis
1038 3137 1306 3189 concessit
1354 3144 1436 3191 tot
1465 3137 1839 3194 tribulationes
1860 3156 1965 3211 pro
1991 3144 2185 3198 tuenda
2236 3186 2239 3189 ρ

549 3235 551 3239 ‘
615 3220 865 3277 castitate
892 3232 999 3276 tam
1029 3224 1253 3278 viriliter
1277 3224 1542 3282 suﬂerre:
1579 3228 1648 3285 ita
1682 3232 1860 3297 tanien
1918 3242 1975 3286 ut
2011 3233 2100 3287 ille
2126 3234 2181 3288 in

616 3312 735 3378 ipso
756 3313 939 3366 mundi
964 3324 1275 3382 contemptu
1300 3332 1405 3370 non
1427 3318 1543 3386 plus
1565 3319 1998 3389 diligatseipsum
2019 3340 2180 3392 quam

614 3414 733 3463 vos,
765 3415 864 3454 nec
895 3401 1046 3455 vobis
1071 3402 1274 3471 aliquid
1302 3404 1353 3457 in
1386 3405 1488 3460 hoc
1518 3408 1714 3462 mundo
1742 3409 1814 3463 sit
1844 3410 2043 3465 clarius
2065 3413 2175 3468 illo.

613 3489 955 3562 Certe_ambo
983 3494 1033 3546 in
1060 3494 1160 3548 hoc
1184 3494 1292 3548 Dt'o
1319 3505 1375 3549 et
1394 3495 1547 3550 bonis
1574 3499 1877 3557 hominibus
1890 3502 2169 3563 amabiles.

612 3580 769 3632 ambo
796 3582 923 3634 estis
945 3580 1255 3645 laudabiles,
1288 3584 1473 3651 utique
1499 3585 1550 3637 in
1584 3593 1731 3639 tanta
1785 3596 1841 3639 et
1886 3597 1993 3641 tam
2046 3604 2176 3644 vera

610 3679 795 3732 mutua
824 3680 998 3731 vestra
1021 3670 1305 3724 dilectione
1338 3688 1442 3724 non
1478 3681 1587 3725 tant
1640 3687 1864 3742 corpora
1891 3684 2069 3730 vestra
2096 3678 2180 3732 di-

570 3759 778 3829 eligere
805 3760 1054 3814 credendi
1088 3762 1221 3813 ‘eStis
1240 3776 1401 3829 quam
1432 3762 1657 3816 animas.
1681 3763 1917 3832 Corpora
1947 3782 2177 3836 namque

610 3860 789 3900 vestra
834 3848 975 3901 nulla
1030 3863 1180 3910 cuia,
1238 3848 1382 3902 nullo
1410 3848 1593 3904 mutuo
1642 3866 1827 3907 amore
1882 3855 2104 3922 potestis
2142 3872 2174 3912 a

610 3949 784 3992 morte
809 3939 1085 4009 temporali
1113 3940 1357 4007 eripere;
1386 3942 1669 3997 animabus
1704 3958 1831 3997 vero
1859 3944 2072 4011 vestris,
2128 3946 2172 3999 si

608 4031 785 4100 ipsum
810 4042 1045 4085 vestrum
1074 4048 1314 4087 amorem
1360 4050 1546 4104 regere
1586 4036 1758 4102 scitis,
1808 4038 1980 4091 vitam‘
2019 4049 2176 4093 aeter-

608 4136 733 4174 nam
762 4123 988 4189 potestis
1010 4124 1320 4191 acquirere.
1373 4124 1513 4190 Quid
1540 4110 1669 4194 ergo
1700 4135 1801 4191 est,
1843 4126 2040 4180 femina
2096 4145 2175 4182 rc-

607 4212 865 4276 verenda,
900 4200 1094 4266 femina
1125 4211 1361 4283 probata:
1390 4216 1679 4280 castitatis,
1717 4217 1845 4284 quid
1892 4226 1976 4270 est
2027 4220 2189 4285 quod

2325 417 2480 469 itoria
2514 410 2620 470 "tua
2654 421 2919 489 praponis
2942 421 3011 452 ⁸⁸⁸
3038 425 3355 478 commoda?
3405 428 3511 481 Aut
3544 444 3649 498 qua
3678 433 3890 491 ratione

2322 514 2472 576 potes
2492 508 2559 562 ab
2583 523 2648 563 eo
2673 511 2907 581 exigere,
2938 522 2995 567 ut
3026 515 3137 583 ipse
3161 525 3360 570 mterna
3388 518 3527 574 bona
3552 522 3748 579 anima:
3774 539 3889 581 suae

2320 604 2604 667 postponat
2633 601 3013 668 temporalibus
3032 604 3186 658 bonis
3215 608 3458 675 corporis
3482 592 3591 675 tui;
3622 612 3667 666 si
3709 623 3761 668 tu
3786 614 3886 670 bo-

2318 701 2386 738 na
2412 688 2654 755 corporis
2693 689 2766 741 tui
2817 680 3087 759 prazponis
3130 694 3284 749 bonis
3312 696 3505 751 anima:
3532 699 3709 756 illius?
3756 705 3889 762 Vide

2317 776 2794 843 ergo,cbarissima
2823 778 3062 845 domina,
3086 783 3229 851 vide,
3254 784 3408 841 fortis
3428 795 3481 841 et
3506 788 3743 858 prudens
3768 811 3888 850 mu-

2317 861 2438 928 lier,
2465 862 2584 917 vide
2607 864 2652 918 si
2682 864 2784 919 hoc
2810 863 2963 931 facis,
2993 883 3153 936 quam
3184 887 3288 924 non
3348 874 3484 929 bene
3531 892 3688 948 regas
3727 894 3883 937 amo.

2317 967 2427 1005 rem
2460 960 2629 1019 tuum,
2658 969 2818 1022 quam
2845 971 2951 1010 non
2987 965 3131 1012 recte
3155 957 3352 1030 diligas
3386 963 3699 1033 diligentem
3728 977 3781 1023 te
3802 972 3881 1024 vi-

2316 1045 2433 1095 r'um
2462 1050 2630 1098 tuum.
2663 1044 2801 1112 Quid
2826 1048 2869 1100 si
2903 1045 3048 1101 illum
3081 1049 3230 1117 cogis
3276 1060 3337 1105 ut
3369 1054 3640 1110 desiderat
3688 1062 3876 1114 consi-

2313 1131 2440 1186 lium
2473 1134 2668 1187 anima:
2696 1151 2807 1190 sua:
2838 1147 2936 1206 pro
2982 1137 3258 1193 voluntate
3309 1144 3425 1206 tua;
3458 1153 3507 1196 et
3548 1154 3675 1200 tunc
3704 1160 3880 1204 morte

2315 1233 2401 1278 tua
2427 1225 2510 1278 vel
2542 1225 2685 1279 illius
2710 1236 3059 1290 occurrente;
3093 1238 3187 1282 aut
3211 1232 3315 1285 alio
3346 1247 3494 1297 casu,
3542 1236 3681 1290 sicut
3716 1238 3877 1302 solet,

2304 1310 2571 1379 irruente,
2589 1313 2677 1368 ille
2690 1329 2792 1367 non
2807 1308 3237 1382 prosittibi.ettu
3276 1336 3469 1375 noceas
3500 1322 3594 1390 illi;
3621 1326 3803 1395 uzique
3826 1331 3876 1383 si

2311 1416 2473 1456 noces
2488 1402 2679 1455 animae
2692 1397 2853 1466 illius,
2869 1402 3235 1460 noeesanimze
3251 1415 3373 1462 tuae.
3388 1408 3432 1464 Ο
3445 1420 3645 1480 quanto
3662 1417 3871 1481 melius,
3897 1426 3905 1450 ⁵

2321 1496 2615 1546 reverenda
2646 1493 2885 1563 domina,
2908 1504 3115 1563 quanto
3143 1495 3460 1563 laudabilius
3479 1505 3758 1559 ostenditis
3778 1523 3875 1561 vos

2311 1578 2529 1646 diligere
2559 1580 2728 1633 virum
2762 1586 3077 1647 vestrnm,si
3105 1603 3208 1641 non
3231 1589 3750 1660 solnm‘pert'n‘ittitis,
3764 1596 3863 1649 sed

2309 1667 2470 1719 etiam
2495 1661 2840 1725 consulitiset
2853 1670 3073 1741 jnvatis,
3088 1686 3147 1730 ut
3173 1678 3563 1750 quodinctnpit,
3580 1668 3874 1755 Decinspi-

2307 1766 2478 1816 rante,
2507 1750 2607 1813 hoc
2637 1769 2860 1826 conetur
2888 1765 3171 1832 perdicere,
3194 1768 3311 1837 ipso
3336 1770 3623 1840 adiuvante
3648 1791 3662 1827 :
3690 1750 3869 1831 si

2303 1860 2428 1898 num
2460 1845 2599 1902 illius
2645 1850 2897 1916 amando,
2947 1862 3181 1909 vestrum
3224 1856 3425 1923 facitis;
3477 1860 3523 1913 si
3562 1863 3870 1918 certissime

2301 1935 2542 2002 creditis;
2581 1936 2705 2006 quia
2735 1949 2937 2007 quanto
2962 1942 3156 1998 fortius
3179 1955 3399 2016 propter
3425 1943 3664 2006 amorem
3694 1953 3789 2009 Dei
3809 1967 3872 2009 et

2301 2027 2549 2094 proximi,
2575 2025 2867 2083 humanum
2890 2032 3146 2087 auxilium
3173 2036 3461 2103 dimittitis,
3506 2050 3655 2097 tanto
3711 2042 3871 2098 fami-

2298 2113 2486 2169 liarius
2513 2124 2565 2169 et
2587 2118 2829 2172 securius
2856 2134 2951 2175 vos
2980 2120 3176 2189 divinae
3208 2112 3526 2193 protectioni
3556 2130 3863 2185 committi-

2299 2202 2385 2256 tis.
2412 2201 2658 2269 Contidat
2685 2221 2814 2275 ergo
2840 2208 2894 2261 in
2924 2208 3033 2263 Deo
3064 2211 3301 2279 prudens
3324 2214 3327 2217 ’
3351 2216 3527 2271 vestra
3579 2218 3862 2289 fortitudo,
3946 2230 3958 2237 '

2293 2301 2349 2346 et
2371 2292 2524 2349 fortis
2552 2297 2832 2364 prudentia
2855 2316 2881 2361 ,ε
2909 2308 2964 2353 et
2986 2302 3146 2368 sicut,
3207 2304 3250 2357 si
3306 2316 3548 2363 mortuus
3593 2313 3867 2366 esSet‘vir

2294 2383 2403 2449 ifle,
2433 2386 2732 2445 absentiam
2788 2388 2904 2457 ejus
2931 2391 3229 2447 suil‘erretis
3281 2395 3531 2461 nolendo,
3574 2401 3708 2456 sine
3753 2398 3865 2458 ullo

2291 2474 2407 2543 ejus
2435 2484 2491 2529 et
2524 2485 2701 2530 vestro
2722 2477 2991 2546 proficuo;
3026 2481 3095 2534 ita
3124 2480 3251 2535 dum
3290 2481 3443 2550 vivit,
3473 2470 3669 2555 sponte
3713 2490 3859 2546 illam

2295 2564 2524 2619 tolerate
2560 2578 2658 2635 pro
2696 2581 2889 2636 magno
2914 2567 3029 2636 ejus
3056 2579 3110 2623 et
3141 2576 3319 2627 vestro
3358 2576 3598 2643 praamio.
3653 2578 3861 2637 Conce-

2289 2654 2399 2708 dite
2428 2664 2487 2709 ttt
2512 2655 2680 2709 libere
2704 2656 2868 2710 faciat
2913 2661 3053 2728 quod
3082 2659 3370 2725 desiderat,
3403 2673 3670 2732 quatenus
3691 2667 3855 2740 357

2287 2757 2407 2813 cum
2437 2741 2526 2796 illo
2550 2744 2885 2812 participetis
2909 2746 3230 2803 mercedem.
3261 2747 3316 2803 Si
3332 2751 3473 2805 enim
3502 2750 3643 2808 Deus
3666 2769 3855 2811 curam

2286 2831 2429 2901 gerit
2454 2832 2521 2886 de
2549 2832 2724 2887 viduis
2750 2848 2869 2902 qua:
2898 2850 3002 2889 non
3030 2844 3249 2905 propter
3277 2838 3425 2892 illum
3454 2849 3581 2894 sunt
3626 2842 3806 2898 viduae
3832 2862 3848 2897 :

2290 2912 2456 2973 multo
2484 2910 2700 2975 charius
2720 2921 2863 2975 illam
2890 2922 3089 2978 fovebit
3116 2928 3277 2994 quam
3301 2941 3399 2995 pro
3429 2943 3526 2983 suo
3556 2944 3742 2984 amore
3764 2931 3849 2985 vi-

2289 3008 2435 3062 debit
2461 3018 2651 3078 sponte
2675 3010 2910 3067 viduam.
2936 3011 3086 3077 Quod
3112 3014 3155 3066 si
3183 3015 3470 3086 contigerit
3493 3018 3658 3086 (quod
3688 3019 3821 3075 fersi
3845 3046 3855 3059 -
3884 3020 3887 3021 ⁷

2288 3109 2374 3151 tan
2401 3115 2507 3154 non
2531 3100 2656 3169 erit)
2682 3108 2742 3153 ut
2779 3111 3049 3156 terrenum
3079 3105 3312 3171 perdatis
3355 3105 3630 3171 honorem,
3683 3110 3851 3167 nolite

2272 3186 2485 3250 dolere,
2514 3187 2639 3257 quia
2671 3187 2722 3241 in
2752 3188 2895 3243 coelo
2921 3188 3191 3258 recipietis
3234 3191 3533 3246 meliorem.
3590 3194 3658 3249 Et
3698 3207 3849 3252 certe

2282 3276 2426 3343 quod
2451 3291 2479 3328 a
2500 3275 2811 3331 melioribus
2837 3286 2891 3331 et
2912 3279 3324 3345 sapientioribus
3350 3282 3574 3335 multum
3604 3295 3848 3353 eontem-

2284 3365 2449 3429 nitur,
2474 3379 2583 3419 non
2615 3375 2700 3421 est
2728 3366 2953 3422 tnultnm
2980 3366 3288 3433 dolendum,
3324 3371 3369 3424 si
3419 3374 3681 3443 perditur.
3718 3376 3847 3436 Plus

2280 3457 2481 3525 aliquid
2519 3457 2705 3512 vellem
2734 3459 3033 3524 consulere,
3066 3462 3157 3515 sed
3182 3478 3285 3515 non
3335 3466 3534 3531 audeo;
3568 3483 3725 3523 orare
3765 3478 3847 3523 ta-

2281 3559 2403 3599 men
2434 3559 2540 3598 non
2570 3545 2755 3600 timeo.
2791 3546 3143 3619 Omnipotens
3162 3558 3217 3603 et
3241 3542 3548 3609 misericors
3602 3555 3744 3621 Deus
3766 3559 3843 3613 ita

2279 3633 2370 3687 det
2395 3634 2487 3687 tibi
2512 3634 2691 3699 mundi
2715 3634 3096 3704 contemptum,
3134 3638 3277 3693 sicut
3302 3630 3449 3695 dedit
3477 3643 3593 3697 viro
3624 3654 3839 3710 tuo;-ut

2278 3723 2330 3774 in
2356 3722 2561 3775 cmlesti
2592 3737 2757 3793 regno
2784 3739 2883 3793 par
2904 3726 2985 3780 sis
3004 3727 3121 3783 viro
3145 3736 3234 3783 tuo
3263 3730 3419 3786 soror
3446 3740 3503 3786 et
3530 3733 3837 3791 Domina'in

2278 3814 2385 3867 Den
2414 3812 2629 3867 dilecta.
2796 3837 2801 3841 -
2950 3852 2955 3858 .

2746 3903 3075 3959 EPISTOLA
3112 3905 3225 3961 XLI
3252 3908 3340 3961 δ”.
3388 3930 3394 3937 ν

2851 4011 2918 4049 ΑΒ
2965 4011 3257 4050 ῖιιεοκευ.
3337 4032 3339 4041 ς

2277 4083 2348 4135 De
2378 4083 2666 4146 Iloscelino,
2712 4086 2799 4153 qui
2846 4085 3201 4153 Lanfraucum
3237 4096 3285 4140 el
3321 4089 3620 4143 Anselmum
3656 4109 3828 4148 serunt

2338 4155 2527 4206 sentire
2575 4155 2775 4206 dieeimt
2809 4156 2862 4207 in
2895 4154 3003 4207 Deo.
3047 4171 3156 4209 esse
3198 4166 3300 4208 tres
3349 4174 3451 4222 res,
3490 4170 3536 4211 et
3585 4177 3697 4215 vere
3724 4163 3830 4216 dici

2342 4238 2487 4289 posse
2509 4233 2621 4283 tres
2642 4226 2779 4275 deos.
3742 4237 3748 4241 '

589 4308 659 4369 te
687 4300 823 4369 cogit
857 4280 1325 4369 impedirevvirum
1358 4311 1532 4367 tuum,
1567 4306 1635 4356 ne
1687 4303 1921 4371 perfecte
1963 4314 2172 4373 qurerat
2200 4280 2247 4337 θ
2348 4310 2573 4362 Domino
2593 4320 2647 4363 et
2678 4312 2849 4365 am'eo
2877 4312 3212 4377 ebarissimo,
3254 4318 3548 4370 reverenda
3582 4319 3832 4390 episeopo
3862 4342 3869 4347 ·

603 4390 831 4445 Salutem
864 4390 1056 4443 animae
1078 4406 1206 4453 sum,
1235 4406 1523 4460 quamnon
1566 4393 1744 4446 minus
1772 4392 1960 4463 deligis
2005 4410 2166 4462 quam

606 4480 784 4532 tuam?
806 4479 1120 4535 Nullatenus
1167 4482 1309 4534 enim
1340 4484 1441 4553 vel,
1471 4482 1814 4550 cogitandum
1862 4494 1942 4537 est
1980 4494 2036 4538 ut
2067 4486 2168 4538 boc

603 4571 771 4624 facias
812 4580 1031 4641 propter
1078 4572 1236 4623 vilem
1299 4572 1479 4624 carnis
1510 4572 1949 4636 delectationem,
2002 4589 2160 4642 quam

603 4672 829 4727 tantum,
856 4668 1134 4730 postquam
1160 4665 1273 4730 ipse
1302 4678 1333 4715 a
1367 4672 1417 4714 tc
1448 4663 1719 4726 discessit,
1751 4664 2119 4733 contempsisti
2148 4683 2161 4717 :

599 4761 657 4804 ut
681 4767 744 4805 ne
769 4754 940 4804 virum
973 4754 1197 4805 alterum
1226 4753 1551 4821 susciperes,
1607 4767 1729 4806 cum
1776 4755 1918 4807 hunc
1965 4754 2164 4808 habere

602 4859 705 4895 non
735 4859 936 4910 posses,
968 4844 1161 4895 multas
1188 4858 1362 4911 passa:
1398 4843 1474 4897 sis
1530 4844 1920 4913 tribulationes,
1970 4847 2169 4909 multas

601 4936 871 5000 t-eSpneris
926 4936 1316 5003 persuasiones.
1358 4930 1521 5002 Quod
1560 4937 1603 4990 si
1664 4936 1875 4991 detines
1925 4938 2158 4991 animum

597 5023 714 5090 ejus
735 5040 763 5073 a
793 5024 981 5076 salutis
1004 5040 1110 5077 sine
1139 5026 1401 5094 profectu,
1429 5037 1648 5095 propter
1674 5028 1905 5097 gloriam
1928 5038 1982 5082 et
2011 5043 2158 5083 com-

600 5118 753 5170 moda
786 5118 1093 5181 temporalia
1132 5135 1245 5185 qn;e
1268 5136 1438 5183 amas,
1465 5130 1517 5174 ct
1538 5138 1656 5189 qua:
1683 5133 1731 5176 te
1749 5134 1849 5190 per
1872 5123 2016 5176 illum
2041 5139 2159 5192 spe-

599 5223 687 5259 ras
714 5222 877 5275 posse
900 5208 1131 5261 retinere
1166 5228 1177 5262 :
1212 5213 1477 5278 quomodo
1512 5214 1686 5281 diligis
1714 5215 1945 5266 animam
1990 5214 2153 5278 illam,
2196 5288 2205 5299 ο

2276 4400 2581 4454 BelvacenSi
2624 4400 2855 4455 Fuccom
2904 4401 3072 4455 frater
3116 4402 3395 4459 ANSELIUS
3436 4405 3611 4469 dictus
3662 4409 3829 4463 abbas

2274 4488 2450 4552 Becci,
2475 4490 2721 4543 salutent.
3305 4568 3307 4570 η

2341 4582 2514 4634 Audio
2546 4580 2708 4649 (quod
2731 4590 2915 4647 tamen
2947 4581 3148 4650 absque
3178 4582 3450 4638 dubietate
3471 4589 3691 4640 credere
3720 4603 3826 4642 non

2267 4671 2509 4742 possum)
2536 4673 2659 4739 quia
2698 4670 3013 4724 Roscelinus
3055 4673 3283 4729 clericus
3311 4676 3441 4727 dicit
3483 4676 3535 4727 in
3578 4675 3685 4730 Deo
3715 4686 3825 4732 tres

2266 4747 2527 4833 personas
2543 4776 2671 4815 esse
2714 4771 2835 4839 tres
2877 4776 2963 4814 res
2995 4762 3061 4814 ab
3088 4762 3313 4816 invicem
3355 4772 3655 4831 separatas.
3684 4746 3823 4819 sicut
3894 4832 3895 4837 η

2264 4863 2388 4907 sum
2438 4860 2547 4905 tres
2589 4850 2795 4918 angeli,
2830 4851 2899 4903 ita
2934 4862 3110 4903 tamen
3149 4860 3206 4903 nt
3252 4868 3351 4904 una
3402 4853 3479 4917 sit,
3504 4855 3746 4907 voluntas
3766 4865 3824 4907 et

2265 4953 2501 5013 potestas
2533 4959 2545 4995 :
2580 4951 2671 4993 aut
2708 4940 2919 4993 Patrem
2959 4951 3015 4994 et
3040 4940 3297 5008 Spiritum
3322 4950 3563 4994 sanctum
3595 4956 3713 4995 esse
3735 4941 3820 4996 in-

2266 5042 2563 5096 carnatum,
2591 5040 2645 5086 et
2680 5040 2787 5083 tres
2828 5032 2954 5084 deos
2992 5044 3117 5097 vere
3154 5036 3310 5098 posse
3336 5030 3441 5083 dici
3476 5032 3519 5084 si
3553 5046 3679 5085 usus
3720 5029 3816 5083 atl-

2268 5124 2523 5175 mitleret.
2563 5120 2618 5174 lu
2674 5135 2778 5186 qua
2822 5121 3087 5174 sententia
3116 5120 3309 5173 asserit
3336 5119 3656 5174 venerabilis
3700 5135 3815 5173 me-

2265 5211 2448 5265 moria:
2478 5209 2938 5277 archiepiscopum
2979 5208 3333 5264 Lanfraneum
3382 5208 3571 5275 fuisse,
3623 5216 3681 5264 et
3726 5224 3815 5263 me

1873 5347 2098 5401 VARle
2136 5342 2530 5401 LECTIONES.

667 5452 735 5483 δοῖ
760 5450 959 5503 (Iollam
980 5471 1090 5505 ctnn
1114 5457 1289 5508 eodem
1326 5472 1421 5507 ms.
1496 5457 1577 5529 ⁵³⁸7
1603 5458 1664 5510 Et
1695 5456 1899 5511 fidelem
1923 5457 2217 5511 orationem
2239 5472 2336 5509 ms.
2360 5463 2414 5509 et
2450 5450 2634 5508 ﬁdeles
2657 5450 2925 5528 orationes
2997 5451 3065 5481 m
3096 5450 3354 5521 ΡιὈροηὶε
3399 5465 3496 5503 πιθα
3541 5446 3810 5519 ιπωροηῑε

597 5517 664 5548 δ”
699 5522 901 5575 Collum
950 5537 1059 5573 cum
1110 5528 1281 5577 eodem
1332 5543 1428 5577 ms.
