4214 6192
375 208 516 263 H93

1640 193 1767 250 LII}.
1806 194 1870 258 Il,
1913 189 2127 246 EPIST.
2171 184 2308 245 Χιιι

3445 180 3578 237 ΗΜ

374 331 516 372 esse.
547 316 879 385 Quapropter
893 311 1089 365 dictant
1113 314 1194 363 est
1220 306 1503 362 concilium
1523 306 1634 374 (3t)
1654 322 1682 356 a
1706 319 1924 356 venera-
1952 307 2000 363 Α
2032 301 2167 355 mitti
2199 300 2447 366 deposco.
2478 298 2623 363 Quae.
2671 296 2714 350 si
2762 296 2898 349 ratio
2928 295 3156 347 nominis
3186 295 3286 347 mei
3324 295 3581 362 exegerit~

376 405 593 475 bili(5l)
621 401 870 456 “emensi
891 396 1289 467 archiepiscopo
1306 395 1562 447 Rainaldo
1575 391 1926 460 colligendum
1961 414 1965 420 ν

377 508 497 547 esse
553 492 605 545 in
641 489 907 557 proximo.
939 487 1198 551 Quoniam
1241 498 1366 551 ergo
1394 492 1521 549 puto
1553 479 1927 533 Reverentiam

376 588 609 633 vestram
628 577 700 630 ibi
726 583 1036 644 prasentem
1062 570 1325 633 futuram;
1358 568 1477 622 volo
1502 577 1559 621 ut
1579 567 1835 620 instructa
1861 564 1930 617 sit

378 667 505 735 quid
548 681 645 733 pro
697 679 782 718 me
828 662 1152 730 respondere
1183 657 1403 722 debeat,
1440 656 1483 709 si
1525 657 1664 709 ratio
1694 652 1932 722 exegerit

375 755 837 823 archiepiscopum
872 750 1085 819 quidem
1110 746 1465 801 Lanfraneum
1495 745 1601 797 vita
1628 743 1762 813 ejus,
1796 741 1932 796 mul-

378 845 445 898 tis
470 842 731 911 religiosls
748 848 802 893 et
828 837 1155 906 sapientibus
1179 833 1311 887 viris
1333 841 1456 886 nota
1471 831 1603 900 (32),
1627 830 1751 911 quia
1775 828 1839 881 de
1864 842 1930 880 eo

376 950 649 1004 nunquam
678 930 876 1000 aliquid
910 929 1015 983 tale
1043 927 1242 989 sonuit,
1284 924 1351 977 ab
1394 924 1495 976 hoc
1521 905 1748 975 crimine
1796 918 1930 971 satis

378 1031 593 1078 excusat
616 1030 669 1075 et
694 1018 933 1074 absentia
958 1025 1013 1070 et
1034 1028 1177 1066 mors
1200 1011 1314 1077 ejus
1335 1025 1546 1064 onmem
1568 1009 1635 1061 de
1657 1018 1930 1089 eo'novam

379 1109 771 1169 accusationem
825 1113 1058 1161 recusat.
1092 1100 1168 1155 De
1203 1116 1289 1155 me
1333 1108 1509 1152 autem
1560 1099 1700 1151 hanc
1742 1109 1927 1147 veram

373 1197 831 1255 omneshomines
876 1192 1075 1245 habere
1106 1188 1228 1240 volo
1263 1185 1603 1241 sententiam.
1637 1181 1729 1235 Sic
1774 1189 1927 1235 teneo

372 1305 437 1343 ea
461 1303 579 1356 quae
606 1284 921 1340 conﬁtemur
943 1280 995 1332 in
1017 1275 1289 1346 Symbolo,
1318 1289 1437 1327 cum
1468 1272 1692 1327 dicimus
1718 1285 1731 1320 :
1764 1268 1929 1321 Credo

372 1379 427 1430 in
478 1376 640 1427 Deum
687 1373 896 1425 Patrem
941 1366 1359 1434 omnipotentem,
1394 1370 1674 1415 creatorem
1727 1356 1839 1411 cali
1881 1364 1933 1410 et

374 1473 545 1515 terrce.
574 1460 639 1513 Et
658 1476 669 1511 :
685 1458 850 1512 Credo
867 1457 918 1510 in
943 1470 1100 1507 unum
1121 1452 1281 1505 Deum
1302 1448 1512 1501 Patrem
1534 1447 1930 1519 omnipotentem

379 1551 632 1618 {actorem
684 1545 796 1599 caeli
838 1554 886 1597 et
924 1553 1095 1597 terrae.
1124 1540 1237 1594 Et:
1273 1539 1574 1607 Quicunque
1617 1535 1722 1589 vult
1751 1533 1931 1587 salvus

2030 388 2083 441 in
2112 392 2274 441 totius
2301 396 2594 439 conventus
2647 385 2915 438 audientia
2962 384 3232 451 legantur;
3276 385 3357 437 sin
3386 393 3587 445 autem,

2028 491 2134 531 non
2166 476 2266 529 erit
2297 489 2431 544 opus
2455 464 2514 526 ui
2539 473 2781 538 legantur
2809 473 2898 523 5”.
2942 472 3127 525 Valete

2493 562 2822 617 EPISTULA
2862 561 2997 614 XLII
3032 561 3120 612 W.

2577 650 2642 685 AD
2680 642 3043 684 LANFRANCUM.

2032 722 2185 789 Quod
2207 733 2387 776 contra
2416 723 2727 775 uoluntatem
2775 718 3145 786 consiliumque
3170 718 3265 789 sui
3294 715 3497 789 praelati
3540 716 3592 766 in

2100 791 2333 845 abbatem
2354 792 2546 842 assumi
2570 790 2857 842 consentire
2871 803 3122 854 nusquam
3144 786 3377 839 debuerit
3408 800 3426 836 :
3452 800 3595 854 cum;-

2096 875 2195 940 que
2222 875 2322 940 non
2349 858 2612 940 intraverit
2637 873 2725 918 per
2743 852 3085 909 obedientiam
3117 856 3409 907 nullatenus
3438 855 3502 905 sit
3530 852 3593 903 ab

2099 927 2208 993 ipso
2239 927 2630 997 benedicendus.
3294 952 3295 955 η

2099 1010 2293 1068 Frater
2317 1014 2619 1078 Aristaenus,
2654 1012 2897 1081 quamvis
2929 1012 3207 1083 indignus,
3232 1018 3404 1065 tamen
3430 1010 3595 1065 abbas

2030 1102 2346 1155 monasterii
2407 1102 2710 1163 Bccccnsis,
2759 1102 2911 1155 fratri
2957 1100 3593 1165 LANFRASCtI,IIlOIl1iCIl0

2030 1190 2267 1258 ejusdem
2295 1189 2551 1253 cmnobii,
2577 1188 2846 1243 declinare
2868 1204 2896 1241 a
2925 1188 3065 1241 malo
3086 1197 3142 1241 et
3172 1189 3346 1243 facere
3372 1189 3593 1242 bonum.

2102 1274 2214 1347 Ego
2244 1278 2413 1331 frater
2448 1279 2737 1339 Anselmus
2760 1277 2811 1332 in
2842 1278 3004 1331 Deum
3038 1277 3261 1331 dilector
3288 1289 3430 1343 tuus,
3466 1278 3607 1347 ﬁdei

2032 1367 2099 1421 Iis
2148 1366 2495 1421 consiliarius
2540 1372 2695 1428 tuus,
2742 1364 2939 1420 divlna-
2992 1365 3342 1433 dispositione
3397 1376 3451 1419 et
3506 1378 3599 1418 tua

2032 1456 2294 1511 electione
2316 1455 2483 1510 abbas
2516 1440 2656 1521 tuus,
2707 1442 2835 1517 tibi,
2870 1456 3035 1509 frater
3066 1454 3387 1521 Lanfrance,
3419 1458 3472 1508 in
3504 1470 3600 1508 no-

2033 1548 2179 1600 mine
2208 1547 2419 1600 Domini
2457 1546 2625 1600 nostri
2654 1544 2779 1622 Jesu
2807 1544 3006 1600 Christi
3042 1560 3255 1612 moneo,
3283 1545 3507 1600 consulo
3547 1553 3602 1597 ct

373 1656 502 1703 csse,
530 1647 647 1691 ante
674 1635 848 1690 omnia
873 1650 1001 1702 opus
1026 1641 1099 1686 est
1135 1641 1190 1683 ut
1217 1638 1384 1683 tenent
1409 1626 1717 1680 catholicon:
1740 1624 1894 1693 [idem
1912 1664 1926 1688 ,

2022 1638 2289 1707 praecipio
2313 1639 2379 1690 ἰιι
2445 1620 2728 1705 plusquam
2778 1635 2858 1690 bis
2898 1644 2990 1689 aut
3048 1642 3132 1688 ter
3178 1635 3386 1691 intente
3427 1635 3601 1705 perle-

375 1744 430 1785 et
474 1746 535 1783 ea
569 1743 689 1798 quae
732 1733 1050 1794 sequuntur.
1100 1721 1225 1775 Haac
1269 1720 1373 1773 tria
1431 1716 1750 1771 Christianae
1803 1730 1928 1768 con-

376 1816 624 1871 fessionis
653 1814 722 1846 m
752 1813 1031 1882 principia,
1063 1824 1179 1877 qua:
1212 1807 1300 1861 hic
1340 1804 1599 1874 prarposui
1629 1803 1716 1864 ⁸³³,
1746 1802 1825 1856 sic
1850 1802 1931 1854 in-

374 1920 561 1973 quam,
584 1903 697 1957 haec
722 1914 775 1956 et
801 1901 966 1955 corde
999 1898 1159 1952 credo
1184 1906 1239 1950 et
1256 1910 1351 1949 ore
1377 1893 1636 1950 conﬁteor
1662 1899 1723 1945 ut
1750 1898 1929 1944 certus

298 2044 301 2049 ,
376 1994 478 2046 sim
504 1993 628 2059 quia
656 1989 959 2057 quicunque
991 1986 1181 2053 borum
1224 1981 1423 2049 aliquid
1455 1994 1653 2048 negare
1675 1977 1925 2041 voluerit,

374 2085 431 2133 et
458 2078 773 2132 nominatim
811 2076 1116 2143 quicunque
1146 2069 1555 2137 blasphemiam,
1582 2081 1742 2135 quam
1767 2078 1925 2133 supra

326 2196 329 2197 ν
376 2168 530 2235 posui
554 2165 869 2219 meaudisse
890 2180 919 2215 ει
944 2160 1228 2217 Roscclino
1254 2159 1381 2223 dici,
1416 2173 1511 2226 pro
1532 2158 1760 2210 veritate
1783 2170 1929 2209 asse-

378 2257 565 2319 ruerit,
602 2257 716 2309 sive
743 2255 923 2316 homo,
968 2252 1080 2307 sive
1128 2249 1369 2318 angelus,
1404 2248 1687 2301 anathema
1723 2254 1840 2307 est;
1872 2253 1929 2299 et

358 2342 748 2399 'couﬁrmando
776 2342 971 2403 dicam,
996 2340 1224 2408 quandiu
1272 2340 1323 2391 iu
1352 2339 1453 2391 hac
1490 2336 1782 2404 perstiterit
1808 2350 1927 2403 per-

376 2435 594 2495 tinacia,
622 2433 901 2485 anathema
924 2430 1010 2483 sit.
1036 2428 1267 2483 Omnino
1295 2427 1436 2480 enim
1462 2424 1798 2480 Christianus
1818 2438 1923 2477 non

372 2530 478 2575 cst.
507 2520 655 2584 Quod
701 2519 746 2571 si
783 2517 1082 2586 baptizatus
1107 2525 1162 2569 et
1192 2515 1335 2567 inter
1358 2513 1694 2568 Christianos
1724 2522 1805 2567 est
1829 2529 1925 2565 nu-

375 2611 570 2674 tritus,
588 2608 730 2663 nullo
756 2610 913 2662 modo
934 2605 1231 2659 au‘diendus
1258 2614 1372 2667 est;
1405 2619 1506 2658 nec
1533 2604 1637 2656 ulla
1670 2604 1806 2657 ratio
1833 2612 1926 2656 aut

373 2701 456 2754 sui
480 2699 682 2753 erroris
703 2706 786 2752 cst
815 2696 882 2749 ab
905 2695 997 2749 illo
1024 2694 1301 2762 exigenda,
1334 2701 1422 2747 aut
1462 2701 1660 2748 nostrae
1684 2692 1924 2746 veritatis

374 2789 447 2842 illi
475 2796 559 2842 est
597 2786 926 2851 exhibenda;
968 2786 1011 2839 si
1045 2799 1188 2849 mox,
1227 2793 1285 2837 ut
1318 2783 1431 2851 ejus
1466 2784 1689 2853 perﬁdia
1722 2783 1923 2850 absque

373 2876 646 2929 dubietate
704 2872 1016 2937 innotuerit,
1067 2871 1606 2926 autanathematizet
1658 2886 1920 2925 venenum

2031 1741 2127 1796 gas
2179 1726 2316 1779 hanc
2377 1724 2585 1779 ﬁdelem
2630 1724 2913 1793 epistolam
2964 1738 3164 1787 meam,
3218 1734 3271 1778 et
3319 1725 3459 1778 inter
3504 1740 3600 1779 cor

2030 1824 2179 1867 tuum
2228 1815 2487 1869 assistens
2541 1829 2721 1868 coram
2773 1814 3021 1868 districto
3070 1812 3285 1879 judice,
3341 1814 3392 1867 in
3447 1814 3601 1881 cujus

2028 1911 2316 1971 conspectu
2345 1917 2560 1971 semper
2584 1919 2661 1967 es,
2698 1912 2997 1972 pertractes
3048 1904 3210 1957 verba
3237 1913 3290 1956 et
3313 1904 3597 1958 consilium

2030 2004 2229 2042 meum.
2259 1988 2411 2054 Quod
2449 1992 2493 2043 si
2524 1992 2705 2059 aliquo
2747 1991 2903 2045 modo
2946 1992 3144 2045 factum
3177 1992 3336 2045 fuerit
3366 2001 3422 2044 at
3460 1992 3600 2045 alius

2028 2076 2195 2136 illaut,
2229 2084 2281 2127 te
2335 2090 2440 2128 non
2482 2077 2732 2131 habente.
2789 2087 2882 2134 aut
2926 2078 3105 2145 legere
3158 2079 3391 2132 nolente.
3432 2078 3593 2146 legat,

2027 2164 2215 2233 adjuro
2239 2183 2360 2221 eum
2394 2180 2489 2233 per
2511 2168 2933 2233 omnipotentem
2966 2167 3131 2221 Deum
3166 2175 3224 2221 ut
3251 2181 3354 2219 non
3383 2169 3599 2222 subtra-

2027 2256 2119 2310 hat
2154 2258 2346 2311 anima:
2386 2265 2490 2309 tuas
2531 2256 2743 2308 salubre
2780 2256 3092 2319 consilium;
3149 2259 3240 2310 sed
3296 2260 3434 2310 hanc
3462 2273 3597 2325 pra:-

2026 2347 2247 2399 missam
2290 2361 2463 2399 meam
2496 2344 2789 2410 iussionem
2849 2346 2967 2408 tibi,
3015 2356 3106 2399 aut
3134 2350 3379 2400 audienti
3402 2357 3486 2399 aut
3522 2349 3594 2401 lc-

2025 2434 2169 2503 genti
2193 2434 2491 2501 aperial,'et
2514 2436 2681 2502 ipsam
2704 2434 2981 2502 epistolam
3009 2443 3172 2488 totam
3198 2436 3290 2487 tibi
3314 2436 3591 2504 legendam

2024 2526 2275 2601 exhibeat
2302 2543 2315 2578 :
2348 2525 2485 2594 quod
2535 2526 2578 2578 si
2607 2524 2787 2581 facere
2815 2526 3068 2588 uoluerit,
3124 2537 3402 2595 peccatum
3444 2538 3592 2581 tuum

2025 2617 2091 2669 ab
2117 2616 2204 2668 illo
2233 2616 2471 2684 requirat
2494 2614 2650 2679 Deus,
2681 2616 2752 2673 ita
2776 2624 2835 2668 ut
2863 2615 3004 2668 nulla
3030 2616 3099 2670 sit
3123 2619 3400 2671 excusatio
3433 2618 3481 2669 in
3508 2618 3593 2669 die

2024 2704 2365 2758 revelationis
2432 2702 2564 2771 justi
2606 2701 2795 2770 judicii
2849 2704 2965 2759 Dei.
3019 2706 3319 2772 Antequam
3394 2705 3590 2757 donum

2022 2794 2251 2846 abbatize
2281 2792 2352 2824 5°“
2384 2795 2683 2861 acciperes,
2737 2793 2979 2847 dicebam
3015 2793 3105 2851 tibi
3152 2805 3206 2847 et
3236 2795 3354 2847 aliis
3384 2803 3591 2848 secrete

2022 2891 2077 2935 et
2100 2881 2328 2950 publice,
2357 2883 2516 2935 corde
2545 2890 2599 2935 et
2625 2896 2739 2945 ore,
2778 2897 2862 2934 me
2899 2881 3037 2935 nolle
3070 2892 3126 2933 ut
3157 2883 3457 2950 acciperes;
3484 2899 3588 2934 non

370 2964 512 3033 ιιιιοι]
544 2964 859 3031 proferendo
901 2962 1166 3023 θνοιιιιιίι,
1199 2967 1291 3012 aut
1330 2959 1807 3013 anathematizetur
1855 2959 1921 3013 ab
1949 2940 1993 3000 C
2025 2971 2341 3037 approbare,
2388 2986 2494 3025 non
2543 2968 2824 3025 consulere
2868 2984 3136 3037 nunquam
3165 2972 3271 3035 {me
3312 2986 3428 3024 esse
3456 2986 3589 3038 pra-3.

371 3053 620 3107 omnibus
646 3048 1067 3111 Catholicis,nisi
1099 3046 1397 3115 resipuerit.
1424 3046 1920 3114 Insipientissimum

372 3140 517 3191 enim
550 3148 603 3190 et
637 3136 949 3191 infrunitnm
996 3136 1066 3165 '°°
1094 3143 1197 3195 est,
1240 3143 1456 3201 propter
1490 3146 1919 3200 unumquemque

370 3210 476 3283 non
511 3227 891 3295 intelligentem
922 3224 1062 3292 quod
1108 3238 1268 3291 supra
1310 3223 1518 3313 ﬁrmam
1552 3231 1759 3289 petram
1790 3221 1918 3274 soli-

280 3324 289 3331 “
371 3317 591 3370 dissime
615 3315 888 3368 fundatum
910 3322 1023 3379 est,
1060 3312 1111 3365 in
1158 3310 1459 3364 nutantium
1482 3311 1821 3379 questionum
1848 3310 1915 3341 ⁸⁶¹
1948 3316 1951 3319 ’

374 3420 627 3461 revocare
650 3405 995 3458 dubietatem.
1023 3392 1179 3456 Fides
1200 3402 1339 3455 enim
1369 3412 1555 3457 nostra
1581 3408 1771 3457 contra
1818 3402 1920 3455 im-

371 3495 489 3564 pios
518 3490 1079 3546 ratione-defendenda
1105 3499 1214 3552 est;
1266 3504 1369 3542 non
1392 3496 1578 3542 contra
1602 3504 1694 3542 eos
1723 3490 1810 3556 qui
1859 3504 1918 3541 se

370 3581 661 3637 Christiani
690 3570 920 3634 nommis
961 3580 1159 3633 honore
1184 3578 1416 3646 gaudere
1446 3578 1697 3631 fatentur.
1728 3578 1806 3632 Ab
1834 3578 1919 3631 his

367 3671 510 3725 enim
525 3668 669 3736 juste
690 3662 1003 3737 exigendum
1024 3677 1105 3722 est
1127 3676 1182 3721 ut
1200 3667 1500 3721 cautionem
1528 3668 1577 3720 in
1603 3669 1920 3735 baptismate

371 3760 567 3814 factam
601 3760 917 3817 inconcusse
948 3766 1189 3821 teneant;
1233 3758 1341 3810 illis
1365 3772 1491 3811 vero
1528 3758 1920 3810 rationabiliter

368 3847 758 3903 ostendendum
784 3855 867 3900 est
888 3861 1047 3914 quam
1078 3845 1511 3900 irrationabiliter
1553 3861 1650 3900 nos
1678 3859 1918 3911 contem:-

370 3943 521 3991 nant.
568 3933 703 3988 Nam
763 3932 1095 3988 Christianus
1162 3948 1258 4002 per
1305 3933 1473 3987 ﬁdem
1517 3932 1676 3989 debet
1721 3936 1788 3987 ad
1838 3934 1922 3987 in-

374 4025 644 4078 tellectum
687 4023 968 4092 proﬁcere,
1002 4035 1103 4074 non
1130 4036 1224 4090 per
1269 4022 1596 4077 intellectum
1646 4023 1713 4075 ad
1759 4023 1917 4076 ﬁdem

370 4116 656 4178 accedere;
686 4122 778 4167 aut
809 4113 853 4169 si
903 4112 1195 4180 intelligere
1244 4129 1348 4166 non
1384 4113 1543 4177 valet,
1569 4130 1595 4166 a
1626 4113 1728 4167 ﬁde
1772 4128 1921 4167 rece-

366 4207 515 4263 dere.
545 4205 649 4260 Sed
676 4220 793 4259 cum
825 4205 891 4259 ad
930 4204 1255 4257 intellectum
1299 4203 1439 4256 valet.
1476 4206 1798 4273 pertingere,
1828 4205 1919 4257 de-

372 4294 625 4355 Iectatur;
657 4308 775 4347 cum
802 4298 929 4345 vero
956 4290 1159 4358 nequit,
1190 4292 1331 4358 quod
1357 4306 1550 4359 capere
1582 4308 1685 4345 non
1716 4302 1912 4361 potest,

310 4390 313 4395 '
370 4390 671 4435 veneratur.
706 4378 811 4433 llas
835 4391 1009 4433 autem
1036 4388 1246 4433 nostras
1272 4379 1475 4447 litteras
1502 4382 1568 4435 ad
1598 4384 1913 4450 praedictum

370 4471 707 4527 conciliuma
736 4480 909 4525 vestra
959 4470 1239 4524 sanctitate
1283 4471 1511 4538 portari;
1553 4480 1645 4527 aut
1686 4475 1730 4527 si
1779 4474 1915 4530 forte

372 4575 475 4615 non
523 4560 749 4626 iveritis,
780 4574 873 4627 per
905 4559 1133 4629 aliquem
1165 4559 1231 4613 de
1263 4559 1457 4614 vestris
1504 4561 1808 4618 litterarum
1843 4567 1913 4597 σοι

2021 3070 2300 3127 cepturum
2338 3079 2350 3113 :
2383 3070 2437 3113 et
2463 3060 2505 3114 si
2551 3061 2667 3114 sine
2705 3060 2948 3126 jussionc
2978 3076 3091 3113 mea
3129 3062 3420 3128 acciperes,
3453 3076 3589 3114 nun-

2020 3162 2179 3214 quam
2229 3160 2279 3200 te
2332 3148 2758 3201 benedictionem
2804 3147 3014 3201 abbatis
3056 3147 3123 3200 ab
3172 3130 3276 3200 ullo
3332 3152 3583 3217 episc0po

2021 3251 2140 3290 meo
2169 3252 2390 3292 assensu
2422 3253 2544 3292 esse
2570 3249 2935 3307 accepturum.
2972 3238 3036 3290 Et
3065 3247 3239 3291 tamen
3274 3238 3584 3307 nescioquo

2019 3341 2250 3394 superno
2273 3327 2479 3394 judicio
2503 3328 2781 3381 celabatur
2812 3327 2939 3379 mihi
2968 3327 3094 3393 quid
3126 3342 3381 3380 sensurus
3410 3342 3583 3391 eram,

2022 3432 2144 3471 cum
2175 3417 2313 3470 idem
2344 3417 2541 3470 donum
2587 3417 2883 3484 acciperes.
2935 3418 3039 3471 Sed
3064 3428 3347 3486 postquam
3385 3420 3585 3473 factum

2018 3513 2101 3558 est
2129 3506 2308 3558 subito
2337 3521 2394 3558 se
2429 3506 2651 3572 ingessit
2694 3506 2840 3560 cordi
2881 3522 3000 3560 nico
3044 3523 3205 3575 grave
3229 3510 3436 3575 pondus
3486 3510 3585 3571 rei,

2018 3604 2071 3649 et
2097 3596 2307 3663 aperuit
2333 3610 2391 3647 se
2416 3595 2655 3648 terribile
2698 3596 2957 3662 judicium
2997 3599 3084 3650 llei
3123 3615 3139 3650 :
3173 3600 3361 3652 Audivi
3384 3610 3432 3653 et
3455 3615 3582 3652 con-

2017 3684 2253 3735 turbatus
2325 3692 2397 3735 est
2449 3693 2618 3735 venter
2689 3700 2860 3747 meus,
2915 3685 3235 3743 considerari
3288 3696 3336 3739 et
3396 3686 3582 3754 expari

2017 3772 2244 3841 (Nubae.
2278 3787 2356 3835 Ill,
2391 3775 2499 3839 16).
2549 3772 2839 3826 Conlritmn
2869 3783 2940 3827 est
2983 3791 3073 3827 cor
3112 3792 3281 3829 meum
3329 3778 3582 3830 in'meato

2016 3862 2136 3924 mei,
2169 3871 2584 3915 contremuerunt
2631 3865 2805 3915 omnia
2842 3852 2960 3916 ossa
3003 3881 3113 3916 mea
3144 3866 3277 3933 (Jer.
3314 3882 3469 3930 XXIII,
3500 3867 3578 3936 9).

2012 3951 2171 4005 Sensi
2205 3943 2316 4005 rem
2348 3950 2717 4005 detestabilem
2764 3966 2881 4005 esse
2933 3966 3113 4005 coram
3166 3954 3292 4018 Deo,
3317 3962 3371 4007 et
3400 3969 3584 4009 coram

2017 4042 2267 4095 omnibus
2306 4025 2620 4096 illutniuatis
2665 4044 2730 4097 ab
2762 4058 2848 4098 eo.
2884 4042 3033 4098 Unde
3060 4044 3201 4111 quod
3232 4045 3399 4098 tristis
3427 4046 3580 4109 dico,

2021 4139 2073 4183 tu
2099 4131 2350 4197 primum.
2380 4142 2431 4185 et
2464 4148 2561 4199 per
2591 4142 2641 4186 te
2682 4141 2825 4184 totus
2866 4142 3046 4201 noster
3075 4134 3228 4191 ordo.
3264 4144 3318 4186 et
3353 4136 3585 4189 maxime

2022 4218 2205 4296 dolens
2238 4216 2292 4273 et
2339 4221 2627 4274 rnbcsceus
2682 4202 2783 4284 ego
2821 4220 2983 4271 Pater
3014 4230 3157 4282 tuus,
3186 4233 3239 4273 et
3268 4233 3440 4275 mater
3495 4234 3609 4275 tua.

2022 4307 2257 4360 Ecclesia
2304 4317 2510 4371 nostra,
2596 4307 2722 4374 {acti
2785 4324 2962 4359 smnus
3027 4310 3346 4376 'opprobium
3401 4312 3583 4362 vicinis

2019 4398 2233 4456 nostris,
2292 4386 2627 4450 subsannatio
2677 4407 2722 4449 et
2771 4398 2944 4448 irrisio
2990 4382 3068 4449 liis
3116 4400 3203 4465 (ινδ
3260 4400 3311 4451 in
3362 4402 3585 4453 circuitu

2020 4495 2193 4539 nostra
2220 4497 2347 4561 sunt
2378 4484 2547 4553 (Psal.
2579 4501 2802 4547 Lxxvttt,
2827 4485 2882 4553 Ιι)
2915 4504 2926 4537 ;
2955 4495 3009 4539 et
3038 4484 3287 4540 omnibus
3316 4488 3585 4542 audienti-

2020 4574 2122 4628 bus
2147 4574 2319 4629 factus
2368 4584 2450 4629 est
2478 4575 2779 4644 exemplum
2806 4574 3157 4629 dedecorandi
3193 4586 3243 4629 et
3274 4577 3584 4630 destruendi

1640 4650 1723 4705 VA
1732 4653 1864 4710 RIIE
1903 4658 2299 4716 LECTIONES.
2474 4712 2475 4715 η
2666 4670 2671 4675 ’

439 4739 507 4771 ⁸⁵9⁸
559 4739 880 4808 Christianae
914 4737 1183 4808 religionis
1223 4755 1318 4791 ms.
1351 4737 1668 4795 Christiana:
1711 4746 2061 4805 confessionis

370 4808 691 4890 infrunitum‘
753 4808 821 4838 ⁸⁸³
847 4807 1275 4890 fundaturn‘est,
1300 4809 1649 4890 qumstionum
1680 4828 1774 4864 ms.
1808 4814 2081 4890 fundatum
2128 4830 2226 4880 est,
2263 4822 2314 4874 in
2361 4807 2659 4873 nutantium
2690 4807 3040 4888 quzesiionum

2176 4753 2244 4783 ‘9’
2289 4753 2543 4820 Proposni
2584 4769 2678 4804 ms.
2732 4755 2991 4820 praeposui
3067 4754 3135 4784 ⁸⁰⁰
3168 4754 3430 4807 Inﬁnitum
3480 4772 3579 4809 ms.

3141 4825 3210 4853 ⁸⁰¹
3258 4823 3581 4876 Litterarum

371 4881 790 4958 nisrlitteralum
863 4877 932 4958 ‘9?
965 4876 1054 4927 Sin
1086 4884 1385 4958 aute-3119911
1424 4877 1785 4958 erit‘opusut
1840 4884 2081 4958 legantur
2114 4876 2347 4942 msasin'
2375 4898 2588 4953 autem;
2639 4876 2738 4942 non
2797 4891 3051 4957 eritopus
3112 4902 3170 4944 ut
3229 4894 3582 4945 Ostendantur

372 4946 445 4977 ⁵⁸³
474 4947 675 5000 Collata
695 4961 809 4998 cum
834 4944 1007 4997 eodem
1030 4960 1127 4995 ms.
1201 4944 1268 4973 ⁶⁰⁵
1294 4943 1500 4997 Donum
1532 4943 1753 5001 Abbatis
1776 4943 2098 5009 ms.vdonum
2127 4958 2369 5011 Abbatia:
2482 4943 2490 4944 ί
2574 4943 2588 4953 ’
2619 4963 2623 4966 ’

1566 5036 1842 5095 JOANNIS
1866 5044 2135 5101 PICARDI
2165 5048 2391 5103 ΝΟΤΑΞ.
2468 5056 2471 5059 ’

442 5128 552 5196 (5|)
584 5127 917 5180 Conciliuma
943 5126 1232 5180 venerabili.
1270 5124 1437 5196 Ilujns
1490 5128 1697 5181 concilii
1732 5146 1913 5188 rursus

370 5198 613 5253 meminit
635 5197 914 5249 Anselmus
939 5212 1054 5263 cap.
1090 5196 1141 5257 1,
1172 5196 1259 5246 lib.
1292 5195 1364 5248 De
1390 5196 1753 5259 incarnatione
1786 5202 1913 5263 Ver-

370 5267 448 5321 bi.
479 5265 1096 5331 Arehiepiscopiétiam,
1126 5266 1188 5315 ad
1213 5278 1370 5330 quem
1418 5274 1593 5315 exstat
1629 5266 1689 5318 l3
1741 5269 1913 5324 Ivonis

369 5334 713 5389 Carnotensis
742 5333 983 5399 epistola,
1014 5331 1098 5383 ubi
1128 5333 1285 5451 (sicut
1332 5333 1383 5384 in
1437 5334 1728 5400 prtefation.
1783 5339 1907 5393 libr.

370 5404 608 5451 Anselnt.
644 5403 715 5451 De
746 5400 1106 5451 incarnatione
1166 5400 1314 5451 'erbil
1340 5411 1557 5451 vocatur
1604 5402 1889 5451 BilillﬂltIIIQ

370 5404 608 5472 Anselm.
644 5403 722 5472 De
746 5400 1106 5472 incarnatione
1140 5400 1314 5472 V'erbi)
1339 5411 1557 5472 vocatur
1581 5402 1911 5472 Aliainaldus,

373 5469 471 5525 sed
486 5472 668 5541 purius
698 5470 1011 5527 Rainoldnm
1040 5469 1267 5526 dixeris:
1299 5469 1383 5525 'sic
1409 5472 1548 5524 enim
1580 5470 1679 5541 legi
1726 5478 1779 5531 in
1809 5469 1912 5531 Ta;

607 5558 871 5618 Ριιτιιυι.
908 5556 1169 5619 CLVIII.

2021 5136 2507 5193 bniis"lihemcnsis
2531 5136 2981 5205 archiepiscopor.
3012 5140 3151 5205 apud
3188 5140 3499 5197 Demoruar.
3527 5155 3581 5199 et

2022 5207 2072 5258 in
2108 5210 2401 5274 privilegio,
2430 5211 2568 5275 quod
2598 5208 2707 5274 ipse
2733 5222 2870 5258 anno
2899 5210 2975 5259 sui
3029 5210 3576 5273 pontilieatustertio,

2020 5278 2244 5329 contulit
2276 5276 2608 5330 Theodorico
2637 5276 2872 5329 secundo
2918 5277 3094 5329 abbati
3126 5278 3304 5330 Sancti
3358 5279 3579 5335 IInberti

2020 5346 2403 5399 Artlvnnensis.

2094 5416 2203 5480 (5'2)
2234 5418 2678 5480 .Attcliieniscopunt
2710 5415 2913 5481 quidem
2946 5411 3295 5475 Lanfruncunt
3328 5420 3427 5467 vita
3463 5419 3575 5481 ejus

2021 5481 2193 5535 multis
2231 5484 2479 5551 religiosis
2510 5493 2651 5548 nota,
2685 5494 2787 5536 etc.
2819 5481 3008 5536 Nescio
3032 5496 3136 5543 qua
3170 5484 3340 5537 lrtmte
3370 5486 3452 5536 hic
3480 5502 3574 5538 ne-

3061 5572 3134 5625 38
