4214 6200
658 231 798 292 ma
916 267 920 276 ι
1189 239 1248 294 s.
1287 238 1588 297 assault
1626 243 1973 302 CANTUAR.
2013 248 2331 306 ARCIIIEP.
2374 249 2526 311 ore.
2568 249 2747 308 esas
2785 251 2873 306 tu.
2923 279 2993 294 --
3031 228 3414 312 Εριετοικε.
3779 261 3924 319 ιξυο

653 347 867 406 fervere
888 350 1105 422 ()f'auli.
1136 353 1606 438 xnt,~3t),quanto
1626 347 2224 431 magistribnlationem
2257 368 2302 426 Α
2328 363 2630 421 Dect-enses
2652 367 2915 434 visurum,
2947 368 3278 440 multumque
3307 378 3632 427 exterritaus
3655 370 3740 426 his
3787 390 3918 432 ausa

651 441 984 510 adversitate
1052 445 1336 500 atterimur
1384 447 1508 520 "1.,
1549 448 1814 507 Coftliditc
1863 467 1992 523 ergo
2060 455 2234 522 quia,

652 546 928 625 annuente
955 536 1085 605 Deo,
1113 548 1242 610 post
1269 539 1677 599 tribulationem
1710 545 1893 600 laetitia
1929 562 2234 618 conseque-

648 633 764 686 !ur.
799 627 858 683 Si
894 623 1018 699 quis
1037 641 1220 686 autem
1247 648 1316 689 ex
1349 623 1503 690 vobis
1537 636 1588 690 in
1623 637 1726 692 hac
1755 639 2106 696 tribulatione
2142 643 2236 698 de-

649 714 864 783 fecerit,
894 720 1056 775 dicite
1085 737 1101 775 :
1128 720 1204 776 De
1233 723 1380 778 nobis
1422 727 1570 789 exiit,
1598 727 1689 780 sed
1719 744 1822 782 non
1848 742 1960 784 erat
1982 748 2048 787 ex
2086 734 2233 787 nobis

645 802 705 878 (l
724 804 886 861 Joan.
921 823 985 876 ιι,
1014 809 1134 882 19);
1163 811 1287 882 quia
1319 829 1425 868 non
1455 825 1574 869 erat
1611 817 1890 874 nobiscum
1938 822 2230 879 radicatus.

643 892 1030 954 Devoluntate
1057 912 1235 983 autem
1269 914 1453 960 nostra
1501 906 1601 963 hoc
1665 925 1818 966 mens
1855 922 2041 968 nostra
2103 917 2233 972 dicit

643 997 694 1045 et
721 985 904 1060 lingua
933 992 1058 1062 quia
1083 993 1130 1048 si
1170 993 1297 1049 olim
1318 996 1618 1074 voluissem
1653 999 1726 1034 ⁸η
1759 1013 1816 1056 et
1853 995 2229 1075 pnecepissem

639 1095 703 1142 ut
755 1085 1099 1144 Lanlrancus
1146 1100 1298 1148 esset
1327 1092 1512 1148 Abbas
1542 1085 1743 1160 vester,
1771 1098 1913 1166 quod
1942 1109 2092 1153 certe
2123 1115 2240 1154 non,

639 1178 786 1237 fecit
813 1188 934 1235 tam
977 1183 1256 1238 ortulelent
1301 1203 1359 1238 se
1389 1202 1550 1257 super
1580 1203 1677 1242 vos
1720 1189 1984 1254 ostendit,
2018 1200 2074 1243 ut
2112 1190 2224 1260 jam

639 1281 741 1328 nec
771 1271 909 1346 velte
931 1288 1146 1342 possem
1157 1314 1167 1325 .
1206 1275 1412 1332 Valete.
1981 1270 1984 1272 Ὗ

1105 1387 1436 1442 EPISTOLA
1475 1387 1636 1442 XLIV
1671 1389 1763 1446 ⁸⁸⁸.

1208 1495 1274 1533 ΑΙ)
1297 1493 1677 1536 οιειιηειιτυιι.

641 1562 1345 1644 Qitgdipse'moleslissimu
1393 1572 1536 1639 febre
1578 1585 1852 1643 correptus
1908 1571 2222 1644 fuerit'dtim

710 1635 946 1716 Qaduino
977 1641 1196 1716 floccum
1235 1635 1425 1716 rediret
1456 1659 1474 1696 :
1497 1659 1616 1711 qua:
1645 1635 1819 1700 tamen
1851 1635 2081 1716 ili/fugit,
2103 1665 2223 1702 cum

2337 467 2416 510 est
2448 465 2669 525 tangere
2714 474 2929 514 servum
2980 472 3243 516 vestrum.
3295 460 3401 517 Sed
3451 479 3572 517 cum
3601 465 3921 523 vidcrctme

2337 547 2696 604 intentissime
2719 551 3072 608 meditantem
3089 553 3161 586 ἰδ
3183 564 3242 608 ut
3263 555 3330 609 ad
3355 569 3449 610 vos
3476 564 3531 610 et
3560 572 3920 628 quoscunque

2335 659 2570 713 possem,
2591 646 2859 702 mitterem
2886 666 2982 718 pro
3007 651 3210 706 auxilio
3229 664 3276 706 et
3302 667 3562 707 succursu
3583 655 3916 721 orationum,

2335 736 2587 790 exterrita
2620 735 2755 807 fugit
2787 743 3126 797 exterritum.
3156 743 3264 799 Sed
3297 745 3423 806 illud
3455 746 3724 800 tantillum
3770 748 3915 816 quod

2332 824 2597 881 habebam
2626 831 2857 899 saporis,
2910 833 3106 889 edendi
3164 845 3220 890 et
3269 837 3591 906 dormiendi,
3619 849 3674 894 et
3717 840 3914 901 virium

2334 919 2596 985 corporis,
2631 921 2786 975 avida
2813 924 3036 977 nocemli
3065 925 3417 981 aeceleraudo
3449 929 3625 997 rapuit
3648 939 3701 983 et
3727 945 3910 986 secum

2335 1011 2474 1064 tulit.
2504 1012 2675 1065 Tanta
2709 1012 2876 1083 igitur
2901 1012 3019 1082 ejus
3042 1015 3155 1070 hac
3185 1018 3474 1087 mancipia,
3509 1020 3631 1072 fasti
3674 1020 3782 1073 ium
3809 1022 3915 1075 sci-

2332 1098 2455 1154 licet
2471 1111 2525 1156 et
2547 1101 2898 1171 insomnium,
2925 1113 2978 1159 et
3009 1103 3199 1159 horum
3231 1107 3431 1161 sociam
3463 1107 3909 1170 imbecillitatem,

2329 1208 2450 1261 qua:
2473 1194 2588 1262 ejus
2611 1211 2826 1265 semper
2869 1197 3022 1265 sequi
3053 1196 3232 1252 solent
3285 1205 3428 1251 terra
3471 1200 3717 1266 vestigia.
3747 1216 3776 1252 a
3826 1217 3913 1253 me

2301 1277 2307 1286 ’
2331 1286 2566 1340 uetulum
2579 1286 2845 1357 expellere
2859 1299 3096 1357 possunt.
3125 1286 3251 1342 Haec
3273 1287 3479 1342 idcirco
3502 1291 3700 1347 mando
3721 1299 3914 1343 testae

2329 1372 2585 1429 cbaritatl
2618 1375 2743 1445 quia
2779 1385 2981 1430 statum
3009 1389 3145 1431 mea:
3171 1376 3462 1446 parvitatis
3500 1391 3717 1446 semper
3758 1378 3913 1432 \obis

2328 1473 2513 1516 notum
2542 1479 2664 1519 esse
2686 1466 2828 1530 volo,
2857 1477 2910 1522 et
2935 1481 3030 1522 vos
3056 1467 3289 1536 idipsum
3305 1467 3376 1498 ⁸¹³
3408 1467 3543 1522 velle
3566 1483 3672 1522 non
3701 1469 3907 1537 ignoro.

2327 1551 2535 1632 Scitote
2561 1554 2687 1623 quia
2715 1555 2887 1610 donec
2929 1571 3026 1610 vos
3050 1556 3284 1622 videam,
3315 1571 3529 1626 semper
3560 1573 3647 1612 me
3697 1557 3905 1613 debito~

2329 1659 2441 1697 rent
2489 1644 2555 1698 ad
2594 1661 2691 1700 vos
2749 1645 3001 1701 veniendi
3048 1662 3334 1718 cognosco.
3384 1648 3580 1702 Juvate
3631 1664 3764 1720 ergo
3823 1664 3912 1705 me

707 1709 774 1763 de
801 1711 1020 1777 petendo
1052 1712 1114 1764 ob
1135 1711 1211 1765 eis
1245 1709 1545 1766 orationum
1567 1729 1819 1769 sucrursu
1857 1709 2217 1772 mcdi'taretnr.

2326 1739 2521 1792 vestris
2575 1739 2940 1803 orationibus,
2996 1749 3056 1794 ut
3127 1740 3426 1795 secundmn
3476 1749 3659 1793 votum
3729 1754 3908 1795 luerim

701 1819 913 1874 Damno
960 1827 1020 1874 et
1077 1819 1226 1875 Patri
1269 1803 1451 1876 abbati
1520 1824 1817 1895 reverenda
1851 1814 2215 1892 Gtscsnsnro,

630 1908 857 1982 ejusque
886 1911 1160 1965 sanctitati
1187 1914 1498 1968 commissis
1543 1915 1758 1971 domuis
1782 1925 1837 1970 et
1869 1915 2130 1972 fratribus
2162 1919 2213 1972 in

629 2000 955 2056 Cadomcnsi
989 2004 1238 2058 ρωποι)ῖο
1267 2007 1763 2073 counnancutibus,
1813 2007 1982 2064 frater
2014 2011 2238 2065 Auscu‘

633 2104 758 2158 lus,
793 2093 937 2162 quod
963 2106 1156 2147 servus
1192 2093 1366 2149 ﬁdelis
1397 2104 1452 2149 et
1480 2091 1669 2152 frater.

700 2183 998 2254 Postquam
1022 2171 1258 2240 a'vestra
1284 2187 1586 2241 desiderata
1615 2185 1886 2258 presentia
1919 2205 2091 2259 nuper
2124 2191 2214 2258 vi,

631 2285 795 2342 quam
820 2272 992 2336 scitis,
1025 2273 1332 2329 abstractus
1363 2275 1564 2330 recessi
1601 2293 1615 2328 ε
1646 2275 1876 2349 Beccnm
1909 2292 2037 2340 ante
2059 2283 2212 2337 festi-

628 2369 854 2420 vitatem
885 2361 944 2416 S.
975 2361 1250 2422 Benedicti
1293 2367 1364 2422 ob
1411 2364 1580 2437 multa
1610 2354 1994 2438 impedimenta
2029 2375 2216 2431 videre

629 2459 735 2517 non
767 2464 939 2532 potui.
967 2463 1112 2520 Intra
1147 2463 1290 2533 quod
1321 2460 1554 2535 spatium
1592 2479 1716 2521 cum
1751 2466 1936 2522 multis
1982 2469 2128 2524 curis
2160 2478 2218 2524 et

632 2552 914 2611 doloribus
943 2554 1476 2627 corporeis'atl‘ectus
1503 2571 1677 2612 essem
1707 2558 1761 2612 in
1810 2557 2041 2614 Francia
2067 2559 2216 2615 insu-

581 2693 584 2695 Α
628 2659 732 2716 per
751 2644 924 2702 febris
951 2646 1132 2702 subito
1160 2645 1319 2700 irruit
1350 2645 1403 2700 in
1447 2661 1554 2708 uie,
1591 2641 1846 2703 ferociter
1873 2647 2214 2703 comminans

626 2750 867 2814 menon
912 2736 1143 2806 amplius
1193 2751 1309 2798 vos,
1371 2737 1615 2807 aliosque
1679 2737 1926 2794 dominos
1998 2723 2216 2794 nostros

2323 1827 2526 1897 possim
2574 1828 2786 1886 solvere
2831 1830 3073 1886 debitum
3124 1845 3326 1886 meum.
3381 1830 3587 1887 Valete
3649 1847 3789 1886 nunc
3849 1840 3909 1884 et

2322 1934 2554 1990 semper.

2791 2010 3128 2070 EPISTOLA
3162 2011 3303 2068 XLV
3339 2013 3432 2066 ⁸³⁸.

2904 2105 2984 2160 ξω
3019 2120 3310 2162 assaraci.

2322 2193 2526 2249 Exorat
2549 2212 2645 2265 pro
2660 2196 2922 2278 monacho
2961 2197 3169 2278 refuga,
3188 2198 3273 2250 cui
3299 2207 3373 2250 est
3397 2198 3450 2250 in
3477 2198 3616 2278 potis
3642 2196 3810 2250 redire
3832 2196 3906 2249 ad

2592 2267 2742 2331 ovile,
2770 2278 2818 2320 et
2845 2267 3118 2337 pecuniam
3147 2277 3382 2320 mutuam
3410 2267 3622 2328 θοίνα-ε.

2388 2376 2610 2432 Domnis
2635 2378 2925 2441 et-amicis,
2950 2386 3006 2432 et
3033 2376 3294 2432 fratribus
3318 2377 3674 2443 charissimis,
3703 2379 3905 2433 domno

2317 2467 2487 2536 priori
2533 2465 2796 2531 HENRICO,
2835 2475 2891 2522 et
2945 2466 3068 2522 aliis
3107 2467 3161 2522 in
3202 2467 3580 2523 Cantuariensi
3622 2468 3900 2534 coenobio,

2317 2555 2520 2612 Christi
2553 2555 2810 2611 Ecclesiae
2862 2556 3040 2611 servis
3069 2555 3162 2610 Dei
3189 2555 3681 2622 commanentibus,
3730 2555 3904 2611 frater

2319 2647 2623 2708 ANSELMUS,
2657 2647 2708 2699 in
2732 2655 2934 2701 sanctae
2963 2645 3087 2700 vitae
3128 2646 3408 2714 proposito
3447 2660 3664 2716 semper
3694 2647 3763 2702 ad
3788 2659 3901 2700 me-

2321 2735 2452 2792 liora
2478 2737 2762 2808 prolicere,
2803 2745 2856 2792 et
2885 2753 3156 2807 nunquam
3188 2736 3436 2790 deficere.

1933 2848 2164 2904 VARI/8
2203 2849 2602 2905 LECTIONES.

692 2937 762 2971 ιιι
784 2937 1214 2994 Tribulationum
1237 2939 1520 2993 atterimus
1546 2957 1643 2994 ms.
1672 2940 2074 2994 tribulationum
2097 2941 2423 2994 a-lversitate
2451 2943 2734 2996 atterimur
2805 2942 2876 2973 ⁸⁸⁸
2904 2939 3183 2995 Venissent
3215 2957 3311 2993 ms.
3344 2939 3628 2998 voluissem
3695 2941 3764 2973 ³⁸³
3778 2939 3902 2993 Co!-

619 3005 733 3062 lam
775 3025 894 3062 cum
931 3009 1112 3062 eodem
1138 3025 1238 3064 ms.

619 3093 740 3132 cum
777 3079 956 3133 eodem
997 3096 1094 3134 ms.
1119 3121 1124 3126 .

1314 3009 1385 3042 ⁸η
1420 3009 1685 3066 Mediante
1721 3028 1820 3065 ius.
1851 3011 2200 3066 meditantem
2274 3011 2349 3042 ⁸⁸⁸
2375 3011 2443 3067 Et
2481 3011 2547 3066 ad
2581 3013 2755 3081 ipsum
2817 3027 2916 3066 ms.
2962 3022 3019 3066 et
3075 3028 3168 3066 vos
3217 3011 3266 3064 id
3307 3011 3480 3080 ipsum

1342 3233 1352 3242 _
1839 3172 2130 3231 JOANNIS.
2147 3172 2419 3228 PICARDI
2460 3169 2696 3228 ΝΟΤΑΕ.

624 3271 942 3335 protegente
971 3267 1233 3320 servavit.
1263 3266 1396 3320 Erat
1425 3275 1554 3320 tunc
1590 3264 1796 3320 Beccus
1821 3267 2065 3320 aediliciis
2088 3281 2212 3335 par-
2240 3274 2282 3329 (Γ.
2317 3266 2542 3335 candida
2573 3266 2824 3334 apparuit
2850 3265 2992 3319 filius
3024 3265 3253 3328 Baldrici
3275 3263 3342 3320 de
3366 3265 3700 3329 Auvervilla,
3732 3278 3901 3334 nepos

623 3350 727 3386 vus
751 3375 765 3391 .
804 3349 1008 3402 pauper
1064 3335 1314 3399 fortuna,
1344 3335 1632 3402 pauperior
1683 3335 1962 3402 religionis
1998 3351 2208 3388 norma.

625 3402 789 3460 Pater
805 3398 1028 3470 quidem
1063 3398 1318 3472 praefatus
1348 3398 1654 3457 Dei'amore
1685 3398 1940 3472 pollebat,
1971 3404 2065 3457 sed
2101 3403 2210 3457 fra-

629 3483 774 3528 trmn
804 3472 1014 3526 utilium
1053 3471 1424 3528 consolatione
1453 3471 1697 3527 carebat.
1736 3471 1931 3527 Verum
1960 3513 1976 3535 ,
2018 3489 2214 3527 secun-

626 3544 756 3596 dum
782 3542 924 3611 quod
954 3543 1220 3612 scriptum
1252 3551 1375 3609 est:
1412 3541 1592 3612 Facta,
1630 3543 1914 3612 cogitatam
1957 3553 2105 3595 tuum
2152 3545 2209 3612 in

628 3609 877 3675 Domino,
910 3621 956 3664 et
989 3609 1096 3680 ipse
1117 3614 1341 3666 enutriet
1369 3622 1419 3664 te
1440 3609 1612 3678 (Prol.
1646 3609 1758 3675 Liv,
1789 3611 1904 3680 23),
1932 3627 2056 3665 cum
2079 3611 2213 3665 assi-

624 3683 754 3737 duis
785 3680 876 3734 Dei
907 3680 1250 3751 clementiam
1279 3683 1398 3751 ipse
1435 3690 1748 3751 exsecraret
1771 3681 2044 3751 precibus,
2070 3695 2208 3749 qua-

627 3763 792 3808 tenus
827 3750 928 3804 sibi
959 3750 1118 3804 talem
1151 3748 1325 3804 virum
1350 3748 1632 3818 dirigeret,
1656 3748 1811 3816 cujus
1837 3749 2034 3803 solatio
2065 3748 2211 3803 feve-

625 3831 801 3883 retur,
833 3819 1063 3875 consilio
1093 3821 1456 3879 animaretur,
1484 3819 1755 3889 adjutorio
1784 3829 2205 3880 sustentaretur,
2235 3843 2240 3862 ι

623 3890 992 3948 Lanfranctnn
1033 3890 1335 3944 libera-lium
1361 3889 1561 3944 artium
1603 3889 1912 3944 eruditione
1948 3891 2206 3955 peritum,

621 3974 834 4018 mon
879 3959 1148 4027 probitate
1195 3959 1570 4027 conspicuum,
1600 3958 1812 4013 ratione
1862 3959 2045 4011 divina
2096 3958 2209 4027 sul}

623 4031 836 4094 fultum,
871 4026 1214 4092 discrct'unis
1248 4026 1446 4084 virtute
1469 4029 1761 4083 subnixum
1784 4028 1832 4082 ei
1863 4028 2086 4084 direxit.
2116 4026 2205 4093 qui

623 4100 727 4158 sibi
757 4101 823 4154 ad
855 4099 1037 4170 omnia
1068 4101 1248 4170 utilis,
1287 4101 1352 4152 ad
1397 4108 1617 4170 cuneta,
1649 4112 1770 4166 quae
1824 4098 1933 4170 pie;
1963 4097 2204 4170 volebat,

620 4169 1002 4225 accommodus
1017 4169 1134 4222 fuit.
1151 4166 1284 4223 Nam
1302 4169 1482 4236 ipsius
1498 4167 1735 4221 bonitate
1749 4176 1910 4235 atque
1923 4166 2208 4227 industria,

625 4240 877 4295 doctrina
909 4249 1071 4307 atque
1095 4239 1334 4292 rfticaeia
1369 4238 1512 4290 istud
1548 4236 1880 4307 coenobium,
1923 4246 1981 4290 ut
2003 4236 2210 4307 cunctis

622 4320 810 4364 notum
841 4318 948 4372 est,
986 4305 1228 4376 superna
1273 4309 1446 4375 pietas
1474 4319 1644 4359 sacrae
1674 4305 1967 4376 religionis
2016 4305 2209 4358 ordine

623 4379 959 4437 informavit,
994 4374 1176 4429 multis
1209 4374 1524 4438 honoribus,
1555 4374 1716 4428 terris
1755 4374 1814 4428 et
1835 4375 2052 4444 przeiliis
2093 4390 2208 4426 am-

622 4449 838 4519 pliavlt,
869 4447 1113 4519 pluribus
1143 4451 1303 4519 ctam
1335 4445 1578 4519 personis
1615 4444 1886 4519 nobilibus
1911 4455 2073 4519 atque
2113 4445 2208 4519 bo-

624 4514 818 4583 itcstis,
844 4514 911 4569 ad
941 4516 1151 4568 laudem
1177 4527 1228 4572 et
1254 4515 1479 4583 gloriam
1511 4514 1741 4567 nominis
1764 4515 1845 4568 sui
1871 4514 2200 4568 sublimavit.

624 4579 732 4644 Sed
763 4589 828 4642 ad
858 4586 933 4640 rei
965 4579 1482 4652 rclationcm,_cujus
1510 4584 1795 4638 occasione
1825 4585 1925 4640 ista
1958 4585 2205 4652 prmliba-
2239 4587 2243 4593 ‘

620 4661 699 4725 vi,
721 4657 1047 4727 pertingam.
1076 4648 1676 4727 CerucnsLanl'rancus
1699 4651 1924 4727 fratrum
1951 4648 2203 4727 inertiam

2320 3332 2563 3397 ejusdem
2597 3332 2830 3388 abbatis.
2867 3335 3035 3401 Cujus
3064 3345 3282 3400 aspectu
3327 3337 3376 3386 in
3431 3336 3577 3387 nullo
3625 3332 3897 3391 turbatus.

2322 3403 2630 3455 amabiliter
2669 3404 2749 3457 sic
2794 3418 2916 3456 eum
2971 3402 3138 3455 abbas
3182 3401 3380 3454 affatur
3417 3421 3430 3456 :
3475 3404 3613 3470 Quid
3651 3413 3728 3456 est
3791 3402 3901 3455 ult?

2299 3471 2587 3542 quomodo
2613 3479 2663 3524 te
2706 3471 2906 3542 babes?
2941 3471 2997 3542 Et
3041 3483 3172 3542 puer
3217 3469 3513 3542 alacriter:
3545 3471 3673 3542 Ego,
3709 3471 3891 3529 Pater.

2316 3542 2450 3594 bene
2475 3541 2671 3610 habeo,
2695 3540 2819 3607 quia
2847 3555 2941 3607 per
2974 3540 3067 3593 Dei
3094 3540 3516 3610 misericordiam
3543 3540 3612 3594 et'
3629 3557 3724 3610 per
3749 3553 3896 3595 tuam

2314 3609 2792 3671 intercessionem,
2835 3610 3095 3663 liberatus
3143 3624 3263 3662 sum
3307 3609 3376 3662 ab
3401 3611 3548 3664 omni
3603 3609 3894 3672 termento,

2311 3679 2404 3733 sed
2443 3679 2582 3731 Deus
2615 3678 2762 3749 misit
2793 3693 2880 3733 me
2915 3679 2981 3749 ad
3013 3688 3087 3742 te,
3119 3679 3383 3749 ut_dieam
3421 3680 3537 3747 tibi,
3564 3682 3690 3749 quia
3729 3681 3772 3733 si
3799 3681 3895 3732 tibi

2310 3763 2416 3800 non
2447 3748 2806 3818 prospexeris.
2834 3747 3153 3818 magistrum
3190 3747 3552 3803 Lanl'raucum
3583 3747 3688 3804 non
3733 3749 3895 3804 babe-

2310 3819 2412 3871 bis.
2441 3817 2952 3887 AbbasAadmiratus
2981 3835 2995 3872 :
3045 3818 3349 3884 Quomodo,
3382 3819 3578 3887 inquit,
3620 3820 3728 3874 lili?
3755 3820 3897 3874 Puer

2308 3888 2376 3940 ad
2409 3887 2523 3941 haec
2569 3885 2752 3953 :Qnia
2809 3889 2974 3942 vitam
3031 3887 3328 3943 solitariam
3385 3885 3675 3950 desiderat,
3728 3900 3784 3943 et
3826 3891 3895 3944 de

2308 3956 2639 4027 monasterio
2668 3956 2850 4027 egredi
2885 3958 3170 4011 deliberat.
3215 3956 3348 4010 Nam
3387 3973 3560 4027 μνη-εί
3589 3961 3814 4012 fratrum
3839 3970 3895 4011 et

2313 4026 2421 4078 vita
2453 4041 2557 4079 non
2587 4026 2689 4079 sibi
2721 4026 2934 4145 placent
2976 4046 2988 4080 :
3025 4026 3154 4080 Vide
3179 4038 3308 4096 ergo
3355 4026 3483 4094 quid
3532 4028 3724 4088 facias,
3768 4029 3893 4095 quia

2313 4096 2404 4145 tibi
2436 4110 2540 4145 non
2568 4110 2722 4145 exuet
2747 4097 2806 4145 it.
2836 4095 2927 4145 llis
2955 4097 3114 4145 dictis
3144 4111 3279 4145 nuer
3299 4096 3578 4145 tlisttztl‘ttit.
3606 4098 3785 4145 Abbas
3811 4107 3893 4145 at-

2311 4096 2404 4148 tibi
2436 4110 2540 4147 non
2568 4095 2806 4162 expedit.
2836 4095 2927 4148 llis
2955 4097 3114 4149 dictis
3144 4095 3279 4164 puer
3299 4096 3578 4164 disparuit.
3606 4098 3785 4151 Abbas
3811 4107 3896 4150 at-

2312 4165 2524 4235 tonitus
2549 4165 2601 4216 in
2634 4166 2698 4216 iis
2721 4180 2842 4235 quze
2871 4165 3138 4227 audierat,
3171 4166 3431 4235 reliquum
3474 4167 3649 4221 noctis
3691 4167 3893 4235 vigiliis

2309 4242 2364 4286 et
2391 4234 2731 4288 orationibus
2755 4234 3001 4286 insomne
3023 4234 3249 4302 peregit.
3278 4234 3502 4287 Suntmo
3531 4242 3712 4291 autem
3740 4234 3897 4289 mane

2310 4318 2434 4356 mox
2467 4312 2526 4356 ut
2556 4318 2650 4356 ora
2684 4303 2933 4372 loquendi
2966 4318 3025 4357 se
3051 4303 3231 4372 dedit,
3271 4303 3636 4359 Lanl'rancum
3680 4306 3889 4364 ascivit,

2307 4387 2491 4426 secum
2525 4372 2878 4442 singulariter
2903 4371 3092 4427 sedere
3119 4371 3406 4442 fecit.-Ctir
3455 4374 3668 4427 abbatis
3697 4375 3888 4427 intimo

2309 4443 2494 4495 dolore
2516 4440 2894 4505 cruciabatur,
2926 4457 3026 4496 vox
3062 4444 3202 4495 intra
3242 4440 3426 4496 fauces
3475 4445 3760 4510 premitur,
3807 4445 3892 4496 la-

2308 4512 2831 4582 etym:e_uberrime
2873 4520 3219 4582 erumpentes
3261 4512 3504 4565 dolorem
3531 4513 3711 4567 cordis
3758 4529 3889 4582 ape-

2309 4579 2475 4635 riunt.
2519 4579 2857 4636 Lant’rancus
2902 4579 3263 4652 limc’7videus,
3311 4581 3363 4635 in
3397 4594 3598 4652 terram
3650 4579 3891 4652 proster-

2307 4666 2442 4706 ncus
2471 4665 2549 4714 se,
2579 4667 2679 4721 cur
2707 4652 2874 4714 abbas
2903 4654 2986 4705 sic
3012 4651 3188 4721 plorat
3211 4651 3408 4718 aperiri
3435 4651 3534 4705 sibi
3577 4651 3894 4721 suppliciter

622 4719 838 4784 moi-um
871 4719 1218 4794 pravitatem,
1247 4724 1454 4778 ordinis
1491 4724 1997 4794 transgressionem,
2029 4723 2202 4794 conji-é
2237 4721 2282 4776 D
2309 4731 2584 4794 precatur.
2611 4719 2852 4794 Tandem
2883 4719 3054 4794 abbas
3104 4721 3157 4773 in
3201 4721 3317 4794 itare
3359 4722 3523 4794 verba
3569 4719 3889 4794 prorupit;

625 4800 777 4853 ciens
798 4792 963 4850 etiam
993 4796 1205 4865 aliquos
1220 4795 1318 4849 sibi
1353 4794 1613 4856 invidere,
1643 4792 1732 4862 qui
1761 4795 1862 4865 sibi
1892 4792 2203 4847 metuebant

623 4883 748 4924 eum
780 4864 1167 4936 proﬁciendum
1211 4865 1662 4935 fore,‘ignorabat
1703 4864 1830 4933 quid
1858 4874 2064 4936 ageret,
2094 4877 2200 4930 quo

625 4952 686 4993 se
707 4935 998 5000 conferret,
1027 4937 1258 4990 ardebat
1285 4951 1406 4991 eum
1434 4936 1859 4998 conversationis
1881 4935 2198 4996 inliouestze,

622 5006 874 5062 inhiabat
911 5006 1163 5059 ardenter
1191 5008 1257 5060 ad
1284 5005 1541 5059 solitariae
1568 5004 1902 5059 dulcedinem
1935 5005 2078 5056 vine.
2112 5003 2200 5056 Si-

627 5075 834 5131 mulata
864 5074 1027 5144 igitur
1067 5075 1400 5144 inﬁrmitate,
1441 5072 1802 5127 Fulcrannum
1851 5073 2198 5144 hortulanum

627 5145 863 5215 mgavit,
881 5142 939 5196 ut
952 5143 1000 5196 ei
1031 5145 1270 5212 quotidie
1282 5143 1475 5198 all‘erre
1491 5144 1696 5215 radices
1709 5142 2067 5215 quorumdam
2083 5158 2218 5208 car-5

628 5213 857 5270 duorum
903 5228 1038 5282 quos
1061 5215 1163 5267 cibi
1188 5218 1464 5268 asserebat
1494 5213 1684 5267 allerre
1713 5213 1995 5267 solutionis
2036 5228 2209 5266 reme-

627 5285 797 5340 dium.
815 5284 925 5338 Hoc
942 5292 1123 5338 autem
1141 5283 1386 5346 faciebat,
1402 5292 1457 5336 ιη
1474 5300 1666 5351 corpus
1677 5301 1828 5338 smun
1847 5284 2212 5337 assuefaceret

627 5355 724 5412 tali
751 5355 948 5416 edulio,
988 5355 1144 5423 quasi
1173 5354 1494 5424 disponebat
1515 5354 1694 5407 vivere
1727 5355 1777 5406 in
1819 5368 2019 5424 eremo.
2074 5353 2209 5417 Cum

624 5439 755 5496 ergo
771 5425 880 5496 jam
896 5440 1099 5496 corpus
1126 5434 1180 5479 et
1203 5423 1441 5478 animum
1461 5434 1792 5496 prmpararet
1819 5425 1882 5474 ad
1911 5423 2092 5496 fugam
2113 5439 2208 5496 uo-

625 5492 828 5552 CHirtize
859 5492 1173 5563 elapsiouis,
1205 5496 1424 5549 domino
1457 5494 1709 5546 llerluiuo
1738 5495 1915 5545 abbati
1963 5492 2095 5545 nihil
2143 5493 2208 5563 de

626 5565 730 5635 hac
756 5581 813 5620 re
835 5562 1155 5635 suspicanti,
1187 5568 1312 5620 dum
1345 5566 1395 5617 in
1429 5563 1585 5635 lectu
1618 5563 1945 5635 quiesceret,
1975 5562 2209 5635 egregia:

626 5634 821 5692 indolis
857 5633 1195 5705 llugo.pucr,
1229 5635 1319 5704 qui
1368 5633 1679 5703 llt|[*€l"l‘itttc
1708 5634 1936 5697 obicrat,
1971 5633 2024 5684 in
2057 5639 2204 5685 veste

2312 4790 2425 4845 Heu
2450 4791 2608 4855 mibi,
2632 4791 2717 4844 cui
2751 4791 2856 4843 tale
2883 4792 3140 4844 damnum
3161 4790 3580 4843 minaturDens!
3613 4790 3896 4844 Vaamilii?

2312 4862 2404 4930 qui
2433 4874 2610 4913 meum
2641 4860 2921 4914 consilium
2947 4859 3173 4930 perdidi,
3215 4873 3391 4930 meum
3421 4859 3679 4912 auxilium
3709 4860 3890 4930 amisi,

2315 4927 2589 4985 multoties
2642 4945 2736 4997 per
2769 4944 2988 4998 magnos
3023 4929 3252 4998 gemitus
3282 4927 3445 4982 Deum
3494 4932 3694 4997 rogavi,
3736 4929 3896 4984 uber-

2313 5002 2467 5054 rimis
2515 4999 2768 5067 laerymis
2811 5000 3006 5052 divina:
3054 4998 3345 5067 supplicavi
3398 4999 3786 5067 misericordia:
3831 5008 3895 5054 ut

2315 5071 2474 5124 talem
2510 5065 2795 5138 prmStaret
2819 5069 2949 5121 mibi
2982 5065 3178 5130 virum,
3209 5065 3360 5134 cujus
3398 5068 3632 5134 consilio
3657 5065 3712 5121 et
3730 5070 3859 5123 auxi

2313 5140 2384 5194 lio
2407 5141 2581 5194 locum
2609 5138 2769 5191 istum
2791 5139 3160 5199 emendarem,
3194 5146 3249 5190 et
3284 5153 3406 5205 qua:
3442 5148 3622 5191 essent
3649 5139 3756 5191 Deo
3777 5138 3894 5207 pla-

2317 5211 2421 5263 cita
2454 5209 2838 5262 monachorum
2875 5207 3062 5262 bsibus
3104 5209 3485 5260 instauraret".
3533 5208 3600 5260 lit
3647 5208 3890 5274 quando,

2316 5281 2483 5334 frater
2506 5277 2830 5340 Lanfrance,
2863 5278 2966 5330 huc
2992 5288 3041 5330 te
3069 5277 3208 5330 Deus
3245 5275 3466 5329 adduxit
3485 5316 3501 5338 ,
3530 5291 3719 5344 preces
3758 5291 3892 5329 mea:

2316 5349 2636 5403 humilitatis
2661 5345 2943 5401 exauditus
2969 5346 3197 5398 credidi.
3225 5344 3333 5409 Ego
3369 5348 3420 5399 in
3455 5355 3504 5397 te
3536 5360 3669 5397 onus
3708 5359 3891 5398 ineunt

2316 5418 2612 5492 transferre
2639 5418 2961 5485 cogitabam.
2996 5415 3106 5484 Ego
3136 5426 3191 5492 te_
3215 5415 3595 5492 totitts__0neris
3624 5412 3729 5466 mei
3773 5428 3894 5492 sar-

2313 5490 2492 5542 cinam
2527 5483 2966 5556 supportaturum
3015 5483 3322 5556 sperabam.
3373 5483 3525 5556 Nune
3553 5493 3735 5556 autem
3765 5483 3894 5552 (n‘e-

2314 5559 2428 5612 scio
2449 5573 2553 5629 qua
2582 5551 2647 5629 de
2673 5561 2856 5629 causa)
2893 5555 3020 5608 hinc
3046 5551 3343 5629 discedere.
3365 5551 3755 5629 _mc_derclieto
3794 5567 3890 5629 sa:

2318 5619 2482 5698 togis;
2503 5638 2556 5682 et
2576 5627 2646 5685 ad
2672 5619 2884 5680 deserta
2915 5638 3135 5694 pergere
3163 5627 3336 5691 cupis.
3365 5621 3693 5677 Laufraucus
3731 5619 3894 5676 intel-

3577 3011 3648 3042 ⁸⁸⁸
3691 3010 3859 3065 Colla!
3871 3027 3906 3064 ε
3983 3021 3990 3028 ”
