4214 6222
232 44 266 45 77
297 44 308 45 ί
379 44 452 45 777
479 41 680 45 7_____i
701 35 1167 45 7‘___~—__~____.___.__

319 358 448 412 l-20I
1587 357 1712 414 LIB.
1753 320 1814 425 tt,
1855 356 1896 412 E

1992 354 2083 444 tr,
2107 354 2285 410 χω.
2685 347 2689 352 ’
3414 356 3556 437 1202

388 469 598 540 Moyses
625 469 979 525 charissimus
1013 469 1180 525 frater
1209 476 1412 528 noster.
1445 467 1537 538 qui
1585 469 1877 524 claustrum
1907 471 1954 528 Α
1980 469 2237 523 verticem
2258 465 2315 520 in
2342 463 2568 518 circuitu
2599 463 2736 534 pelle
2764 465 2904 521 servi
2929 466 3088 522 vestri
3116 467 3300 524 fratris
3314 467 3553 527 Anselmi

313 574 516 616 saneta:
538 562 968 616 conversationis
992 572 1187 618 vestrae
1222 576 1316 616 sua
1337 551 1564 630 juvenili
1589 561 1806 616 levitate
1830 571 1886 617 et

313 654 490 707 aliena
542 653 801 722 deceptus
844 653 1034 709 fraude
1065 653 1329 720 deseruit,
1381 663 1567 724 utpote
1591 653 1731 709 filius
1761 654 1886 709 Eva:

314 749 508 803 matris
547 759 769 825 nostrze,
819 765 941 818 qua:
988 749 1040 803 in
1096 750 1347 818 paradiso
1372 751 1595 820 decepta
1645 753 1883 820 paradisi

313 841 628 894 ammnitate
648 840 846 904 caruit,
869 854 1104 909 superno
1130 850 1444 913 protegente
1473 853 1746 910 respectu;
1785 859 1885 899 nee

313 930 595 1000 dissipavit
618 931 979 1001 substantiam
1000 945 1153 986 suam
1187 947 1311 987 cum
1340 932 1742 999 meretricibus,
1784 949 1886 989 nee

314 1021 494 1077 inedia
521 1030 742 1078 coactus
787 1021 938 1090 pavit
965 1035 1162 1091 porcos
1195 1030 1506 1088 extraneos,
1541 1038 1642 1079 nec
1678 1023 1886 1077 deside-

313 1113 458 1167 ravit
489 1111 738 1167 ‘saturari
780 1111 1011 1183 siliquiis
1039 1114 1109 1146 ⁸⁸⁷
1141 1128 1278 1184 quas
1310 1115 1463 1184 porci
1512 1115 1840 1177 manducant
1867 1133 1883 1170 :

312 1202 410 1258 sed
450 1201 688 1257 nondum
733 1203 997 1257 exhausta
1035 1204 1235 1258 mentis
1282 1204 1558 1266 satietate,
1603 1219 1768 1273 quam
1820 1204 1887 1260 de

313 1289 583 1360 Spirituali
615 1305 797 1345 mensa
819 1300 998 1346 vestra
1013 1298 1317 1359 acceperat,
1341 1291 1409 1344 ad
1432 1300 1672 1344 nostrmn
1699 1307 1886 1344 numa-

313 1379 562 1442 stcrium,
607 1379 761 1446 quasi
789 1378 857 1432 ad
890 1388 1075 1432 notum
1107 1388 1323 1449 portum
1353 1387 1474 1448 post
1503 1380 1700 1433 tnultos
1729 1396 1886 1433 mtm-

314 1467 441 1522 dani
460 1466 627 1520 maris
657 1467 938 1521 discursus
963 1468 1180 1522 tandem
1212 1468 1485 1538 applicuit.
1502 1468 1626 1534 Qui,
1642 1471 1887 1536 quamvis

312 1559 386 1612 ob
417 1566 597 1612 reatus
622 1557 704 1611 sui
734 1557 1122 1612 censcicntiam
1149 1559 1495 1614 severitatem
1524 1558 1748 1626 iustitia:
1782 1560 1884 1630 sibi

318 1648 509 1700 timeat
527 1646 784 1710 Apostolo
800 1647 1047 1702 dicente:
1071 1644 1240 1700 Nemo
1261 1663 1489 1716 unquam
1513 1663 1723 1700 carnem
1738 1631 1888 1700 suain

313 1737 434 1790 odio
473 1737 650 1788 habuit
679 1734 898 1804 (Ephes.
925 1752 978 1801 γ,
1012 1736 1104 1805 29)
1135 1754 1149 1789 :
1180 1747 1358 1791 tamen
1387 1731 1541 1790 intra'
1567 1753 1805 1806 gregem,
1834 1738 1886 1790 in

1987 548 2271 626 indutum,
2299 567 2354 613 et
2386 571 2449 611 os
2491 557 2611 626 ejus
2640 574 2703 615 os
2722 563 2918 628 :mcum
2958 575 3077 615 esse
3104 571 3278 617 vestra
3309 561 3448 616 sciat
3478 562 3561 616 di-

1990 653 2166 708 lectio.
2208 653 2265 709 Si
2295 653 2417 723 quis
2440 665 2569 721 ergo
2595 660 2835 707 vestrum
2880 660 2964 705 est
2997 651 3048 704 in
3084 667 3240 720 quem
3271 652 3572 722 aliquando

1987 733 2187 812 sponte
2212 745 2718 817 peceavi,.primus
2743 745 2795 798 in
2845 741 2934 797 illo
2964 758 3062 811 pro
3111 743 3361 812 praedicta
3403 745 3560 816 culpa

1989 835 2178 905 pellem
2213 852 2386 892 meam
2433 840 2732 909 percutiat,
2763 846 2817 893 et
2840 851 2905 893 os
2933 852 3110 891 meum
3146 851 3175 890 a
3207 837 3329 893 cibo
3371 839 3561 908 prohi-

1986 925 2131 978 beat.
2173 923 2300 979 Post
2340 927 2481 983 hanc
2523 943 2658 985 vero
2703 929 2916 998 culpam
2948 926 3138 998 pellem
3185 942 3361 981 meam
3409 927 3566 982 fratri

1989 1015 2156 1085 Moysi
2193 1016 2587 1088 studiosissime
2622 1022 2967 1086 commendo,
2997 1021 3140 1075 sicut
3177 1021 3330 1074 suam
3359 1019 3564 1089 diligit,

1989 1107 2057 1162 ad
2084 1107 2524 1175 custodiendum;
2553 1113 2704 1166 vobis
2728 1118 2936 1178 autem,
2973 1127 3078 1166 non
3109 1111 3245 1166 adeo
3269 1111 3338 1142 ⁶¹⁸
3359 1109 3424 1164 ad
3450 1126 3570 1182 par-

1986 1197 2242 1253 centlmn.
2275 1197 2410 1252 Nam
2445 1199 2489 1253 si
2517 1201 2633 1269 ejus
2655 1203 2811 1269 culpa
2843 1203 2995 1273 pellis
3024 1217 3140 1256 mea
3181 1201 3305 1255 hesa
3334 1208 3426 1254 aut
3447 1215 3570 1270 gra-

1987 1287 2105 1338 vius
2130 1297 2363 1356 excussa
2404 1283 2596 1350 fuerit,
2629 1287 2694 1338 ab
2719 1288 2806 1338 illo
2829 1289 3068 1356 exigam;
3095 1290 3138 1341 si
3170 1286 3293 1356 quis
3313 1295 3491 1340 autem
3517 1287 3568 1339 ei

1989 1351 2321 1445 pepercerit,
2373 1374 2449 1427 illi
2491 1375 2691 1441 gratias
2721 1389 2893 1444 agam.
2942 1378 3014 1429 De
3048 1375 3246 1430 faumlo
3289 1390 3415 1429 vero
3449 1375 3584 1445 ejus.

1988 1468 2180 1519 scitote
2209 1465 2334 1534 quia
2362 1464 2522 1516 aliam
2547 1463 2739 1532 pellem
2773 1479 2879 1516 non
2911 1453 3106 1526 habeo,
3135 1463 3388 1530 quoniam
3418 1463 3584 1516 salus.

1988 1555 2105 1624 cjus
2147 1556 2290 1609 salus
2323 1568 2471 1617 mea;
2513 1555 2690 1608 anima
2719 1553 2870 1624 ejus,
2903 1556 3085 1608 anima
3119 1569 3238 1608 mea
3277 1563 3380 1608 est.
3425 1555 3570 1620 Quo-

1990 1650 2133 1704 niam
2163 1657 2343 1702 autcm
2374 1647 2502 1717 quid
2533 1648 2600 1701 de
2621 1659 2847 1717 argento
2873 1650 3128 1718 postulat,
3163 1659 3245 1704 est
3269 1651 3332 1702 ad
3362 1649 3569 1705 faciem-

1989 1739 2112 1792 dum
2145 1736 2339 1801 facile;
2388 1749 2494 1788 non
2525 1739 2656 1801 erit,
2703 1748 2760 1791 ut
2796 1748 2943 1808 puto,
2975 1740 3114 1809 apml
3145 1739 3585 1795 miscricordiam

312 1840 423 1894 quo
448 1823 678 1878 Iactatus
699 1825 1430 1880 etnutritusestomnimodo
1461 1826 1697 1895 recolligi
1720 1827 1886 1895 cupit.
1919 1837 2223 1901 Bvestram
2254 1828 2321 1880 ad
2364 1827 2764 1907 impetrandum
2805 1827 3034 1884 tlillicilc.
3084 1829 3158 1883 De
3206 1829 3291 1882 his
3325 1828 3576 1886 oninibus

316 1915 381 1968 Et
405 1914 660 1983 quoniam
687 1929 793 1968 non
826 1913 1116 1985 sedignum
1133 1917 1312 1970 vocari
1329 1916 1520 1980 filium,
1549 1925 1641 1970 aut
1673 1915 1893 1971 fratrem

309 2004 421 2073 jam
445 2004 683 2073 jmlieat,
715 2004 907 2058 saltem
939 2007 1053 2060 fleri
1082 2022 1139 2061 se
1165 2007 1304 2061 sicut
1335 2023 1499 2060 unum
1529 2008 1595 2061 de
1619 2023 1899 2062 mercena-

315 2096 412 2150 riis
435 2095 600 2166 359
635 2097 830 2150 vestris
877 2104 1084 2151 tantum
1119 2099 1261 2152 inter
1299 2114 1394 2153 vos
1443 2115 1563 2153 esse
1604 2109 1906 2166 mereatur,

314 2189 589 2244 desiderat
618 2205 631 2241 :
667 2187 867 2242 famulo
899 2203 1112 2258 quoque
1141 2206 1239 2244 suo
1260 2231 1274 2254 ,
1323 2206 1483 2259 quem
1521 2191 1636 2260 ipse
1665 2191 1732 2245 ad
1773 2206 1900 2245 con-

313 2297 530 2335 sensum
552 2291 606 2335 et
626 2281 942 2350 obsequium
971 2283 1052 2336 sui
1079 2282 1257 2337 dilecti
1284 2284 1529 2344 attraxit,
1555 2294 1702 2340 tanto
1730 2286 1900 2355 magis

313 2387 477 2440 quam
506 2370 655 2425 carni
680 2385 792 2424 sua:
827 2371 1011 2437 timet,
1036 2380 1239 2442 quanto
1269 2375 1311 2427 si
1338 2373 1425 2428 ille
1448 2374 1636 2444 aliqua
1664 2377 1896 2432 vindicta

313 2462 570 2531 puniatur
605 2459 755 2530 justo
798 2461 1037 2530 judicio,
1085 2463 1152 2518 ab
1188 2465 1370 2520 anima
1433 2481 1529 2521 sua
1575 2468 1896 2536 exigendum

314 2551 478 2605 videt.
506 2550 582 2606 De
607 2552 834 2620 pecunia
862 2554 1026 2608 etiam
1055 2555 1250 2610 alliena
1269 2557 1372 2611 sub
1385 2567 1546 2628 pacto
1577 2559 1898 2620 redditionis

313 2651 557 2710 accepta,
587 2656 752 2712 quam
788 2643 1003 2700 incaute
1033 2660 1128 2715 per
1153 2647 1383 2702 alienam
1412 2647 1676 2704 fallaciam
1699 2666 1898 2720 expen-

313 2738 424 2800 dit,
459 2738 534 2792 ita
585 2734 851 2792 sollicitus
898 2745 982 2792 est
1022 2746 1083 2791 ut
1113 2737 1214 2792 nisi
1259 2733 1354 2807 per
1400 2740 1665 2810 largitatis
1703 2750 1898 2795 vestra:

314 2821 604 2893 auxilium,
651 2839 706 2886 et
753 2843 851 2898 per
888 2827 1160 2881 licentiam
1194 2839 1252 2881 ut
1292 2831 1653 2898 undecunque
1699 2833 1898 2899 poterit

313 2937 374 2976 se
421 2919 678 2988 adjuvari.
711 2919 980 2990 postulet,
1017 2918 1085 2972 ab
1112 2934 1178 2974 eo
1215 2919 1398 2975 debito
1443 2922 1729 2991 contigerit
1772 2937 1893 2977 eum

314 3010 631 3074 exonerari,
667 3025 938 3078 nunquam
984 3018 1163 3078 speret
1193 3025 1286 3065 cor
1313 3027 1470 3064 sumn
1502 3029 1567 3066 ex
1605 3014 1704 3067 hac
1737 3030 1892 3069 vere-

313 3101 510 3154 cundia
539 3115 700 3168 posse
727 3100 1014 3158 consolari.
1049 3099 1154 3154 Sed
1186 3102 1442 3170 quoniam
1469 3103 1535 3155 ad
1580 3113 1657 3157 tot
1683 3113 1737 3157 et
1769 3113 1896 3159 lan-

1995 1928 2281 1990 antequam
2317 1920 2539 1990 incipiat
2581 1921 2786 1984 redire,
2831 1920 3162 1972 voluntatem
3209 1927 3444 1972 vesn'am
3478 1930 3575 1988 per

1997 2012 2207 2066 litteras
2249 2021 2456 2065 vestras
2489 2011 2858 2065 desideramus
2888 2010 3095 2063 audire.
3145 2008 3259 2063 Non
3293 2009 3417 2078 quia
3459 2008 3585 2076 ipse

1998 2110 2245 2165 recuset,
2294 2102 2337 2156 si
2387 2101 2618 2170 jnbetis,
2650 2101 2812 2154 etiam
2857 2099 2921 2152 ad
2957 2109 3222 2153 tormenta
3248 2113 3581 2169 properare;

1997 2190 2091 2246 sed
2117 2192 2373 2261 quoniam
2397 2207 2516 2246 cum
2550 2193 2688 2244 bona
2715 2204 2840 2258 spe,
2879 2191 3032 2252 Ianus
3058 2188 3123 2243 ad
3154 2205 3249 2244 eos
3269 2188 3580 2260 quos_desi-

1997 2284 2172 2345 derat,
2205 2291 2357 2352 optat
2385 2295 2647 2336 remeare.
2677 2279 2881 2335 Valete.

2455 2369 2785 2426 EPISTULA
2828 2368 2986 2425 XLVI
3023 2368 3114 2422 "9.

2577 2475 2643 2513 AD
2681 2474 3015 2515 GUNDULFUH.

2401 2548 2606 2603 Exorat
2638 2565 2730 2617 pro
2759 2548 2936 2602 eodem
2967 2548 3168 2616 refuga.

2066 2641 2296 2696 Domino
2347 2649 2401 2694 et
2443 2640 2625 2702 Patri,
2685 2639 2861 2694 amico
2903 2639 3225 2702 verissimo,
3281 2647 3589 2696 reverenda

1998 2728 2249 2802 episcopo
2285 2730 2602 2794 Goaouu‘o,
2636 2729 3150 2802 fratcrjAussuws,
3184 2731 3236 2785 in
3270 2730 3429 2801 hujus
3458 2732 3586 2787 vita:

1997 2835 2344 2889 perseverare
2373 2821 2662 2876 sanctitate
2681 2861 2698 2886 ,
2742 2820 2794 2875 in
2827 2821 3021 2876 futura:
3050 2814 3372 2890 permanere
3402 2819 3580 2878 fclici-

1999 2919 2109 2965 tate
2129 2911 2220 2963 ⁵³⁸.
2428 2982 2432 2986 η
3326 2897 3334 2908 ’

2068 3000 2122 3054 Si
2157 3010 2350 3054 vestrm
2377 3000 2842 3055 benevolentimet
2868 3009 3170 3055 vestrorum
3194 3000 3590 3059 beneficiorum.

1994 3091 2406 3146 retributionem
2453 3093 2506 3146 ln
2537 3093 2843 3161 gratiarum,
2879 3092 3091 3147 actione
3121 3106 3243 3148 esse
3280 3094 3590 3152 sciremus.

317 3201 399 3245 ius
427 3203 514 3245 res
547 3199 736 3258 preces
763 3210 889 3250 suas
917 3188 1222 3244 considerat
1249 3205 1347 3246 nec
1375 3204 1532 3262 posse
1558 3206 1656 3246 nec
1691 3193 1890 3248 debere
1916 3179 1958 3236 C
1992 3183 2177 3251 utique
2230 3182 2430 3238 multas
2473 3182 2642 3254 pelles
2689 3182 2870 3236 ovium
2921 3183 3223 3252 gratiarum
3276 3184 3582 3240 actionibus

315 3279 591 3347 sufficere,
623 3297 710 3337 me
731 3297 946 3336 servum
971 3292 1210 3338 vestrum
1234 3322 1248 3346 ,
1279 3281 1531 3350 quoniam
1558 3295 1656 3336 nec
1681 3281 1888 3336 ﬁdelio-

315 3385 430 3428 rem
465 3374 618 3428 vobis
636 3413 652 3438 ,
682 3389 780 3429 nec
803 3389 963 3444 quem
995 3375 1170 3444 magis
1197 3370 1443 3427 confidat’
1461 3388 1488 3424 a
1512 3373 1663 3426 vobis
1689 3373 1892 3441 aliquid

314 3473 475 3527 posse
507 3460 799 3528 impetrare
829 3461 896 3513 ad
927 3475 1164 3528 praesens
1190 3459 1380 3522 habet,
1411 3473 1507 3526 pro
1533 3473 1592 3512 se
1624 3469 1777 3528 rogat
1814 3461 1894 3514 in-

317 3549 614 3605 tercedere.
661 3551 862 3606 Verum
890 3567 1014 3605 cum
1050 3550 1195 3604 nulla
1235 3535 1414 3617 major
1441 3549 1509 3603 sit
1542 3550 1888 3616 intercessio,

313 3655 475 3709 quam
529 3640 683 3707 pellis
727 3655 826 3709 pro
863 3639 1033 3709 pelle,
1065 3640 1258 3692 aninue
1303 3652 1400 3707 pro
1449 3640 1625 3692 anima
1658 3640 1885 3710 positio,

313 3731 524 3786 dicente
558 3730 780 3784 Domino
809 3747 823 3784 :
867 3729 1124 3799 Mojorem
1163 3729 1488 3782 dilectionem
1528 3745 1675 3781 nemo
1706 3729 1886 3793 habet,

311 3837 468 3888 quam
500 3822 812 3874 ut'animam
846 3833 1002 3891 ponat
1035 3823 1150 3891 quis
1185 3837 1278 3888 pro
1322 3820 1502 3873 uotiuis
1539 3820 1654 3895 suis
1679 3819 1884 3889 '(Joan.

315 3927 404 3978 xv,
447 3913 555 3984 l3).
604 3914 866 3970 Domuum
906 3911 1123 3980 Moysen
1155 3929 1184 3965 a
1220 3911 1400 3980 planta
1445 3911 1597 3981 pedis
1626 3926 1794 3980 usque
1817 3911 1884 3964 ad

1991 3271 2362 3348 impleremus.
2388 3270 2494 3329 Sed
2530 3276 2782 3344 quoniam
2812 3290 2918 3330 non
2961 3275 3016 3330 in
3041 3290 3173 3331 voce
3201 3275 3579 3343 irrevocabili,

1993 3369 2095 3420 nec
2123 3366 2175 3418 iu
2203 3366 2473 3435 scriptura
2505 3367 2777 3435 putribili,
2803 3367 2896 3422 sed
2922 3367 2975 3423 in
3004 3368 3583 3438 aeternteplenitudiuo

1994 3456 2269 3511 felicitatis
2301 3459 2604 3512 mercedem
2656 3467 2898 3512 vestram
2946 3459 3194 3513 novimus
3239 3459 3539 3513 consistere
3561 3477 3590 3514 :.

1993 3549 2222 3616 ideoque
2254 3547 2674 3618 supersedemus
2713 3563 2810 3618 per
2854 3539 3086 3621 singula'
3106 3559 3283 3604 vestra
3321 3551 3584 3606 benelicia

1993 3639 2196 3708 gratias
2247 3635 2558 3693 remittere.
2593 3639 2828 3694 h-Iutuam
2876 3654 3005 3696 vero
3055 3650 3289 3696 vestram
3340 3642 3585 3698 dilectio-

1991 3744 2139 3793 nem,
2172 3728 2314 3781 sicut
2356 3728 2408 3782 in
2442 3728 2595 3782 vobis
2629 3745 2849 3785 manere
2876 3731 3262 3786 immutabilem
3291 3749 3396 3786 non
3429 3733 3584 3804 igno-

1994 3831 2209 3882 ramus;
2245 3816 2317 3870 ita
2343 3818 2394 3870 in
2433 3817 2590 3872 nobis
2611 3833 2728 3871 eam
2758 3834 2974 3874 servare
3021 3820 3389 3875 inviolabilem
3420 3827 3582 3876 cura-

2000 3923 2136 3964 mus.
2162 3909 2236 3964 De
2267 3907 2433 3964 fratre
2462 3908 2643 3979 Moyse
2665 3909 3043 3966 Cautuarieusi
3067 3910 3284 3980 juvene,
3316 3913 3406 3983 qui
3435 3928 3580 3970 nunc

1607 4039 1839 4095 γΑιιιΑῑ
1881 4039 2280 4096 LECTIONES.

387 4160 457 4190 ⁸¹⁷
507 4159 787 4215 Satnraris
811 4158 1012 4228 siliqnii
1031 4174 1129 4210 ms.
1157 4158 1386 4211 saturari
1418 4157 1628 4228 siliquis

306 4229 595 4289 .faalicitate
621 4246 717 4282 ius.
747 4245 1066 4299 permanere
1097 4229 1378 4282 fwlicitalc

1727 4161 1797 4191 ³¹⁸
1823 4160 1863 4214 Α
1901 4160 2001 4215 deo
2032 4175 2131 4212 ms.
2169 4156 2305 4209 adeo
2375 4155 2475 4188 ’ω
2499 4154 2702 4210 Collata
2726 4173 2842 4210 cum
2865 4142 3042 4211 eod'em
3074 4174 3171 4213 ms.

3271 4158 3342 4191 "°
3365 4157 3580 4216 Manere

1518 4342 1796 4398 JOANNIS
1825 4340 2102 4398 PlCAliDl
2129 4338 2360 4396 ΝΟΤιΕ.
2447 4365 2459 4375 ·

312 4486 485 4547 Ingens
529 4473 860 4547 voluntatem
911 4488 1064 4547 suam
1101 4473 1414 4547 Ldetectam,
1451 4477 1892 4547 ct_propositum
1926 4462 1974 4521 ι)
1992 4475 2344 4547 [rancusnee
2375 4471 3005 4547 volcnspmpalare,nec
3034 4475 3571 4547 onminooccnltare,

312 4542 494 4600 cordis
522 4544 604 4597 sui
627 4583 642 4608 ,
669 4543 818 4615 quod
853 4543 1421 4615 occultummputahat,
1446 4542 1734 4615 evidenter
1783 4565 1902 4615 pro-
1971 4542 2264 4598 "bdicavit
2293 4542 2433 4595 illam
2459 4543 2670 4615 cuidam
2704 4544 2964 4598 monacho
2993 4546 3204 4599 nomine
3236 4542 3569 4611 Guilbelmo,

313 4615 564 4685 palatum
585 4653 598 4675 ,
631 4612 842 4685 abbatis
871 4611 1102 4685 pedibus
1126 4611 1276 4685 illico
1291 4612 1630 4685 advolvitur,
1653 4625 1706 4668 et
1726 4611 1900 4684 quali.

315 4681 398 4740 ter
423 4684 523 4738 sibi
556 4681 916 4736 innotuissent
945 4681 1066 4733 talia
1091 4682 1368 4736 humiliter
1388 4683 1722 4738 sciscitatur.
1743 4681 1899 4741 Tunc

315 4757 364 4809 ei
399 4753 564 4806 abbas
600 4751 792 4804 blanda
827 4765 955 4802 voce
980 4752 1238 4822 visionem
1272 4752 1517 4820 aperuit,
1547 4762 1602 4806 et
1624 4754 1748 4822 quid
1794 4757 1898 4811 sibi

316 4823 581 4878 divinitus
627 4837 721 4890 per
751 4834 976 4892 puerum
1009 4819 1314 4892 revelantur
1347 4823 1415 4874 sit
1457 4823 1594 4876 sicut
1624 4819 1781 4892 supra
1814 4841 1897 4879 re-

316 4888 904 4960 texnimus,‘explicat.
959 4888 1294 4943 Lanfrancus
1345 4888 1785 4960 obstupefactus,
1834 4904 1889 4949 et

315 4962 409 5016 Ι)οἰ
441 4963 665 5030 gratiam
693 4960 745 5012 in
773 4959 967 5013 abbate
995 4961 1338 5013 vehementer
1367 4959 1682 5027 admiratus,
1715 4965 1888 5018 Immi-

314 5049 423 5101 uue
470 5041 792 5101 prostratus,
847 5044 943 5096 per
995 5030 1390 5082 confessionem
1449 5032 1593 5084 Patri
1644 5035 1887 5100 protinus

314 5099 575 5172 quidquid
614 5102 666 5152 in
699 5099 972 5172 voluntate
1005 5101 1265 5152 habuerat
1288 5138 1302 5160 ,
1335 5102 1494 5172 corde
1536 5099 1887 5172 compunctus

317 5169 586 5241 exposuit,
621 5169 1044 5241 pmttitentiaquc
1073 5179 1381 5241 aCt‘t'ltl:l_Ci.
1408 5169 1742 5226 absoltttimie
1787 5173 1890 5226 itu-

311 5239 548 5312 petrata,
581 5239 867 5312 spopondit
889 5253 946 5292 se
983 5253 1252 5312 tamquam
1273 5239 1338 5290 ab
1365 5240 1480 5306 ipso
1503 5241 1890 5308 discessurm'n,

313 5308 534 5380 bjusque
557 5308 839 5380 prtet'eptis
860 5308 1151 5380 peremnia
1177 5308 1692 5380 obtemperaturum.
1712 5312 1895 5368 Abbas

314 5378 931 5450 ingentesonmipotenti
969 5379 1072 5430 lico
1095 5378 1296 5450 gratias
1332 5379 1588 5441 referens,
1618 5397 1776 5447 quam
1819 5382 1894 5434 ci-

303 5447 422 5514 ,iiu's
452 5451 641 5518 potuit,
675 5447 1033 5518 Lanfrancum
1059 5448 1289 5518 priorem
1323 5450 1622 5518 (εριιδιὶιιιὶι,
1655 5461 1707 5502 et
1747 5450 1895 5518 quid-

287 5514 651 5587 quid'ditioni
684 5517 995 5571 monasterii
1018 5514 1328 5587 subjaccbat
1355 5515 1494 5568 intus
1535 5529 1589 5569 et
1632 5514 1892 5582 exterius,

313 5585 480 5656 ipsius
527 5605 669 5643 cura:
701 5587 994 5656 eorumi'sit.
1033 5585 1179 5649 Quos
1219 5585 1288 5656 ita
1335 5588 1617 5639 unanimes
1649 5604 1765 5639 esse
1801 5590 1892 5641 tri-

312 5654 422 5711 buit
480 5659 655 5710 divina
717 5655 1013 5724 proiectio,
1050 5663 1108 5704 ut
1148 5654 1286 5706 nulla
1336 5658 1471 5706 inter
1518 5674 1608 5706 vos
1655 5674 1889 5723 unquam

312 5729 466 5784 fut-rit
495 5737 606 5780 orta
640 5725 991 5780 dissensionis
1021 5724 1256 5777 occasio.
1286 5725 1433 5779 llauc
1469 5728 1726 5779 visioucm
1760 5729 1890 5781 Lau-

1995 4617 2166 4685 yﬁein
2210 4631 2239 4668 a
2274 4629 2449 4685 puero
2469 4614 2734 4666 nutrierat
2777 4623 2830 4685 et
2861 4617 3112 4685 dot-uerat
3134 4655 3148 4677 ,
3177 4617 3572 4685 pho-inminqne

2009 4682 2610 4750 durabat,’prmcipit-ns
2643 4699 2707 4735 ne
2749 4682 2905 4737 alieni
2953 4687 3192 4746 diceret,
3235 4682 3568 4750 quandiu'in

2003 4768 2232 4822 corpore
2262 4755 2486 4806 viveret.
2510 4753 2661 4818 Quod
2683 4752 2767 4806 ille
2787 4757 3019 4806 servavit
3045 4770 3211 4815 usque
3237 4757 3300 4806 ad
3326 4755 3580 4810 ultimam.

2006 4832 2360 4877 Senectutem.
2397 4822 2523 4885 Post
2552 4833 2774 4875 mortem
2801 4838 2925 4875 νυνί)
2959 4823 3236 4877 Lanfrantii
3256 4865 3268 4886 ,
3298 4839 3417 4876 cum
3454 4824 3566 4890 jam

2004 4893 2150 4946 nulla
2180 4893 2541 4961 prohibitione
2572 4901 2875 4957 urgeretur,
2897 4893 3109 4960 scripsit
3150 4908 3258 4945 rem
3284 4893 3422 4944 sicut
3466 4912 3566 4948 att-

1989 4964 2182 5026 dierat,
2197 4972 2250 5014 et
2267 4962 2444 5014 abbati
2464 4978 2521 5032 ac
2541 4961 3004 5032 monachisliecci,
3021 4971 3173 5030 prout
3197 4978 3352 5030 supra
3370 4963 3567 5032 digres-

2013 5049 2153 5094 mns,
2202 5033 2353 5083 dixit.
2400 5052 2417 5083 ι
2465 5030 3072 5101 llucttsque_Cnilbelmi
3120 5032 3371 5099 epistola,
3412 5030 3577 5101 cujus

2008 5102 2362 5170 summarium
2395 5103 2720 5170 hiographus
2751 5099 3034 5154 Bcccensis
3068 5101 3117 5153 in
3147 5102 3383 5167 ejusdem
3427 5099 3569 5155 Lan-

2013 5171 2181 5224 franci
2217 5169 2388 5223 Vitam
2420 5169 2747 5234 contulerat,
2775 5185 2835 5221 cx
2866 5186 2966 5238 qua
3003 5173 3214 5224 unicum
3251 5172 3376 5224 illud
3408 5172 3565 5239 idque

2009 5255 2317 5307 supremum
2359 5239 2610 5303 referam,
2639 5255 2824 5307 nempe
2847 5282 2860 5305 ,
2885 5242 3024 5308 quod
3056 5257 3174 5291 cum
3210 5241 3565 5293 Cantuarien—

2004 5309 2080 5363 sis
2131 5309 2352 5362 basilica
2403 5310 2468 5363 ab
2519 5309 2635 5378 ipso
2680 5309 2979 5362 Lanfranco
3017 5311 3244 5377 primum
3291 5311 3560 5374 inchoata,

2002 5379 2321 5448 tandemque
2368 5381 2434 5431 ad
2499 5379 2804 5431 umbilicum
2875 5382 3123 5448 perducta
3184 5396 3209 5431 a
3259 5378 3560 5432 (xuilbolmo

2002 5446 2340 5502 Gurboliensi
2387 5448 2540 5500 lcrlio
2599 5458 2714 5515 post
2761 5446 2928 5515 ipsum
2974 5449 3370 5514 archiepiscopo
3422 5448 3562 5502 foret

2002 5519 2301 5580 sacranda,
2336 5533 2430 5586 pro
2464 5532 2609 5569 more
2643 5518 2874 5570 ttniwt'si
2918 5519 3307 5569 inlmmalorum
3349 5517 3560 5572 cineres

2000 5588 2124 5640 elati
2165 5589 2347 5650 fuetc,
2380 5597 2595 5653 tumque
2625 5590 2917 5640 monachus
2954 5587 3140 5652 aliquis
3183 5587 3414 5652 νηυςίιιίι
3467 5603 3558 5638 ca-

1998 5658 2122 5710 snbe
2150 5656 2429 5709 Lanfrant-i
2459 5656 2773 5724 particulam
2802 5699 2812 5720 ,
2845 5671 2959 5723 quae
2990 5665 3208 5708 cunctos
3243 5655 3556 5713 olfacit-otes

1999 5728 2427 5795 fragrantissimo
2459 5725 2652 5779 afﬂavit
2683 5727 2859 5779 odore.

3839 0 4164 30 επὶ-’ἵ
