  <div class='ocr_page' id='page_1' title='image "/cluster/home/n/w/nwhite01/storage/ocr_20150623/158/uva.x000829800/603.png"; bbox 0 0 4214 6194; ppageno 0'>
   <div class='ocr_carea' id='block_1_1' title="bbox 639 260 781 319">
    <p class='ocr_par' dir='ltr' id='par_1_1' title="bbox 639 260 781 319">
     <span class='ocr_line' id='line_1_1' title="bbox 639 260 781 319; baseline 0.014 -2"><span class='ocrx_word' id='word_1_1' title='bbox 639 260 667 317; x_wconf 74' lang='grc' dir='ltr'><strong>Ι</strong></span> <span class='ocrx_word' id='word_1_2' title='bbox 675 262 781 319; x_wconf 61' lang='grc' dir='ltr'><strong>ροδ</strong></span> 
     </span>
    </p>
   </div>
   <div class='ocr_carea' id='block_1_2' title="bbox 1175 256 3333 329">
    <p class='ocr_par' dir='ltr' id='par_1_2' title="bbox 1175 256 3333 329">
     <span class='ocr_line' id='line_1_2' title="bbox 1175 256 3333 329; baseline -0.002 -12"><span class='ocrx_word' id='word_1_3' title='bbox 1175 262 1236 318; x_wconf 87' lang='lat' dir='ltr'><strong>S.</strong></span> <span class='ocrx_word' id='word_1_4' title='bbox 1278 262 1577 319; x_wconf 70' lang='lat' dir='ltr'><strong>ANSELMI</strong></span> <span class='ocrx_word' id='word_1_5' title='bbox 1608 263 1955 327; x_wconf 68' lang='lat' dir='ltr'><strong>CANTHAR.</strong></span> <span class='ocrx_word' id='word_1_6' title='bbox 1988 266 2305 329; x_wconf 78' lang='lat' dir='ltr'><strong>ARCHIEP.</strong></span> <span class='ocrx_word' id='word_1_7' title='bbox 2337 264 2485 322; x_wconf 81' lang='lat' dir='ltr'><strong>OPP.</strong></span> <span class='ocrx_word' id='word_1_8' title='bbox 2520 261 2698 319; x_wconf 79' lang='lat' dir='ltr'><strong>PARS</strong></span> <span class='ocrx_word' id='word_1_9' title='bbox 2732 260 2817 316; x_wconf 88' lang='lat' dir='ltr'><strong>Ill.</strong></span> <span class='ocrx_word' id='word_1_10' title='bbox 2852 290 2918 300; x_wconf 87' lang='lat'><strong>—-</strong></span> <span class='ocrx_word' id='word_1_11' title='bbox 2957 256 3333 315; x_wconf 66' lang='lat' dir='ltr'><strong>EPISTOLIE.</strong></span> 
     </span>
    </p>
   </div>
   <div class='ocr_carea' id='block_1_3' title="bbox 3090 86 3123 117">
    <p class='ocr_par' dir='ltr' id='par_1_3' title="bbox 3090 86 3123 117">
     <span class='ocr_line' id='line_1_3' title="bbox 3090 86 3123 117; baseline 0 0"><span class='ocrx_word' id='word_1_12' title='bbox 3090 86 3123 117; x_wconf 54' lang='grc' dir='ltr'>Ἀ</span> 
     </span>
    </p>
   </div>
   <div class='ocr_carea' id='block_1_4' title="bbox 3762 260 3904 313">
    <p class='ocr_par' dir='ltr' id='par_1_4' title="bbox 3762 260 3904 313">
     <span class='ocr_line' id='line_1_4' title="bbox 3762 260 3904 313; baseline -0.014 0"><span class='ocrx_word' id='word_1_13' title='bbox 3762 260 3904 313; x_wconf 67' lang='grc' dir='ltr'>12οι</span> 
     </span>
    </p>
   </div>
   <div class='ocr_carea' id='block_1_5' title="bbox 635 341 3902 443">
    <p class='ocr_par' dir='ltr' id='par_1_5' title="bbox 635 341 3902 443">
     <span class='ocr_line' id='line_1_5' title="bbox 635 341 3902 443; baseline -0.003 -35"><span class='ocrx_word' id='word_1_14' title='bbox 635 353 796 408; x_wconf 86' lang='lat' dir='ltr'><strong>estin</strong></span> <span class='ocrx_word' id='word_1_15' title='bbox 825 352 1149 407; x_wconf 85' lang='lat' dir='ltr'><strong>monasterio</strong></span> <span class='ocrx_word' id='word_1_16' title='bbox 1179 362 1365 408; x_wconf 88' lang='lat' dir='ltr'><strong>nostro</strong></span> <span class='ocrx_word' id='word_1_17' title='bbox 1387 362 1442 409; x_wconf 88' lang='lat' dir='ltr'><strong>et</strong></span> <span class='ocrx_word' id='word_1_18' title='bbox 1467 353 1580 420; x_wconf 77' lang='lat' dir='ltr'><strong>vult</strong></span> <span class='ocrx_word' id='word_1_19' title='bbox 1611 355 1663 409; x_wconf 91' lang='lat' dir='ltr'><strong>in</strong></span> <span class='ocrx_word' id='word_1_20' title='bbox 1690 355 1934 427; x_wconf 82' lang='lat' dir='ltr'><strong>Angliam</strong></span> <span class='ocrx_word' id='word_1_21' title='bbox 1959 358 2025 410; x_wconf 88' lang='lat' dir='ltr'><strong>ad</strong></span> <span class='ocrx_word' id='word_1_22' title='bbox 2047 360 2204 410; x_wconf 78' lang='lat' dir='ltr'><strong>suttm</strong></span> <span class='ocrx_word' id='word_1_23' title='bbox 2312 352 2682 425; x_wconf 88' lang='lat' dir='ltr'><strong>perversitatis</strong></span> <span class='ocrx_word' id='word_1_24' title='bbox 2713 350 2942 418; x_wconf 83' lang='lat' dir='ltr'><strong>impetus</strong></span> <span class='ocrx_word' id='word_1_25' title='bbox 2966 348 3110 403; x_wconf 86' lang='lat' dir='ltr'><strong>circa</strong></span> <span class='ocrx_word' id='word_1_26' title='bbox 3155 346 3303 400; x_wconf 85' lang='lat' dir='ltr'><strong>illum</strong></span> <span class='ocrx_word' id='word_1_27' title='bbox 3346 341 3598 443; x_wconf 49' lang='lat' dir='ltr'><strong>repc&#39;llat,</strong></span> <span class='ocrx_word' id='word_1_28' title='bbox 3646 359 3809 413; x_wconf 89' lang='lat' dir='ltr'><strong>quam</strong></span> <span class='ocrx_word' id='word_1_29' title='bbox 3841 356 3902 401; x_wconf 89' lang='lat' dir='ltr'><strong>ut</strong></span> 
     </span>
    </p>
   </div>
   <div class='ocr_carea' id='block_1_6' title="bbox 632 444 2216 518">
    <p class='ocr_par' dir='ltr' id='par_1_6' title="bbox 632 444 2216 518">
     <span class='ocr_line' id='line_1_6' title="bbox 632 444 2216 518; baseline 0.003 -20"><span class='ocrx_word' id='word_1_30' title='bbox 632 444 1021 499; x_wconf 72' lang='lat' dir='ltr'><strong>monasterium</strong></span> <span class='ocrx_word' id='word_1_31' title='bbox 1050 444 1258 511; x_wconf 86' lang='lat' dir='ltr'><strong>redire,</strong></span> <span class='ocrx_word' id='word_1_32' title='bbox 1288 455 1527 502; x_wconf 79' lang='lat' dir='ltr'><strong>vestram</strong></span> <span class='ocrx_word' id='word_1_33' title='bbox 1562 462 1851 518; x_wconf 89' lang='lat' dir='ltr'><strong>precamur</strong></span> <span class='ocrx_word' id='word_1_34' title='bbox 1876 450 2216 503; x_wconf 73' lang='lat' dir='ltr'><strong>sanctitatem</strong></span> 
     </span>
    </p>
   </div>
   <div class='ocr_carea' id='block_1_7' title="bbox 633 533 2217 608">
    <p class='ocr_par' dir='ltr' id='par_1_7' title="bbox 633 533 2217 608">
     <span class='ocr_line' id='line_1_7' title="bbox 633 533 2217 608; baseline 0.004 -23"><span class='ocrx_word' id='word_1_35' title='bbox 633 543 693 586; x_wconf 92' lang='lat' dir='ltr'><strong>ut</strong></span> <span class='ocrx_word' id='word_1_36' title='bbox 716 544 768 587; x_wconf 92' lang='lat' dir='ltr'><strong>et</strong></span> <span class='ocrx_word' id='word_1_37' title='bbox 796 547 891 587; x_wconf 91' lang='lat' dir='ltr'><strong>vos</strong></span> <span class='ocrx_word' id='word_1_38' title='bbox 910 534 960 587; x_wconf 88' lang='lat' dir='ltr'><strong>ei</strong></span> <span class='ocrx_word' id='word_1_39' title='bbox 985 533 1196 588; x_wconf 78' lang='lat' dir='ltr'><strong>veniam</strong></span> <span class='ocrx_word' id='word_1_40' title='bbox 1227 535 1415 591; x_wconf 81' lang='lat' dir='ltr'><strong>delicti</strong></span> <span class='ocrx_word' id='word_1_41' title='bbox 1440 538 1521 591; x_wconf 90' lang='lat' dir='ltr'><strong>sui</strong></span> <span class='ocrx_word' id='word_1_42' title='bbox 1550 547 1771 608; x_wconf 86' lang='lat' dir='ltr'><strong>propter</strong></span> <span class='ocrx_word' id='word_1_43' title='bbox 1800 545 2042 592; x_wconf 89' lang='lat' dir='ltr'><strong>nostrum</strong></span> <span class='ocrx_word' id='word_1_44' title='bbox 2067 552 2217 592; x_wconf 89' lang='lat' dir='ltr'><strong>amo-</strong></span> 
     </span>
    </p>
   </div>
   <div class='ocr_carea' id='block_1_8' title="bbox 630 622 2216 701">
    <p class='ocr_par' dir='ltr' id='par_1_8' title="bbox 630 622 2216 701">
     <span class='ocr_line' id='line_1_8' title="bbox 630 622 2216 701; baseline 0.006 -25"><span class='ocrx_word' id='word_1_45' title='bbox 630 637 770 686; x_wconf 82' lang='lat' dir='ltr'><strong>rem,</strong></span> <span class='ocrx_word' id='word_1_46' title='bbox 808 622 951 678; x_wconf 80' lang='lat' dir='ltr'><strong>sicut</strong></span> <span class='ocrx_word' id='word_1_47' title='bbox 981 624 1047 680; x_wconf 88' lang='lat' dir='ltr'><strong>de</strong></span> <span class='ocrx_word' id='word_1_48' title='bbox 1084 625 1239 680; x_wconf 81' lang='lat' dir='ltr'><strong>vobis</strong></span> <span class='ocrx_word' id='word_1_49' title='bbox 1286 627 1640 692; x_wconf 80' lang='lat' dir='ltr'><strong>conﬁdimus,</strong></span> <span class='ocrx_word' id='word_1_50' title='bbox 1681 626 1929 701; x_wconf 82' lang='lat' dir='ltr'><strong>tribuatis</strong></span> <span class='ocrx_word' id='word_1_51' title='bbox 1962 645 1977 681; x_wconf 88' lang='lat'><strong>:</strong></span> <span class='ocrx_word' id='word_1_52' title='bbox 2011 636 2066 683; x_wconf 91' lang='lat' dir='ltr'><strong>et</strong></span> <span class='ocrx_word' id='word_1_53' title='bbox 2095 639 2153 683; x_wconf 92' lang='lat' dir='ltr'><strong>ut</strong></span> <span class='ocrx_word' id='word_1_54' title='bbox 2184 646 2216 685; x_wconf 89' lang='lat' dir='ltr'><strong>a</strong></span> 
     </span>
    </p>
   </div>
   <div class='ocr_carea' id='block_1_9' title="bbox 633 710 2209 787">
    <p class='ocr_par' dir='ltr' id='par_1_9' title="bbox 633 710 2209 787">
     <span class='ocr_line' id='line_1_9' title="bbox 633 710 2209 787; baseline 0.003 -19"><span class='ocrx_word' id='word_1_55' title='bbox 633 713 829 768; x_wconf 88' lang='lat' dir='ltr'><strong>domno</strong></span> <span class='ocrx_word' id='word_1_56' title='bbox 859 710 1095 770; x_wconf 87' lang='lat' dir='ltr'><strong>Henrico</strong></span> <span class='ocrx_word' id='word_1_57' title='bbox 1130 716 1335 784; x_wconf 83' lang='lat' dir='ltr'><strong>priore,</strong></span> <span class='ocrx_word' id='word_1_58' title='bbox 1367 725 1419 772; x_wconf 91' lang='lat' dir='ltr'><strong>et</strong></span> <span class='ocrx_word' id='word_1_59' title='bbox 1450 732 1480 771; x_wconf 89' lang='lat' dir='ltr'><strong>a</strong></span> <span class='ocrx_word' id='word_1_60' title='bbox 1525 726 1644 771; x_wconf 72' lang='lat' dir='ltr'><strong>tota</strong></span> <span class='ocrx_word' id='word_1_61' title='bbox 1679 718 2095 787; x_wconf 80' lang='lat' dir='ltr'><strong>congregatione</strong></span> <span class='ocrx_word' id='word_1_62' title='bbox 2123 718 2209 773; x_wconf 85' lang='lat' dir='ltr'><strong>be-</strong></span> 
     </span>
    </p>
   </div>
   <div class='ocr_carea' id='block_1_10' title="bbox 630 803 2216 879">
    <p class='ocr_par' dir='ltr' id='par_1_10' title="bbox 630 803 2216 879">
     <span class='ocr_line' id='line_1_10' title="bbox 630 803 2216 879; baseline 0.008 -26"><span class='ocrx_word' id='word_1_63' title='bbox 630 803 793 871; x_wconf 86' lang='lat' dir='ltr'><strong>nigne</strong></span> <span class='ocrx_word' id='word_1_64' title='bbox 820 804 1171 875; x_wconf 77' lang='lat' dir='ltr'><strong>suscipiatur,</strong></span> <span class='ocrx_word' id='word_1_65' title='bbox 1206 807 1474 863; x_wconf 84' lang='lat' dir='ltr'><strong>etIiciatis.</strong></span> <span class='ocrx_word' id='word_1_66' title='bbox 1509 806 1805 877; x_wconf 88' lang='lat' dir='ltr'><strong>Epistolam</strong></span> <span class='ocrx_word' id='word_1_67' title='bbox 1831 806 1898 839; x_wconf 82' lang='grc'>⁸¹¹</span> <span class='ocrx_word' id='word_1_68' title='bbox 1917 849 1932 875; x_wconf 90' lang='grc'><strong><em>,</em></strong></span> <span class='ocrx_word' id='word_1_69' title='bbox 1962 824 2125 879; x_wconf 90' lang='lat' dir='ltr'><strong>quam</strong></span> <span class='ocrx_word' id='word_1_70' title='bbox 2149 810 2216 865; x_wconf 72' lang='lat' dir='ltr'><strong>de</strong></span> 
     </span>
    </p>
   </div>
   <div class='ocr_carea' id='block_1_11' title="bbox 629 884 2212 983">
    <p class='ocr_par' dir='ltr' id='par_1_11' title="bbox 629 884 2212 983">
     <span class='ocr_line' id='line_1_11' title="bbox 629 884 2212 983; baseline 0.006 -35"><span class='ocrx_word' id='word_1_71' title='bbox 629 893 733 956; x_wconf 79' lang='lat' dir='ltr'><strong>bac</strong></span> <span class='ocrx_word' id='word_1_72' title='bbox 771 910 831 951; x_wconf 87' lang='lat' dir='ltr'><strong>re</strong></span> <span class='ocrx_word' id='word_1_73' title='bbox 870 898 1126 967; x_wconf 81' lang='lat' dir='ltr'><strong>praedicto</strong></span> <span class='ocrx_word' id='word_1_74' title='bbox 1168 885 1333 970; x_wconf 83' lang='lat' dir='ltr'><strong>priori</strong></span> <span class='ocrx_word' id='word_1_75' title='bbox 1380 908 1436 954; x_wconf 91' lang='lat' dir='ltr'><strong>et</strong></span> <span class='ocrx_word' id='word_1_76' title='bbox 1473 884 1879 983; x_wconf 75' lang='lat' dir='ltr'><strong>congregationi</strong></span> <span class='ocrx_word' id='word_1_77' title='bbox 1931 902 2212 967; x_wconf 86' lang='lat' dir='ltr'><strong>misimus,</strong></span> 
     </span>
    </p>
   </div>
   <div class='ocr_carea' id='block_1_12' title="bbox 628 986 2214 1064">
    <p class='ocr_par' dir='ltr' id='par_1_12' title="bbox 628 986 2214 1064">
     <span class='ocr_line' id='line_1_12' title="bbox 628 986 2214 1064; baseline 0.009 -28"><span class='ocrx_word' id='word_1_78' title='bbox 628 986 842 1054; x_wconf 83' lang='lat' dir='ltr'><strong>placeat</strong></span> <span class='ocrx_word' id='word_1_79' title='bbox 869 1003 1061 1044; x_wconf 63' lang='lat' dir='ltr'><strong>vestrae</strong></span> <span class='ocrx_word' id='word_1_80' title='bbox 1089 992 1364 1051; x_wconf 79' lang='lat' dir='ltr'><strong>sanctitati</strong></span> <span class='ocrx_word' id='word_1_81' title='bbox 1404 991 1619 1063; x_wconf 80' lang='lat' dir='ltr'><strong>legere;</strong></span> <span class='ocrx_word' id='word_1_82' title='bbox 1660 1002 1715 1049; x_wconf 89' lang='lat' dir='ltr'><strong>et</strong></span> <span class='ocrx_word' id='word_1_83' title='bbox 1743 994 2041 1049; x_wconf 81' lang='lat' dir='ltr'><strong>secundum</strong></span> <span class='ocrx_word' id='word_1_84' title='bbox 2072 995 2214 1064; x_wconf 90' lang='lat' dir='ltr'><strong>quod</strong></span> 
     </span>
    </p>
   </div>
   <div class='ocr_carea' id='block_1_13' title="bbox 629 1076 2213 1154">
    <p class='ocr_par' dir='ltr' id='par_1_13' title="bbox 629 1076 2213 1154">
     <span class='ocr_line' id='line_1_13' title="bbox 629 1076 2213 1154; baseline 0.005 -23"><span class='ocrx_word' id='word_1_85' title='bbox 629 1077 685 1132; x_wconf 85' lang='lat' dir='ltr'><strong>in</strong></span> <span class='ocrx_word' id='word_1_86' title='bbox 713 1078 801 1133; x_wconf 86' lang='lat' dir='ltr'><strong>illa</strong></span> <span class='ocrx_word' id='word_1_87' title='bbox 828 1080 1179 1149; x_wconf 85' lang='lat' dir='ltr'><strong>postulamus,</strong></span> <span class='ocrx_word' id='word_1_88' title='bbox 1204 1076 1496 1152; x_wconf 67' lang='lat' dir='ltr'><strong>antequam</strong></span> <span class='ocrx_word' id='word_1_89' title='bbox 1526 1099 1557 1139; x_wconf 91' lang='lat' dir='ltr'><strong>a</strong></span> <span class='ocrx_word' id='word_1_90' title='bbox 1585 1084 1740 1140; x_wconf 88' lang='lat' dir='ltr'><strong>nobis</strong></span> <span class='ocrx_word' id='word_1_91' title='bbox 1767 1085 1826 1139; x_wconf 85' lang='lat' dir='ltr'><strong>F.</strong></span> <span class='ocrx_word' id='word_1_92' title='bbox 1863 1085 2068 1154; x_wconf 78' lang='lat' dir='ltr'><strong>Moyses</strong></span> <span class='ocrx_word' id='word_1_93' title='bbox 2092 1101 2213 1153; x_wconf 85' lang='lat' dir='ltr'><strong>pro-</strong></span> 
     </span>
    </p>
   </div>
   <div class='ocr_carea' id='block_1_14' title="bbox 627 1169 2213 1243">
    <p class='ocr_par' dir='ltr' id='par_1_14' title="bbox 627 1169 2213 1243">
     <span class='ocr_line' id='line_1_14' title="bbox 627 1169 2213 1243; baseline 0.003 -20"><span class='ocrx_word' id='word_1_94' title='bbox 627 1169 923 1233; x_wconf 76' lang='lat' dir='ltr'><strong>ﬁciscatur,</strong></span> <span class='ocrx_word' id='word_1_95' title='bbox 949 1187 1291 1227; x_wconf 88' lang='lat' dir='ltr'><strong>communem</strong></span> <span class='ocrx_word' id='word_1_96' title='bbox 1320 1175 1655 1230; x_wconf 89' lang='lat' dir='ltr'><strong>voluntatem</strong></span> <span class='ocrx_word' id='word_1_97' title='bbox 1688 1185 1879 1230; x_wconf 70' lang='lat' dir='ltr'><strong>vestrm</strong></span> <span class='ocrx_word' id='word_1_98' title='bbox 1911 1176 2213 1243; x_wconf 85' lang='lat' dir='ltr'><strong>benignita-</strong></span> 
     </span>
    </p>
   </div>
   <div class='ocr_carea' id='block_1_15' title="bbox 625 1255 2212 1337">
    <p class='ocr_par' dir='ltr' id='par_1_15' title="bbox 625 1255 2212 1337">
     <span class='ocr_line' id='line_1_15' title="bbox 625 1255 2212 1337; baseline 0.005 -24"><span class='ocrx_word' id='word_1_99' title='bbox 625 1259 699 1313; x_wconf 91' lang='lat' dir='ltr'><strong>tis</strong></span> <span class='ocrx_word' id='word_1_100' title='bbox 721 1274 816 1329; x_wconf 90' lang='lat' dir='ltr'><strong>per</strong></span> <span class='ocrx_word' id='word_1_101' title='bbox 844 1261 1054 1319; x_wconf 87' lang='lat' dir='ltr'><strong>litteras</strong></span> <span class='ocrx_word' id='word_1_102' title='bbox 1074 1275 1256 1326; x_wconf 83' lang='lat' dir='ltr'><strong>vestro</strong></span> <span class='ocrx_word' id='word_1_103' title='bbox 1280 1265 1453 1336; x_wconf 82' lang='lat' dir='ltr'><strong>sigillo</strong></span> <span class='ocrx_word' id='word_1_104' title='bbox 1474 1255 2044 1337; x_wconf 56' lang='lat' dir='ltr'><strong>signatas&#39;mereamur</strong></span> <span class='ocrx_word' id='word_1_105' title='bbox 2069 1266 2212 1331; x_wconf 75' lang='lat' dir='ltr'><strong>acci-</strong></span> 
     </span>
    </p>
   </div>
   <div class='ocr_carea' id='block_1_16' title="bbox 623 1342 1949 1422">
    <p class='ocr_par' dir='ltr' id='par_1_16' title="bbox 623 1342 1949 1422">
     <span class='ocr_line' id='line_1_16' title="bbox 623 1342 1949 1422; baseline 0.003 -15"><span class='ocrx_word' id='word_1_106' title='bbox 623 1365 775 1422; x_wconf 84' lang='lat' dir='ltr'><strong>pere.</strong></span> <span class='ocrx_word' id='word_1_107' title='bbox 804 1351 1013 1409; x_wconf 82' lang='lat' dir='ltr'><strong>Valete.</strong></span> <span class='ocrx_word' id='word_1_108' title='bbox 1876 1360 1877 1363; x_wconf 73' lang='lat'>‘</span> <span class='ocrx_word' id='word_1_109' title='bbox 1946 1342 1949 1343; x_wconf 39' lang='grc'><strong><em>⁷</em></strong></span> 
     </span>
    </p>
   </div>
   <div class='ocr_carea' id='block_1_17' title="bbox 1090 1442 1759 1525">
    <p class='ocr_par' dir='ltr' id='par_1_17' title="bbox 1090 1442 1759 1525">
     <span class='ocr_line' id='line_1_17' title="bbox 1090 1442 1759 1525; baseline 0.001 -1"><span class='ocrx_word' id='word_1_110' title='bbox 1090 1459 1419 1525; x_wconf 80' lang='lat' dir='ltr'><strong>EPISTOLA</strong></span> <span class='ocrx_word' id='word_1_111' title='bbox 1458 1469 1642 1525; x_wconf 79' lang='lat' dir='ltr'><strong>XLVII</strong></span> <span class='ocrx_word' id='word_1_112' title='bbox 1669 1442 1759 1525; x_wconf 65' lang='grc' dir='ltr'><strong>δὶα.</strong></span> 
     </span>
    </p>
   </div>
   <div class='ocr_carea' id='block_1_18' title="bbox 1172 1573 1661 1614">
    <p class='ocr_par' dir='ltr' id='par_1_18' title="bbox 1172 1573 1661 1614">
     <span class='ocr_line' id='line_1_18' title="bbox 1172 1573 1661 1614; baseline -0.002 -2"><span class='ocrx_word' id='word_1_113' title='bbox 1172 1574 1239 1612; x_wconf 74' lang='grc' dir='ltr'><strong>ΑΙ)</strong></span> <span class='ocrx_word' id='word_1_114' title='bbox 1284 1573 1661 1614; x_wconf 73' lang='lat' dir='ltr'><strong>GISLIBERTUI.</strong></span> 
     </span>
    </p>
   </div>
   <div class='ocr_carea' id='block_1_19' title="bbox 624 1642 2280 1748">
    <p class='ocr_par' dir='ltr' id='par_1_19' title="bbox 624 1642 2280 1748">
     <span class='ocr_line' id='line_1_19' title="bbox 624 1642 2280 1748; baseline 0.005 -47"><span class='ocrx_word' id='word_1_115' title='bbox 624 1642 704 1701; x_wconf 83' lang='lat' dir='ltr'><strong>De</strong></span> <span class='ocrx_word' id='word_1_116' title='bbox 730 1646 871 1714; x_wconf 77' lang='lat' dir='ltr'><strong>febre</strong></span> <span class='ocrx_word' id='word_1_117' title='bbox 885 1659 1281 1717; x_wconf 71' lang='lat' dir='ltr'><strong>quacorrupttts</strong></span> <span class='ocrx_word' id='word_1_118' title='bbox 1302 1650 1547 1748; x_wconf 45' lang='lat' dir='ltr'><strong>fuitft‘de</strong></span> <span class='ocrx_word' id='word_1_119' title='bbox 1561 1668 1662 1722; x_wconf 86' lang='lat' dir='ltr'><strong>qua</strong></span> <span class='ocrx_word' id='word_1_120' title='bbox 1686 1669 1846 1722; x_wconf 81' lang='lat' dir='ltr'><strong>supra</strong></span> <span class='ocrx_word' id='word_1_121' title='bbox 1870 1655 1923 1708; x_wconf 82' lang='lat' dir='ltr'><strong>in</strong></span> <span class='ocrx_word' id='word_1_122' title='bbox 1944 1655 2202 1724; x_wconf 65' lang='lat' dir='ltr'><strong>9pm.“,</strong></span> <span class='ocrx_word' id='word_1_123' title='bbox 2236 1687 2280 1748; x_wconf 72' lang='grc' dir='ltr'><strong>Β</strong></span> 
     </span>
    </p>
   </div>
   <div class='ocr_carea' id='block_1_20' title="bbox 1278 1721 1507 1774">
    <p class='ocr_par' dir='ltr' id='par_1_20' title="bbox 1278 1721 1507 1774">
     <span class='ocr_line' id='line_1_20' title="bbox 1278 1721 1507 1774; baseline 0 0"><span class='ocrx_word' id='word_1_124' title='bbox 1278 1744 1281 1749; x_wconf 89' lang='grc'><strong>·</strong></span> <span class='ocrx_word' id='word_1_125' title='bbox 1308 1721 1507 1774; x_wconf 87' lang='lat' dir='ltr'><strong>scribit.</strong></span> 
     </span>
    </p>
   </div>
   <div class='ocr_carea' id='block_1_21' title="bbox 2320 418 3901 510">
    <p class='ocr_par' dir='ltr' id='par_1_21' title="bbox 2320 418 3901 510">
     <span class='ocr_line' id='line_1_21' title="bbox 2320 418 3901 510; baseline -0.01 -8"><span class='ocrx_word' id='word_1_126' title='bbox 2320 418 2493 502; x_wconf 79' lang='lat' dir='ltr'><strong>aliena</strong></span> <span class='ocrx_word' id='word_1_127' title='bbox 2523 459 2626 498; x_wconf 92' lang='lat' dir='ltr'><strong>non</strong></span> <span class='ocrx_word' id='word_1_128' title='bbox 2658 441 2942 495; x_wconf 86' lang='lat' dir='ltr'><strong>laudabilis</strong></span> <span class='ocrx_word' id='word_1_129' title='bbox 2966 438 3260 510; x_wconf 85' lang='lat' dir='ltr'><strong>pertinacia</strong></span> <span class='ocrx_word' id='word_1_130' title='bbox 3291 418 3613 492; x_wconf 62' lang='lat' dir='ltr'><strong>laudabilem</strong></span> <span class='ocrx_word' id='word_1_131' title='bbox 3636 436 3901 490; x_wconf 79' lang='lat' dir='ltr'><strong>intentiu-</strong></span> 
     </span>
    </p>
   </div>
   <div class='ocr_carea' id='block_1_22' title="bbox 2320 524 3904 597">
    <p class='ocr_par' dir='ltr' id='par_1_22' title="bbox 2320 524 3904 597">
     <span class='ocr_line' id='line_1_22' title="bbox 2320 524 3904 597; baseline -0.004 -8"><span class='ocrx_word' id='word_1_132' title='bbox 2320 552 2441 590; x_wconf 90' lang='lat' dir='ltr'><strong>nem</strong></span> <span class='ocrx_word' id='word_1_133' title='bbox 2491 530 2878 588; x_wconf 84' lang='lat' dir='ltr'><strong>benevolentiae</strong></span> <span class='ocrx_word' id='word_1_134' title='bbox 2913 538 3107 585; x_wconf 77' lang='lat' dir='ltr'><strong>vestra:</strong></span> <span class='ocrx_word' id='word_1_135' title='bbox 3154 527 3415 583; x_wconf 84' lang='lat' dir='ltr'><strong>reﬂectat.</strong></span> <span class='ocrx_word' id='word_1_136' title='bbox 3461 524 3650 582; x_wconf 77' lang='lat' dir='ltr'><strong>Valeat</strong></span> <span class='ocrx_word' id='word_1_137' title='bbox 3686 542 3904 597; x_wconf 80' lang='lat' dir='ltr'><strong>semper</strong></span> 
     </span>
    </p>
   </div>
   <div class='ocr_carea' id='block_1_23' title="bbox 2320 625 3119 683">
    <p class='ocr_par' dir='ltr' id='par_1_23' title="bbox 2320 625 3119 683">
     <span class='ocr_line' id='line_1_23' title="bbox 2320 625 3119 683; baseline -0.003 -1"><span class='ocrx_word' id='word_1_138' title='bbox 2320 626 2489 683; x_wconf 83' lang='lat' dir='ltr'><strong>dulcis</strong></span> <span class='ocrx_word' id='word_1_139' title='bbox 2518 625 2649 681; x_wconf 87' lang='lat' dir='ltr'><strong>mihi</strong></span> <span class='ocrx_word' id='word_1_140' title='bbox 2671 635 2851 681; x_wconf 89' lang='lat' dir='ltr'><strong>vestra</strong></span> <span class='ocrx_word' id='word_1_141' title='bbox 2883 626 3119 682; x_wconf 85' lang='lat' dir='ltr'><strong>dilectio.</strong></span> 
     </span>
    </p>
   </div>
   <div class='ocr_carea' id='block_1_24' title="bbox 2757 714 3531 787">
    <p class='ocr_par' dir='ltr' id='par_1_24' title="bbox 2757 714 3531 787">
     <span class='ocr_line' id='line_1_24' title="bbox 2757 714 3531 787; baseline 0.001 -17"><span class='ocrx_word' id='word_1_142' title='bbox 2757 714 3089 787; x_wconf 79' lang='lat' dir='ltr'><strong>EPISTOLA</strong></span> <span class='ocrx_word' id='word_1_143' title='bbox 3138 716 3340 771; x_wconf 77' lang='lat' dir='ltr'><strong>XLVIII</strong></span> <span class='ocrx_word' id='word_1_144' title='bbox 3372 716 3462 770; x_wconf 76' lang='grc'><strong>⁸³⁸.</strong></span> <span class='ocrx_word' id='word_1_145' title='bbox 3520 764 3531 771; x_wconf 94' lang='grc'>.</span> 
     </span>
    </p>
   </div>
   <div class='ocr_carea' id='block_1_25' title="bbox 2880 822 3333 863">
    <p class='ocr_par' dir='ltr' id='par_1_25' title="bbox 2880 822 3333 863">
     <span class='ocr_line' id='line_1_25' title="bbox 2880 822 3333 863; baseline 0 0"><span class='ocrx_word' id='word_1_146' title='bbox 2880 824 2946 863; x_wconf 76' lang='grc' dir='ltr'><strong>ΑΙ)</strong></span> <span class='ocrx_word' id='word_1_147' title='bbox 2987 822 3333 863; x_wconf 69' lang='grc' dir='ltr'><strong>ουλιτειιωί.</strong></span> 
     </span>
    </p>
   </div>
   <div class='ocr_carea' id='block_1_26' title="bbox 2315 897 3901 968">
    <p class='ocr_par' dir='ltr' id='par_1_26' title="bbox 2315 897 3901 968">
     <span class='ocr_line' id='line_1_26' title="bbox 2315 897 3901 968; baseline 0 -16"><span class='ocrx_word' id='word_1_148' title='bbox 2315 897 2531 954; x_wconf 79' lang='lat' dir='ltr'><strong>Laicum</strong></span> <span class='ocrx_word' id='word_1_149' title='bbox 2580 908 2814 955; x_wconf 80' lang='lat' dir='ltr'><strong>recenter</strong></span> <span class='ocrx_word' id='word_1_150' title='bbox 2854 915 3156 952; x_wconf 77' lang='lat' dir='ltr'><strong>conversum</strong></span> <span class='ocrx_word' id='word_1_151' title='bbox 3203 900 3255 951; x_wconf 88' lang='lat' dir='ltr'><strong>in</strong></span> <span class='ocrx_word' id='word_1_152' title='bbox 3299 900 3489 968; x_wconf 84' lang='lat' dir='ltr'><strong>spiritu</strong></span> <span class='ocrx_word' id='word_1_153' title='bbox 3542 898 3771 955; x_wconf 83' lang='lat' dir='ltr'><strong>lenitatis</strong></span> <span class='ocrx_word' id='word_1_154' title='bbox 3816 902 3901 954; x_wconf 86' lang='lat' dir='ltr'><strong>iu-</strong></span> 
     </span>
    </p>
   </div>
   <div class='ocr_carea' id='block_1_27' title="bbox 2324 969 3332 1024">
    <p class='ocr_par' dir='ltr' id='par_1_27' title="bbox 2324 969 3332 1024">
     <span class='ocr_line' id='line_1_27' title="bbox 2324 969 3332 1024; baseline -0.004 2"><span class='ocrx_word' id='word_1_155' title='bbox 2324 990 2328 993; x_wconf 95' lang='grc'><strong>·</strong></span> <span class='ocrx_word' id='word_1_156' title='bbox 2716 993 2725 1004; x_wconf 73' lang='grc' dir='ltr'><strong>ο</strong></span> <span class='ocrx_word' id='word_1_157' title='bbox 2873 969 3180 1024; x_wconf 82' lang='lat' dir='ltr'><strong>struendum</strong></span> <span class='ocrx_word' id='word_1_158' title='bbox 3201 985 3332 1023; x_wconf 79' lang='lat' dir='ltr'><strong>esse.</strong></span> 
     </span>
    </p>
   </div>
   <div class='ocr_carea' id='block_1_28' title="bbox 2384 1068 3901 1146">
    <p class='ocr_par' dir='ltr' id='par_1_28' title="bbox 2384 1068 3901 1146">
     <span class='ocr_line' id='line_1_28' title="bbox 2384 1068 3901 1146; baseline -0.001 -8"><span class='ocrx_word' id='word_1_159' title='bbox 2384 1085 2591 1140; x_wconf 81' lang='lat' dir='ltr'><strong>Damno</strong></span> <span class='ocrx_word' id='word_1_160' title='bbox 2613 1091 2667 1138; x_wconf 90' lang='lat' dir='ltr'><strong>et</strong></span> <span class='ocrx_word' id='word_1_161' title='bbox 2696 1082 2850 1136; x_wconf 79' lang='lat' dir='ltr'><strong>fratri</strong></span> <span class='ocrx_word' id='word_1_162' title='bbox 2876 1080 3189 1137; x_wconf 82' lang='lat' dir='ltr'><strong>dulcissimo</strong></span> <span class='ocrx_word' id='word_1_163' title='bbox 3216 1080 3548 1146; x_wconf 66' lang='lat' dir='ltr'><strong>Guacrsuo,</strong></span> <span class='ocrx_word' id='word_1_164' title='bbox 3585 1068 3759 1137; x_wconf 77' lang='lat' dir='ltr'><strong>frater</strong></span> <span class='ocrx_word' id='word_1_165' title='bbox 3796 1080 3901 1137; x_wconf 74' lang='lat' dir='ltr'><strong>AN-</strong></span> 
     </span>
    </p>
   </div>
   <div class='ocr_carea' id='block_1_29' title="bbox 2312 1173 3189 1238">
    <p class='ocr_par' dir='ltr' id='par_1_29' title="bbox 2312 1173 3189 1238">
     <span class='ocr_line' id='line_1_29' title="bbox 2312 1173 3189 1238; baseline -0.009 -8"><span class='ocrx_word' id='word_1_166' title='bbox 2312 1190 2511 1231; x_wconf 71' lang='lat' dir='ltr'><strong>sttutus</strong></span> <span class='ocrx_word' id='word_1_167' title='bbox 2537 1176 2704 1228; x_wconf 82' lang='lat' dir='ltr'><strong>abbas</strong></span> <span class='ocrx_word' id='word_1_168' title='bbox 2737 1173 2916 1238; x_wconf 82' lang='lat' dir='ltr'><strong>Becci,</strong></span> <span class='ocrx_word' id='word_1_169' title='bbox 2940 1174 3189 1228; x_wconf 83' lang='lat' dir='ltr'><strong>salutem.</strong></span> 
     </span>
    </p>
   </div>
   <div class='ocr_carea' id='block_1_30' title="bbox 2384 1262 3902 1334">
    <p class='ocr_par' dir='ltr' id='par_1_30' title="bbox 2384 1262 3902 1334">
     <span class='ocr_line' id='line_1_30' title="bbox 2384 1262 3902 1334; baseline -0.001 -17"><span class='ocrx_word' id='word_1_170' title='bbox 2384 1266 2623 1321; x_wconf 86' lang='lat' dir='ltr'><strong>Domnus</strong></span> <span class='ocrx_word' id='word_1_171' title='bbox 2652 1263 2922 1319; x_wconf 81' lang='lat' dir='ltr'><strong>Robertus</strong></span> <span class='ocrx_word' id='word_1_172' title='bbox 2950 1263 3016 1319; x_wconf 90' lang='lat' dir='ltr'><strong>de</strong></span> <span class='ocrx_word' id='word_1_173' title='bbox 3037 1262 3272 1319; x_wconf 88' lang='lat' dir='ltr'><strong>Briodua</strong></span> <span class='ocrx_word' id='word_1_174' title='bbox 3310 1263 3513 1334; x_wconf 88' lang='lat' dir='ltr'><strong>gratias</strong></span> <span class='ocrx_word' id='word_1_175' title='bbox 3536 1277 3761 1333; x_wconf 84' lang='lat' dir='ltr'><strong>magnas</strong></span> <span class='ocrx_word' id='word_1_176' title='bbox 3789 1266 3902 1331; x_wconf 82' lang='lat' dir='ltr'><strong>agit</strong></span> 
     </span>
    </p>
   </div>
   <div class='ocr_carea' id='block_1_31' title="bbox 2312 1351 3900 1424">
    <p class='ocr_par' dir='ltr' id='par_1_31' title="bbox 2312 1351 3900 1424">
     <span class='ocr_line' id='line_1_31' title="bbox 2312 1351 3900 1424; baseline -0.001 -17"><span class='ocrx_word' id='word_1_177' title='bbox 2312 1354 2465 1408; x_wconf 86' lang='lat' dir='ltr'><strong>vobis</strong></span> <span class='ocrx_word' id='word_1_178' title='bbox 2508 1368 2607 1422; x_wconf 88' lang='lat' dir='ltr'><strong>pro</strong></span> <span class='ocrx_word' id='word_1_179' title='bbox 2654 1353 2985 1424; x_wconf 83' lang='lat' dir='ltr'><strong>benignitate</strong></span> <span class='ocrx_word' id='word_1_180' title='bbox 3036 1368 3200 1422; x_wconf 91' lang='lat' dir='ltr'><strong>quam</strong></span> <span class='ocrx_word' id='word_1_181' title='bbox 3256 1351 3387 1417; x_wconf 87' lang='lat' dir='ltr'><strong>illi,</strong></span> <span class='ocrx_word' id='word_1_182' title='bbox 3433 1366 3596 1421; x_wconf 86' lang='lat' dir='ltr'><strong>supra</strong></span> <span class='ocrx_word' id='word_1_183' title='bbox 3638 1367 3801 1421; x_wconf 88' lang='lat' dir='ltr'><strong>quam</strong></span> <span class='ocrx_word' id='word_1_184' title='bbox 3827 1351 3900 1384; x_wconf 77' lang='grc'><strong>⁸³⁸</strong></span> 
     </span>
    </p>
   </div>
   <div class='ocr_carea' id='block_1_32' title="bbox 2311 1442 3901 1514">
    <p class='ocr_par' dir='ltr' id='par_1_32' title="bbox 2311 1442 3901 1514">
     <span class='ocr_line' id='line_1_32' title="bbox 2311 1442 3901 1514; baseline -0.002 -15"><span class='ocrx_word' id='word_1_185' title='bbox 2311 1459 2532 1514; x_wconf 84' lang='lat' dir='ltr'><strong>sperare</strong></span> <span class='ocrx_word' id='word_1_186' title='bbox 2556 1458 2794 1512; x_wconf 87' lang='lat' dir='ltr'><strong>unquam</strong></span> <span class='ocrx_word' id='word_1_187' title='bbox 2826 1444 3024 1512; x_wconf 88' lang='lat' dir='ltr'><strong>potuit,</strong></span> <span class='ocrx_word' id='word_1_188' title='bbox 3056 1442 3325 1498; x_wconf 83' lang='lat' dir='ltr'><strong>exhibetis</strong></span> <span class='ocrx_word' id='word_1_189' title='bbox 3351 1452 3408 1497; x_wconf 91' lang='lat' dir='ltr'><strong>et</strong></span> <span class='ocrx_word' id='word_1_190' title='bbox 3447 1457 3571 1496; x_wconf 92' lang='lat' dir='ltr'><strong>cum</strong></span> <span class='ocrx_word' id='word_1_191' title='bbox 3600 1443 3901 1511; x_wconf 76' lang='lat' dir='ltr'><strong>gratiarum</strong></span> 
     </span>
    </p>
   </div>
   <div class='ocr_carea' id='block_1_33' title="bbox 2312 1531 3899 1603">
    <p class='ocr_par' dir='ltr' id='par_1_33' title="bbox 2312 1531 3899 1603">
     <span class='ocr_line' id='line_1_33' title="bbox 2312 1531 3899 1603; baseline -0.003 -11"><span class='ocrx_word' id='word_1_192' title='bbox 2312 1534 2522 1592; x_wconf 82' lang='lat' dir='ltr'><strong>actione</strong></span> <span class='ocrx_word' id='word_1_193' title='bbox 2554 1532 2704 1588; x_wconf 91' lang='lat' dir='ltr'><strong>testis</strong></span> <span class='ocrx_word' id='word_1_194' title='bbox 2732 1533 2885 1587; x_wconf 87' lang='lat' dir='ltr'><strong>vobis</strong></span> <span class='ocrx_word' id='word_1_195' title='bbox 2925 1540 3010 1589; x_wconf 90' lang='lat' dir='ltr'><strong>est</strong></span> <span class='ocrx_word' id='word_1_196' title='bbox 3045 1533 3171 1603; x_wconf 86' lang='lat' dir='ltr'><strong>quia</strong></span> <span class='ocrx_word' id='word_1_197' title='bbox 3207 1540 3278 1588; x_wconf 81' lang='lat' dir='ltr'><strong>ct~</strong></span> <span class='ocrx_word' id='word_1_198' title='bbox 3303 1531 3372 1586; x_wconf 92' lang='lat' dir='ltr'><strong>ab</strong></span> <span class='ocrx_word' id='word_1_199' title='bbox 3416 1532 3534 1602; x_wconf 88' lang='lat' dir='ltr'><strong>ipso</strong></span> <span class='ocrx_word' id='word_1_200' title='bbox 3579 1540 3636 1586; x_wconf 90' lang='lat' dir='ltr'><strong>et</strong></span> <span class='ocrx_word' id='word_1_201' title='bbox 3674 1533 3740 1585; x_wconf 89' lang='lat' dir='ltr'><strong>ab</strong></span> <span class='ocrx_word' id='word_1_202' title='bbox 3773 1532 3899 1588; x_wconf 84' lang='lat' dir='ltr'><strong>aliis</strong></span> 
     </span>
    </p>
   </div>
   <div class='ocr_carea' id='block_1_34' title="bbox 2312 1608 3901 1705">
    <p class='ocr_par' dir='ltr' id='par_1_34' title="bbox 2312 1608 3901 1705">
     <span class='ocr_line' id='line_1_34' title="bbox 2312 1608 3901 1705; baseline 0.001 -28"><span class='ocrx_word' id='word_1_203' title='bbox 2312 1608 2531 1705; x_wconf 70' lang='lat' dir='ltr'><strong>propter</strong></span> <span class='ocrx_word' id='word_1_204' title='bbox 2577 1638 2699 1683; x_wconf 84' lang='lat' dir='ltr'><strong>eum</strong></span> <span class='ocrx_word' id='word_1_205' title='bbox 2740 1623 2909 1679; x_wconf 86' lang='lat' dir='ltr'><strong>multa</strong></span> <span class='ocrx_word' id='word_1_206' title='bbox 2953 1623 3179 1679; x_wconf 83' lang='lat' dir='ltr'><strong>molesta</strong></span> <span class='ocrx_word' id='word_1_207' title='bbox 3226 1629 3373 1694; x_wconf 83' lang='lat' dir='ltr'><strong>passi</strong></span> <span class='ocrx_word' id='word_1_208' title='bbox 3414 1624 3570 1677; x_wconf 82' lang='lat' dir='ltr'><strong>estis.</strong></span> <span class='ocrx_word' id='word_1_209' title='bbox 3613 1620 3770 1677; x_wconf 86' lang='lat' dir='ltr'><strong>Unde</strong></span> <span class='ocrx_word' id='word_1_210' title='bbox 3797 1638 3901 1696; x_wconf 90' lang='lat' dir='ltr'><strong>ego</strong></span> 
     </span>
    </p>
   </div>
   <div class='ocr_carea' id='block_1_35' title="bbox 2310 1714 3901 1791">
    <p class='ocr_par' dir='ltr' id='par_1_35' title="bbox 2310 1714 3901 1791">
     <span class='ocr_line' id='line_1_35' title="bbox 2310 1714 3901 1791; baseline 0.001 -23"><span class='ocrx_word' id='word_1_211' title='bbox 2310 1732 2433 1769; x_wconf 89' lang='lat' dir='ltr'><strong>eum</strong></span> <span class='ocrx_word' id='word_1_212' title='bbox 2482 1731 2668 1769; x_wconf 85' lang='lat' dir='ltr'><strong>amore</strong></span> <span class='ocrx_word' id='word_1_213' title='bbox 2693 1716 2897 1783; x_wconf 78' lang='lat' dir='ltr'><strong>gratias</strong></span> <span class='ocrx_word' id='word_1_214' title='bbox 2925 1730 3063 1791; x_wconf 84' lang='lat' dir='ltr'><strong>ago,</strong></span> <span class='ocrx_word' id='word_1_215' title='bbox 3099 1724 3154 1769; x_wconf 88' lang='lat' dir='ltr'><strong>et</strong></span> <span class='ocrx_word' id='word_1_216' title='bbox 3193 1730 3314 1771; x_wconf 91' lang='lat' dir='ltr'><strong>cum</strong></span> <span class='ocrx_word' id='word_1_217' title='bbox 3343 1715 3641 1785; x_wconf 87' lang='lat' dir='ltr'><strong>gratiarum</strong></span> <span class='ocrx_word' id='word_1_218' title='bbox 3686 1714 3901 1771; x_wconf 82' lang='lat' dir='ltr'><strong>actione</strong></span> 
     </span>
    </p>
   </div>
   <div class='ocr_carea' id='block_1_36' title="bbox 699 1792 3895 1891">
    <p class='ocr_par' dir='ltr' id='par_1_36' title="bbox 699 1792 3895 1891">
     <span class='ocr_line' id='line_1_36' title="bbox 699 1792 3895 1891; baseline 0.005 -33"><span class='ocrx_word' id='word_1_219' title='bbox 699 1804 930 1859; x_wconf 86' lang='lat' dir='ltr'><strong>Domino</strong></span> <span class='ocrx_word' id='word_1_220' title='bbox 961 1821 1185 1875; x_wconf 83' lang='lat' dir='ltr'><strong>servns,</strong></span> <span class='ocrx_word' id='word_1_221' title='bbox 1233 1809 1409 1865; x_wconf 89' lang='lat' dir='ltr'><strong>amico</strong></span> <span class='ocrx_word' id='word_1_222' title='bbox 1438 1808 1675 1876; x_wconf 81' lang='lat' dir='ltr'><strong>amicus,</strong></span> <span class='ocrx_word' id='word_1_223' title='bbox 1710 1792 2205 1891; x_wconf 31' lang='lat' dir='ltr'><strong>dilecto’dilectus,‘</strong></span> <span class='ocrx_word' id='word_1_224' title='bbox 2243 1808 2255 1838; x_wconf 70' lang='lat'><em>’</em></span> <span class='ocrx_word' id='word_1_225' title='bbox 2305 1805 2487 1872; x_wconf 80' lang='lat' dir='ltr'><strong>laudo.</strong></span> <span class='ocrx_word' id='word_1_226' title='bbox 2514 1815 2569 1861; x_wconf 79' lang='lat' dir='ltr'><strong>et</strong></span> <span class='ocrx_word' id='word_1_227' title='bbox 2600 1806 2867 1878; x_wconf 64' lang='lat' dir='ltr'><strong>laudando</strong></span> <span class='ocrx_word' id='word_1_228' title='bbox 2899 1820 3091 1881; x_wconf 82' lang='lat' dir='ltr'><strong>precor</strong></span> <span class='ocrx_word' id='word_1_229' title='bbox 3116 1806 3499 1863; x_wconf 75' lang='lat' dir='ltr'><strong>discretionem</strong></span> <span class='ocrx_word' id='word_1_230' title='bbox 3529 1816 3799 1872; x_wconf 75' lang='lat' dir='ltr'><strong>vestram.</strong></span> <span class='ocrx_word' id='word_1_231' title='bbox 3832 1816 3895 1861; x_wconf 83' lang='grc' dir='ltr'><strong>ιιι</strong></span> 
     </span>
    </p>
   </div>
   <div class='ocr_carea' id='block_1_37' title="bbox 622 1891 2201 1975">
    <p class='ocr_par' dir='ltr' id='par_1_37' title="bbox 622 1891 2201 1975">
     <span class='ocr_line' id='line_1_37' title="bbox 622 1891 2201 1975; baseline 0.009 -28"><span class='ocrx_word' id='word_1_232' title='bbox 622 1891 821 1950; x_wconf 88' lang='lat' dir='ltr'><strong>domno</strong></span> <span class='ocrx_word' id='word_1_233' title='bbox 848 1895 1030 1952; x_wconf 85' lang='lat' dir='ltr'><strong>abbati</strong></span> <span class='ocrx_word' id='word_1_234' title='bbox 1058 1898 1433 1969; x_wconf 66' lang='lat' dir='ltr'><strong>CtSLEBEBfrO,</strong></span> <span class='ocrx_word' id='word_1_235' title='bbox 1468 1903 1638 1959; x_wconf 88' lang='lat' dir='ltr'><strong>l&#39;ratcr</strong></span> <span class='ocrx_word' id='word_1_236' title='bbox 1662 1904 1973 1970; x_wconf 67' lang='lat' dir='ltr'><strong>Auantius,</strong></span> <span class='ocrx_word' id='word_1_237' title='bbox 2002 1906 2201 1975; x_wconf 83' lang='lat' dir='ltr'><strong>sempi-</strong></span> 
     </span>
    </p>
   </div>
   <div class='ocr_carea' id='block_1_38' title="bbox 626 1989 1130 2061">
    <p class='ocr_par' dir='ltr' id='par_1_38' title="bbox 626 1989 1130 2061">
     <span class='ocr_line' id='line_1_38' title="bbox 626 1989 1130 2061; baseline 0.004 -18"><span class='ocrx_word' id='word_1_238' title='bbox 626 1992 845 2043; x_wconf 79' lang='lat' dir='ltr'><strong>ternum</strong></span> <span class='ocrx_word' id='word_1_239' title='bbox 876 1989 1130 2061; x_wconf 86' lang='lat' dir='ltr'><strong>gaudere.</strong></span> 
     </span>
    </p>
   </div>
   <div class='ocr_carea' id='block_1_39' title="bbox 663 2078 2203 2159">
    <p class='ocr_par' dir='ltr' id='par_1_39' title="bbox 663 2078 2203 2159">
     <span class='ocr_line' id='line_1_39' title="bbox 663 2078 2203 2159; baseline 0.001 -20"><span class='ocrx_word' id='word_1_240' title='bbox 663 2078 752 2139; x_wconf 78' lang='lat' dir='ltr'><strong>.Si</strong></span> <span class='ocrx_word' id='word_1_241' title='bbox 797 2094 959 2147; x_wconf 84' lang='lat' dir='ltr'><strong>sane,</strong></span> <span class='ocrx_word' id='word_1_242' title='bbox 994 2083 1038 2139; x_wconf 88' lang='lat' dir='ltr'><strong>si</strong></span> <span class='ocrx_word' id='word_1_243' title='bbox 1080 2085 1253 2152; x_wconf 84' lang='lat' dir='ltr'><strong>bene,</strong></span> <span class='ocrx_word' id='word_1_244' title='bbox 1304 2088 1350 2142; x_wconf 85' lang='lat' dir='ltr'><strong>si</strong></span> <span class='ocrx_word' id='word_1_245' title='bbox 1396 2102 1653 2158; x_wconf 87' lang='lat' dir='ltr'><strong>prospere</strong></span> <span class='ocrx_word' id='word_1_246' title='bbox 1693 2096 1883 2143; x_wconf 88' lang='lat' dir='ltr'><strong>cuncta</strong></span> <span class='ocrx_word' id='word_1_247' title='bbox 1922 2099 2047 2143; x_wconf 89' lang='lat' dir='ltr'><strong>sunt</strong></span> <span class='ocrx_word' id='word_1_248' title='bbox 2076 2103 2203 2159; x_wconf 85' lang='lat' dir='ltr'><strong>erga</strong></span> 
     </span>
    </p>
   </div>
   <div class='ocr_carea' id='block_1_40' title="bbox 621 2172 2201 2250">
    <p class='ocr_par' dir='ltr' id='par_1_40' title="bbox 621 2172 2201 2250">
     <span class='ocr_line' id='line_1_40' title="bbox 621 2172 2201 2250; baseline 0.004 -23"><span class='ocrx_word' id='word_1_249' title='bbox 621 2172 883 2229; x_wconf 87' lang='lat' dir='ltr'><strong>domuum</strong></span> <span class='ocrx_word' id='word_1_250' title='bbox 929 2175 1575 2250; x_wconf 77' lang='lat' dir='ltr'><strong>abbatemIGislebertum</strong></span> <span class='ocrx_word' id='word_1_251' title='bbox 1605 2179 1856 2247; x_wconf 82' lang='lat' dir='ltr'><strong>dilectum</strong></span> <span class='ocrx_word' id='word_1_252' title='bbox 1889 2180 2201 2235; x_wconf 86' lang='lat' dir='ltr'><strong>dilectorem</strong></span> 
     </span>
    </p>
   </div>
   <div class='ocr_carea' id='block_1_41' title="bbox 620 2266 2205 2339">
    <p class='ocr_par' dir='ltr' id='par_1_41' title="bbox 620 2266 2205 2339">
     <span class='ocr_line' id='line_1_41' title="bbox 620 2266 2205 2339; baseline 0.006 -25"><span class='ocrx_word' id='word_1_253' title='bbox 620 2275 836 2327; x_wconf 86' lang='lat' dir='ltr'><strong>meum,</strong></span> <span class='ocrx_word' id='word_1_254' title='bbox 884 2278 1011 2318; x_wconf 89' lang='lat' dir='ltr'><strong>vere</strong></span> <span class='ocrx_word' id='word_1_255' title='bbox 1039 2266 1160 2321; x_wconf 88' lang='lat' dir='ltr'><strong>inde</strong></span> <span class='ocrx_word' id='word_1_256' title='bbox 1189 2267 1387 2337; x_wconf 82' lang='lat' dir='ltr'><strong>gaudet</strong></span> <span class='ocrx_word' id='word_1_257' title='bbox 1412 2283 1508 2324; x_wconf 92' lang='lat' dir='ltr'><strong>cor</strong></span> <span class='ocrx_word' id='word_1_258' title='bbox 1548 2283 1758 2336; x_wconf 91' lang='lat' dir='ltr'><strong>meum,</strong></span> <span class='ocrx_word' id='word_1_259' title='bbox 1794 2270 1921 2339; x_wconf 88' lang='lat' dir='ltr'><strong>quia</strong></span> <span class='ocrx_word' id='word_1_260' title='bbox 1958 2281 2103 2327; x_wconf 81' lang='lat' dir='ltr'><strong>certe</strong></span> <span class='ocrx_word' id='word_1_261' title='bbox 2126 2271 2205 2324; x_wconf 86' lang='lat' dir='ltr'><strong>sic</strong></span> 
     </span>
    </p>
   </div>
   <div class='ocr_carea' id='block_1_42' title="bbox 622 2350 2203 2430">
    <p class='ocr_par' dir='ltr' id='par_1_42' title="bbox 622 2350 2203 2430">
     <span class='ocr_line' id='line_1_42' title="bbox 622 2350 2203 2430; baseline 0.006 -25"><span class='ocrx_word' id='word_1_262' title='bbox 622 2359 708 2405; x_wconf 80' lang='lat' dir='ltr'><strong>est</strong></span> <span class='ocrx_word' id='word_1_263' title='bbox 750 2350 1078 2409; x_wconf 74' lang='lat' dir='ltr'><strong>desiderium</strong></span> <span class='ocrx_word' id='word_1_264' title='bbox 1127 2372 1329 2411; x_wconf 87' lang='lat' dir='ltr'><strong>meum.</strong></span> <span class='ocrx_word' id='word_1_265' title='bbox 1377 2355 1434 2413; x_wconf 90' lang='lat' dir='ltr'><strong>Si</strong></span> <span class='ocrx_word' id='word_1_266' title='bbox 1489 2359 1834 2430; x_wconf 85' lang='lat' dir='ltr'><strong>dilectionem</strong></span> <span class='ocrx_word' id='word_1_267' title='bbox 1880 2369 1944 2413; x_wconf 59' lang='lat' dir='ltr'><strong>’et</strong></span> <span class='ocrx_word' id='word_1_268' title='bbox 2000 2360 2203 2414; x_wconf 82' lang='lat' dir='ltr'><strong>beueli-</strong></span> 
     </span>
    </p>
   </div>
   <div class='ocr_carea' id='block_1_43' title="bbox 574 2436 2204 2519">
    <p class='ocr_par' dir='ltr' id='par_1_43' title="bbox 574 2436 2204 2519">
     <span class='ocr_line' id='line_1_43' title="bbox 574 2436 2204 2519; baseline 0.006 -23"><span class='ocrx_word' id='word_1_269' title='bbox 574 2513 585 2519; x_wconf 86' lang='lat'>_</span> <span class='ocrx_word' id='word_1_270' title='bbox 622 2436 737 2509; x_wconf 78' lang='lat' dir='ltr'><strong>cia,</strong></span> <span class='ocrx_word' id='word_1_271' title='bbox 762 2455 884 2511; x_wconf 71' lang='lat' dir='ltr'><strong>qua:</strong></span> <span class='ocrx_word' id='word_1_272' title='bbox 926 2443 1083 2501; x_wconf 91' lang='lat' dir='ltr'><strong>nobis</strong></span> <span class='ocrx_word' id='word_1_273' title='bbox 1118 2456 1173 2500; x_wconf 87' lang='lat' dir='ltr'><strong>et</strong></span> <span class='ocrx_word' id='word_1_274' title='bbox 1201 2448 1401 2503; x_wconf 88' lang='lat' dir='ltr'><strong>nostris</strong></span> <span class='ocrx_word' id='word_1_275' title='bbox 1434 2448 1595 2504; x_wconf 88' lang='lat' dir='ltr'><strong>rebus</strong></span> <span class='ocrx_word' id='word_1_276' title='bbox 1627 2449 1968 2518; x_wconf 79' lang='lat' dir='ltr'><strong>impenditis,</strong></span> <span class='ocrx_word' id='word_1_277' title='bbox 1994 2450 2204 2517; x_wconf 81' lang='lat' dir='ltr'><strong>alienus</strong></span> 
     </span>
    </p>
   </div>
   <div class='ocr_carea' id='block_1_44' title="bbox 612 2518 2206 2619">
    <p class='ocr_par' dir='ltr' id='par_1_44' title="bbox 612 2518 2206 2619">
     <span class='ocr_line' id='line_1_44' title="bbox 612 2518 2206 2619; baseline 0.006 -31"><span class='ocrx_word' id='word_1_278' title='bbox 612 2530 824 2607; x_wconf 57' lang='lat' dir='ltr'><strong>alienis</strong></span> <span class='ocrx_word' id='word_1_279' title='bbox 865 2518 1471 2611; x_wconf 71' lang='lat' dir='ltr'><strong>intpenderct,_utique</strong></span> <span class='ocrx_word' id='word_1_280' title='bbox 1494 2540 1564 2575; x_wconf 78' lang='grc'><strong>⁸³³</strong></span> <span class='ocrx_word' id='word_1_281' title='bbox 1607 2541 1906 2611; x_wconf 85' lang='lat' dir='ltr'><strong>gratiarum</strong></span> <span class='ocrx_word' id='word_1_282' title='bbox 1960 2526 2206 2613; x_wconf 87' lang='lat' dir='ltr'><strong>magnam</strong></span> 
     </span>
    </p>
   </div>
   <div class='ocr_carea' id='block_1_45' title="bbox 624 2626 2208 2700">
    <p class='ocr_par' dir='ltr' id='par_1_45' title="bbox 624 2626 2208 2700">
     <span class='ocr_line' id='line_1_45' title="bbox 624 2626 2208 2700; baseline 0.006 -19"><span class='ocrx_word' id='word_1_283' title='bbox 624 2626 895 2699; x_wconf 67' lang='lat' dir='ltr'><strong>actionem</strong></span> <span class='ocrx_word' id='word_1_284' title='bbox 923 2628 977 2683; x_wconf 88' lang='lat' dir='ltr'><strong>in</strong></span> <span class='ocrx_word' id='word_1_285' title='bbox 1011 2631 1227 2700; x_wconf 83' lang='lat' dir='ltr'><strong>scriptis</strong></span> <span class='ocrx_word' id='word_1_286' title='bbox 1254 2643 1311 2688; x_wconf 90' lang='lat' dir='ltr'><strong>et</strong></span> <span class='ocrx_word' id='word_1_287' title='bbox 1341 2647 1476 2689; x_wconf 88' lang='lat' dir='ltr'><strong>voce</strong></span> <span class='ocrx_word' id='word_1_288' title='bbox 1500 2635 1881 2695; x_wconf 80' lang='lat' dir='ltr'><strong>exhiberemus</strong></span> <span class='ocrx_word' id='word_1_289' title='bbox 1910 2651 1977 2690; x_wconf 88' lang='lat' dir='ltr'><strong>ne</strong></span> <span class='ocrx_word' id='word_1_290' title='bbox 2013 2635 2208 2691; x_wconf 78' lang='lat' dir='ltr'><strong>deﬁce-</strong></span> 
     </span>
    </p>
   </div>
   <div class='ocr_carea' id='block_1_46' title="bbox 625 2715 2207 2796">
    <p class='ocr_par' dir='ltr' id='par_1_46' title="bbox 625 2715 2207 2796">
     <span class='ocr_line' id='line_1_46' title="bbox 625 2715 2207 2796; baseline 0.006 -25"><span class='ocrx_word' id='word_1_291' title='bbox 625 2723 733 2771; x_wconf 85' lang='lat' dir='ltr'><strong>ret.</strong></span> <span class='ocrx_word' id='word_1_292' title='bbox 765 2715 871 2772; x_wconf 85' lang='lat' dir='ltr'><strong>Sed</strong></span> <span class='ocrx_word' id='word_1_293' title='bbox 898 2721 1150 2789; x_wconf 85' lang='lat' dir='ltr'><strong>quoniam</strong></span> <span class='ocrx_word' id='word_1_294' title='bbox 1184 2723 1287 2779; x_wconf 84' lang='lat' dir='ltr'><strong>hoc</strong></span> <span class='ocrx_word' id='word_1_295' title='bbox 1326 2723 1417 2783; x_wconf 82' lang='lat' dir='ltr'><strong>ille</strong></span> <span class='ocrx_word' id='word_1_296' title='bbox 1450 2724 1614 2792; x_wconf 81' lang='lat' dir='ltr'><strong>facit,</strong></span> <span class='ocrx_word' id='word_1_297' title='bbox 1669 2726 1734 2781; x_wconf 91' lang='lat' dir='ltr'><strong>de</strong></span> <span class='ocrx_word' id='word_1_298' title='bbox 1775 2741 1883 2794; x_wconf 92' lang='lat' dir='ltr'><strong>quo</strong></span> <span class='ocrx_word' id='word_1_299' title='bbox 1933 2742 2207 2796; x_wconf 87' lang='lat' dir='ltr'><strong>nunquam</strong></span> 
     </span>
    </p>
   </div>
   <div class='ocr_carea' id='block_1_47' title="bbox 623 2795 2209 2887">
    <p class='ocr_par' dir='ltr' id='par_1_47' title="bbox 623 2795 2209 2887">
     <span class='ocr_line' id='line_1_47' title="bbox 623 2795 2209 2887; baseline 0.007 -25"><span class='ocrx_word' id='word_1_300' title='bbox 623 2822 916 2877; x_wconf 86' lang='lat' dir='ltr'><strong>possumus</strong></span> <span class='ocrx_word' id='word_1_301' title='bbox 968 2804 1291 2887; x_wconf 80' lang='lat' dir='ltr'><strong>desperare,</strong></span> <span class='ocrx_word' id='word_1_302' title='bbox 1364 2816 1607 2871; x_wconf 88' lang='lat' dir='ltr'><strong>sullicere</strong></span> <span class='ocrx_word' id='word_1_303' title='bbox 1655 2818 1925 2872; x_wconf 88' lang='lat' dir='ltr'><strong>credimus</strong></span> <span class='ocrx_word' id='word_1_304' title='bbox 1976 2795 2209 2885; x_wconf 76' lang='lat' dir='ltr'><strong>majores</strong></span> 
     </span>
    </p>
   </div>
   <div class='ocr_carea' id='block_1_48' title="bbox 626 2900 2207 2981">
    <p class='ocr_par' dir='ltr' id='par_1_48' title="bbox 626 2900 2207 2981">
     <span class='ocr_line' id='line_1_48' title="bbox 626 2900 2207 2981; baseline 0.008 -33"><span class='ocrx_word' id='word_1_305' title='bbox 626 2900 832 2970; x_wconf 69' lang='lat' dir='ltr'><strong>gratias</strong></span> <span class='ocrx_word' id='word_1_306' title='bbox 862 2917 987 2959; x_wconf 82' lang='lat' dir='ltr'><strong>cunt</strong></span> <span class='ocrx_word' id='word_1_307' title='bbox 1027 2918 1241 2975; x_wconf 88' lang='lat' dir='ltr'><strong>semper</strong></span> <span class='ocrx_word' id='word_1_308' title='bbox 1274 2918 1516 2977; x_wconf 90' lang='lat' dir='ltr'><strong>prompta</strong></span> <span class='ocrx_word' id='word_1_309' title='bbox 1562 2908 1867 2974; x_wconf 87' lang='lat' dir='ltr'><strong>voluntate,</strong></span> <span class='ocrx_word' id='word_1_310' title='bbox 1908 2910 2207 2981; x_wconf 68' lang='lat' dir='ltr'><strong>prtesertim</strong></span> 
     </span>
    </p>
   </div>
   <div class='ocr_carea' id='block_1_49' title="bbox 626 2990 2210 3071">
    <p class='ocr_par' dir='ltr' id='par_1_49' title="bbox 626 2990 2210 3071">
     <span class='ocr_line' id='line_1_49' title="bbox 626 2990 2210 3071; baseline 0.009 -32"><span class='ocrx_word' id='word_1_311' title='bbox 626 3002 747 3043; x_wconf 86' lang='lat' dir='ltr'><strong>cum</strong></span> <span class='ocrx_word' id='word_1_312' title='bbox 779 2990 881 3046; x_wconf 82' lang='lat' dir='ltr'><strong>hoc</strong></span> <span class='ocrx_word' id='word_1_313' title='bbox 906 2992 1078 3055; x_wconf 81' lang='lat' dir='ltr'><strong>ipsum</strong></span> <span class='ocrx_word' id='word_1_314' title='bbox 1104 3008 1211 3071; x_wconf 86' lang='lat' dir='ltr'><strong>non</strong></span> <span class='ocrx_word' id='word_1_315' title='bbox 1239 2996 1519 3067; x_wconf 84' lang='lat' dir='ltr'><strong>ignoretis,</strong></span> <span class='ocrx_word' id='word_1_316' title='bbox 1557 2997 1926 3063; x_wconf 83' lang='lat' dir='ltr'><strong>indesinenter</strong></span> <span class='ocrx_word' id='word_1_317' title='bbox 1954 3000 2007 3053; x_wconf 92' lang='lat' dir='ltr'><strong>in</strong></span> <span class='ocrx_word' id='word_1_318' title='bbox 2032 2998 2210 3059; x_wconf 85' lang='lat' dir='ltr'><strong>cordis</strong></span> 
     </span>
    </p>
   </div>
   <div class='ocr_carea' id='block_1_50' title="bbox 2307 1898 3895 1973">
    <p class='ocr_par' dir='ltr' id='par_1_50' title="bbox 2307 1898 3895 1973">
     <span class='ocr_line' id='line_1_50' title="bbox 2307 1898 3895 1973; baseline -0.001 -19"><span class='ocrx_word' id='word_1_319' title='bbox 2307 1915 2515 1973; x_wconf 82' lang='lat' dir='ltr'><strong>memor</strong></span> <span class='ocrx_word' id='word_1_320' title='bbox 2561 1899 2687 1967; x_wconf 88' lang='lat' dir='ltr'><strong>quia</strong></span> <span class='ocrx_word' id='word_1_321' title='bbox 2722 1898 2960 1953; x_wconf 86' lang='lat' dir='ltr'><strong>calamus</strong></span> <span class='ocrx_word' id='word_1_322' title='bbox 2990 1907 3277 1970; x_wconf 87' lang='lat' dir='ltr'><strong>quassatus</strong></span> <span class='ocrx_word' id='word_1_323' title='bbox 3323 1913 3430 1953; x_wconf 90' lang='lat' dir='ltr'><strong>non</strong></span> <span class='ocrx_word' id='word_1_324' title='bbox 3457 1899 3554 1953; x_wconf 85' lang='lat' dir='ltr'><strong>&#39;est</strong></span> <span class='ocrx_word' id='word_1_325' title='bbox 3598 1907 3895 1955; x_wconf 87' lang='lat' dir='ltr'><strong>conteren-</strong></span> 
     </span>
    </p>
   </div>
   <div class='ocr_carea' id='block_1_51' title="bbox 2208 1974 4003 2061">
    <p class='ocr_par' dir='ltr' id='par_1_51' title="bbox 2208 1974 4003 2061">
     <span class='ocr_line' id='line_1_51' title="bbox 2208 1974 4003 2061; baseline -0.001 -17"><span class='ocrx_word' id='word_1_326' title='bbox 2208 2002 2225 2021; x_wconf 58' lang='grc' dir='ltr'>κ</span> <span class='ocrx_word' id='word_1_327' title='bbox 2308 1990 2405 2044; x_wconf 89' lang='lat' dir='ltr'><strong>dus</strong></span> <span class='ocrx_word' id='word_1_328' title='bbox 2434 1988 2647 2057; x_wconf 78' lang='lat' dir='ltr'><strong>(Matth.</strong></span> <span class='ocrx_word' id='word_1_329' title='bbox 2702 1974 2953 2055; x_wconf 63' lang='grc' dir='ltr'><strong>χιι,Ξο;</strong></span> <span class='ocrx_word' id='word_1_330' title='bbox 3006 1987 3138 2041; x_wconf 59' lang='lat' dir='ltr'><strong>ttat.</strong></span> <span class='ocrx_word' id='word_1_331' title='bbox 3202 2003 3334 2051; x_wconf 80' lang='lat' dir='ltr'><strong>xm,</strong></span> <span class='ocrx_word' id='word_1_332' title='bbox 3368 1988 3449 2061; x_wconf 70' lang='grc' dir='ltr'><strong>δ),</strong></span> <span class='ocrx_word' id='word_1_333' title='bbox 3485 1988 3649 2059; x_wconf 71' lang='grc' dir='ltr'><strong>θθο</strong></span> <span class='ocrx_word' id='word_1_334' title='bbox 3674 1997 3729 2043; x_wconf 90' lang='lat' dir='ltr'><strong>et</strong></span> <span class='ocrx_word' id='word_1_335' title='bbox 3770 1990 3901 2059; x_wconf 85' lang='lat' dir='ltr'><strong>quia</strong></span> <span class='ocrx_word' id='word_1_336' title='bbox 4000 2002 4003 2005; x_wconf 92' lang='grc'><strong>·</strong></span> 
     </span>
    </p>
   </div>
   <div class='ocr_carea' id='block_1_52' title="bbox 2306 2073 3899 2151">
    <p class='ocr_par' dir='ltr' id='par_1_52' title="bbox 2306 2073 3899 2151">
     <span class='ocr_line' id='line_1_52' title="bbox 2306 2073 3899 2151; baseline -0.001 -21"><span class='ocrx_word' id='word_1_337' title='bbox 2306 2078 2429 2130; x_wconf 81' lang='lat' dir='ltr'><strong>sani</strong></span> <span class='ocrx_word' id='word_1_338' title='bbox 2460 2092 2563 2131; x_wconf 85' lang='lat' dir='ltr'><strong>non</strong></span> <span class='ocrx_word' id='word_1_339' title='bbox 2588 2085 2732 2145; x_wconf 79' lang='lat' dir='ltr'><strong>egent</strong></span> <span class='ocrx_word' id='word_1_340' title='bbox 2760 2076 2991 2143; x_wconf 86' lang='lat' dir='ltr'><strong>medico,</strong></span> <span class='ocrx_word' id='word_1_341' title='bbox 3025 2076 3115 2129; x_wconf 83' lang='lat' dir='ltr'><strong>sed</strong></span> <span class='ocrx_word' id='word_1_342' title='bbox 3141 2076 3228 2145; x_wconf 83' lang='lat' dir='ltr'><strong>qui</strong></span> <span class='ocrx_word' id='word_1_343' title='bbox 3253 2073 3390 2130; x_wconf 84' lang='lat' dir='ltr'><strong>male</strong></span> <span class='ocrx_word' id='word_1_344' title='bbox 3434 2076 3624 2135; x_wconf 76' lang='lat' dir='ltr'><strong>habent</strong></span> <span class='ocrx_word' id='word_1_345' title='bbox 3654 2074 3808 2147; x_wconf 86' lang='lat' dir='ltr'><strong>(Luc,</strong></span> <span class='ocrx_word' id='word_1_346' title='bbox 3839 2092 3899 2151; x_wconf 85' lang='lat' dir='ltr'><strong>v,</strong></span> 
     </span>
    </p>
   </div>
   <div class='ocr_carea' id='block_1_53' title="bbox 2305 2161 3901 2239">
    <p class='ocr_par' dir='ltr' id='par_1_53' title="bbox 2305 2161 3901 2239">
     <span class='ocr_line' id='line_1_53' title="bbox 2305 2161 3901 2239; baseline -0.001 -18"><span class='ocrx_word' id='word_1_347' title='bbox 2305 2167 2422 2237; x_wconf 79' lang='lat'><strong>3|),</strong></span> <span class='ocrx_word' id='word_1_348' title='bbox 2470 2165 2522 2220; x_wconf 93' lang='lat' dir='ltr'><strong>in</strong></span> <span class='ocrx_word' id='word_1_349' title='bbox 2567 2166 2670 2219; x_wconf 82' lang='lat' dir='ltr'><strong>hoc</strong></span> <span class='ocrx_word' id='word_1_350' title='bbox 2714 2165 2856 2234; x_wconf 87' lang='lat' dir='ltr'><strong>quod</strong></span> <span class='ocrx_word' id='word_1_351' title='bbox 2904 2165 3122 2237; x_wconf 81' lang='lat' dir='ltr'><strong>incoepit</strong></span> <span class='ocrx_word' id='word_1_352' title='bbox 3172 2172 3512 2239; x_wconf 61' lang='lat' dir='ltr'><strong>perseveret.</strong></span> <span class='ocrx_word' id='word_1_353' title='bbox 3555 2161 3901 2235; x_wconf 83' lang='lat' dir='ltr'><strong>Speraudum</strong></span> 
     </span>
    </p>
   </div>
   <div class='ocr_carea' id='block_1_54' title="bbox 2306 2252 3901 2326">
    <p class='ocr_par' dir='ltr' id='par_1_54' title="bbox 2306 2252 3901 2326">
     <span class='ocr_line' id='line_1_54' title="bbox 2306 2252 3901 2326; baseline -0.001 -14"><span class='ocrx_word' id='word_1_354' title='bbox 2306 2260 2451 2312; x_wconf 89' lang='lat' dir='ltr'><strong>enim</strong></span> <span class='ocrx_word' id='word_1_355' title='bbox 2483 2265 2567 2312; x_wconf 91' lang='lat' dir='ltr'><strong>est</strong></span> <span class='ocrx_word' id='word_1_356' title='bbox 2595 2255 2849 2326; x_wconf 88' lang='lat' dir='ltr'><strong>quoniam</strong></span> <span class='ocrx_word' id='word_1_357' title='bbox 2879 2255 2969 2325; x_wconf 87' lang='lat' dir='ltr'><strong>qui</strong></span> <span class='ocrx_word' id='word_1_358' title='bbox 3010 2269 3108 2324; x_wconf 88' lang='lat' dir='ltr'><strong>per</strong></span> <span class='ocrx_word' id='word_1_359' title='bbox 3143 2261 3379 2309; x_wconf 84' lang='lat' dir='ltr'><strong>vestram</strong></span> <span class='ocrx_word' id='word_1_360' title='bbox 3408 2252 3750 2318; x_wconf 83' lang='lat' dir='ltr'><strong>tolerantiam</strong></span> <span class='ocrx_word' id='word_1_361' title='bbox 3783 2252 3901 2324; x_wconf 84' lang='lat' dir='ltr'><strong>jam</strong></span> 
     </span>
    </p>
   </div>
   <div class='ocr_carea' id='block_1_55' title="bbox 2310 2326 3899 2421">
    <p class='ocr_par' dir='ltr' id='par_1_55' title="bbox 2310 2326 3899 2421">
     <span class='ocr_line' id='line_1_55' title="bbox 2310 2326 3899 2421; baseline -0.003 -15"><span class='ocrx_word' id='word_1_362' title='bbox 2310 2350 2674 2421; x_wconf 88' lang='lat' dir='ltr'><strong>aliquatenus,</strong></span> <span class='ocrx_word' id='word_1_363' title='bbox 2709 2326 3080 2413; x_wconf 54' lang='lat' dir='ltr'><strong>misericordia</strong></span> <span class='ocrx_word' id='word_1_364' title='bbox 3111 2347 3204 2401; x_wconf 86' lang='lat' dir='ltr'><strong>Dei</strong></span> <span class='ocrx_word' id='word_1_365' title='bbox 3222 2344 3522 2421; x_wconf 60' lang='lat' dir='ltr'><strong>&quot;etiiciente,</strong></span> <span class='ocrx_word' id='word_1_366' title='bbox 3546 2345 3815 2421; x_wconf 78' lang='lat' dir='ltr'><strong>profecit:</strong></span> <span class='ocrx_word' id='word_1_367' title='bbox 3846 2345 3899 2417; x_wconf 73' lang='lat' dir='ltr'><strong>si</strong></span> 
     </span>
    </p>
   </div>
   <div class='ocr_carea' id='block_1_56' title="bbox 2308 2418 3901 2509">
    <p class='ocr_par' dir='ltr' id='par_1_56' title="bbox 2308 2418 3901 2509">
     <span class='ocr_line' id='line_1_56' title="bbox 2308 2418 3901 2509; baseline -0.006 -12"><span class='ocrx_word' id='word_1_368' title='bbox 2308 2445 2361 2497; x_wconf 93' lang='lat' dir='ltr'><strong>in</strong></span> <span class='ocrx_word' id='word_1_369' title='bbox 2390 2418 2457 2496; x_wconf 75' lang='lat' dir='ltr'><strong>eo</strong></span> <span class='ocrx_word' id='word_1_370' title='bbox 2479 2440 2621 2509; x_wconf 91' lang='lat' dir='ltr'><strong>quod</strong></span> <span class='ocrx_word' id='word_1_371' title='bbox 2654 2437 2970 2507; x_wconf 79' lang='lat' dir='ltr'><strong>incoepistis,</strong></span> <span class='ocrx_word' id='word_1_372' title='bbox 3000 2434 3481 2507; x_wconf 86' lang='lat' dir='ltr'><strong>perseveraveritis</strong></span> <span class='ocrx_word' id='word_1_373' title='bbox 3496 2419 3522 2499; x_wconf 73' lang='grc'><strong>;’</strong></span> <span class='ocrx_word' id='word_1_374' title='bbox 3537 2424 3635 2505; x_wconf 84' lang='lat' dir='ltr'><strong>per</strong></span> <span class='ocrx_word' id='word_1_375' title='bbox 3654 2418 3901 2505; x_wconf 65' lang='lat' dir='ltr'><strong>eam&#39;dem</strong></span> 
     </span>
    </p>
   </div>
   <div class='ocr_carea' id='block_1_57' title="bbox 2310 2519 3903 2593">
    <p class='ocr_par' dir='ltr' id='par_1_57' title="bbox 2310 2519 3903 2593">
     <span class='ocr_line' id='line_1_57' title="bbox 2310 2519 3903 2593; baseline -0.006 -9"><span class='ocrx_word' id='word_1_376' title='bbox 2310 2530 2402 2584; x_wconf 85' lang='lat' dir='ltr'><strong>Dei</strong></span> <span class='ocrx_word' id='word_1_377' title='bbox 2456 2526 2882 2583; x_wconf 78' lang='lat' dir='ltr'><strong>misericordiam</strong></span> <span class='ocrx_word' id='word_1_378' title='bbox 2932 2525 3000 2579; x_wconf 92' lang='lat' dir='ltr'><strong>ad</strong></span> <span class='ocrx_word' id='word_1_379' title='bbox 3036 2523 3242 2593; x_wconf 85' lang='lat' dir='ltr'><strong>majora</strong></span> <span class='ocrx_word' id='word_1_380' title='bbox 3292 2520 3560 2592; x_wconf 78' lang='lat' dir='ltr'><strong>proﬁciet.</strong></span> <span class='ocrx_word' id='word_1_381' title='bbox 3609 2519 3745 2575; x_wconf 78' lang='lat' dir='ltr'><strong>Nam</strong></span> <span class='ocrx_word' id='word_1_382' title='bbox 3798 2520 3903 2575; x_wconf 82' lang='lat' dir='ltr'><strong>hoc</strong></span> 
     </span>
    </p>
   </div>
   <div class='ocr_carea' id='block_1_58' title="bbox 2310 2600 3899 2689">
    <p class='ocr_par' dir='ltr' id='par_1_58' title="bbox 2310 2600 3899 2689">
     <span class='ocr_line' id='line_1_58' title="bbox 2310 2600 3899 2689; baseline -0.008 -15"><span class='ocrx_word' id='word_1_383' title='bbox 2310 2621 2484 2689; x_wconf 88' lang='lat' dir='ltr'><strong>ipsum</strong></span> <span class='ocrx_word' id='word_1_384' title='bbox 2517 2633 2767 2688; x_wconf 88' lang='lat' dir='ltr'><strong>magnum</strong></span> <span class='ocrx_word' id='word_1_385' title='bbox 2804 2615 3019 2689; x_wconf 82' lang='lat' dir='ltr'><strong>signum</strong></span> <span class='ocrx_word' id='word_1_386' title='bbox 3054 2621 3137 2669; x_wconf 89' lang='lat' dir='ltr'><strong>est</strong></span> <span class='ocrx_word' id='word_1_387' title='bbox 3152 2600 3437 2689; x_wconf 78' lang='lat' dir='ltr'><strong>profectus</strong></span> <span class='ocrx_word' id='word_1_388' title='bbox 3464 2608 3616 2679; x_wconf 85' lang='lat' dir='ltr'><strong>ejus,</strong></span> <span class='ocrx_word' id='word_1_389' title='bbox 3662 2608 3790 2681; x_wconf 80' lang='lat' dir='ltr'><strong>quia</strong></span> 
     </span>
    </p>
   </div>
   <div class='ocr_carea' id='block_1_59' title="bbox 2311 2686 3904 2779">
    <p class='ocr_par' dir='ltr' id='par_1_59' title="bbox 2311 2686 3904 2779">
     <span class='ocr_line' id='line_1_59' title="bbox 2311 2686 3904 2779; baseline -0.008 -15"><span class='ocrx_word' id='word_1_390' title='bbox 2311 2686 2410 2779; x_wconf 80' lang='lat' dir='ltr'><strong>per</strong></span> <span class='ocrx_word' id='word_1_391' title='bbox 2439 2722 2599 2777; x_wconf 88' lang='lat' dir='ltr'><strong>quem</strong></span> <span class='ocrx_word' id='word_1_392' title='bbox 2614 2686 2684 2761; x_wconf 78' lang='lat' dir='ltr'><strong>se</strong></span> <span class='ocrx_word' id='word_1_393' title='bbox 2716 2686 3015 2776; x_wconf 73' lang='lat' dir='ltr'><strong>profecisse</strong></span> <span class='ocrx_word' id='word_1_394' title='bbox 3041 2686 3339 2772; x_wconf 80' lang='lat' dir='ltr'><strong>cegnoscit,</strong></span> <span class='ocrx_word' id='word_1_395' title='bbox 3369 2699 3598 2755; x_wconf 84' lang='lat' dir='ltr'><strong>multum</strong></span> <span class='ocrx_word' id='word_1_396' title='bbox 3624 2712 3904 2771; x_wconf 52' lang='lat' dir='ltr'><strong>commene</strong></span> 
     </span>
    </p>
   </div>
   <div class='ocr_carea' id='block_1_60' title="bbox 2310 2789 3903 2868">
    <p class='ocr_par' dir='ltr' id='par_1_60' title="bbox 2310 2789 3903 2868">
     <span class='ocr_line' id='line_1_60' title="bbox 2310 2789 3903 2868; baseline -0.006 -14"><span class='ocrx_word' id='word_1_397' title='bbox 2310 2799 2427 2855; x_wconf 89' lang='lat' dir='ltr'><strong>dari</strong></span> <span class='ocrx_word' id='word_1_398' title='bbox 2457 2814 2552 2868; x_wconf 86' lang='lat' dir='ltr'><strong>per</strong></span> <span class='ocrx_word' id='word_1_399' title='bbox 2580 2811 2664 2851; x_wconf 90' lang='lat' dir='ltr'><strong>me</strong></span> <span class='ocrx_word' id='word_1_400' title='bbox 2691 2795 2924 2859; x_wconf 83' lang='lat' dir='ltr'><strong>anticum</strong></span> <span class='ocrx_word' id='word_1_401' title='bbox 2967 2803 3206 2849; x_wconf 86' lang='lat' dir='ltr'><strong>vestrum</strong></span> <span class='ocrx_word' id='word_1_402' title='bbox 3238 2790 3549 2855; x_wconf 86' lang='lat' dir='ltr'><strong>desiderat;</strong></span> <span class='ocrx_word' id='word_1_403' title='bbox 3594 2804 3704 2844; x_wconf 87' lang='lat' dir='ltr'><strong>non</strong></span> <span class='ocrx_word' id='word_1_404' title='bbox 3731 2796 3793 2843; x_wconf 91' lang='lat' dir='ltr'><strong>ut</strong></span> <span class='ocrx_word' id='word_1_405' title='bbox 3821 2789 3903 2845; x_wconf 80' lang='lat' dir='ltr'><strong>vi-</strong></span> 
     </span>
    </p>
   </div>
   <div class='ocr_carea' id='block_1_61' title="bbox 2316 2877 3903 2950">
    <p class='ocr_par' dir='ltr' id='par_1_61' title="bbox 2316 2877 3903 2950">
     <span class='ocr_line' id='line_1_61' title="bbox 2316 2877 3903 2950; baseline -0.006 -8"><span class='ocrx_word' id='word_1_406' title='bbox 2316 2889 2404 2942; x_wconf 92' lang='lat' dir='ltr'><strong>tiis</strong></span> <span class='ocrx_word' id='word_1_407' title='bbox 2433 2886 2547 2941; x_wconf 86' lang='lat' dir='ltr'><strong>suis</strong></span> <span class='ocrx_word' id='word_1_408' title='bbox 2570 2883 2962 2948; x_wconf 85' lang='lat' dir='ltr'><strong>consentiatis,</strong></span> <span class='ocrx_word' id='word_1_409' title='bbox 3006 2881 3101 2937; x_wconf 89' lang='lat' dir='ltr'><strong>sed</strong></span> <span class='ocrx_word' id='word_1_410' title='bbox 3125 2888 3187 2935; x_wconf 90' lang='lat' dir='ltr'><strong>ut</strong></span> <span class='ocrx_word' id='word_1_411' title='bbox 3216 2878 3521 2945; x_wconf 69' lang='lat' dir='ltr'><strong>inﬁrmitati</strong></span> <span class='ocrx_word' id='word_1_412' title='bbox 3544 2878 3663 2950; x_wconf 87' lang='lat' dir='ltr'><strong>ejus</strong></span> <span class='ocrx_word' id='word_1_413' title='bbox 3682 2918 3698 2945; x_wconf 93' lang='lat'><strong>,</strong></span> <span class='ocrx_word' id='word_1_414' title='bbox 3739 2886 3797 2932; x_wconf 90' lang='lat' dir='ltr'><strong>ut</strong></span> <span class='ocrx_word' id='word_1_415' title='bbox 3831 2877 3903 2933; x_wconf 80' lang='lat' dir='ltr'><strong>ab</strong></span> 
     </span>
    </p>
   </div>
   <div class='ocr_carea' id='block_1_62' title="bbox 2312 2962 3894 3044">
    <p class='ocr_par' dir='ltr' id='par_1_62' title="bbox 2312 2962 3894 3044">
     <span class='ocr_line' id='line_1_62' title="bbox 2312 2962 3894 3044; baseline -0.007 -12"><span class='ocrx_word' id='word_1_416' title='bbox 2312 2976 2418 3032; x_wconf 91' lang='lat' dir='ltr'><strong>illis</strong></span> <span class='ocrx_word' id='word_1_417' title='bbox 2462 2975 2721 3044; x_wconf 87' lang='lat' dir='ltr'><strong>paulatim</strong></span> <span class='ocrx_word' id='word_1_418' title='bbox 2764 2962 2923 3027; x_wconf 82' lang='lat' dir='ltr'><strong>sicut</strong></span> <span class='ocrx_word' id='word_1_419' title='bbox 2953 2986 3097 3042; x_wconf 82' lang='lat' dir='ltr'><strong>aeger</strong></span> <span class='ocrx_word' id='word_1_420' title='bbox 3146 2970 3383 3036; x_wconf 85' lang='lat' dir='ltr'><strong>levetur,</strong></span> <span class='ocrx_word' id='word_1_421' title='bbox 3424 2966 3894 3024; x_wconf 87' lang='lat' dir='ltr'><strong>condescendatis.</strong></span> 
     </span>
    </p>
   </div>
   <div class='ocr_carea' id='block_1_63' title="bbox 625 3046 3905 3161">
    <p class='ocr_par' dir='ltr' id='par_1_63' title="bbox 625 3046 3905 3161">
     <span class='ocr_line' id='line_1_63' title="bbox 625 3046 3905 3161; baseline -0.004 -35"><span class='ocrx_word' id='word_1_422' title='bbox 625 3093 755 3134; x_wconf 59' lang='grc' dir='ltr'>ιιι-(εει</span> <span class='ocrx_word' id='word_1_423' title='bbox 800 3054 1042 3139; x_wconf 60' lang='lat' dir='ltr'><strong>servare,</strong></span> <span class='ocrx_word' id='word_1_424' title='bbox 1075 3068 1201 3141; x_wconf 59' lang='lat' dir='ltr'><strong>scio</strong></span> <span class='ocrx_word' id='word_1_425' title='bbox 1241 3046 1366 3156; x_wconf 59' lang='lat' dir='ltr'><strong>qcuia</strong></span> <span class='ocrx_word' id='word_1_426' title='bbox 1393 3046 1572 3143; x_wconf 37' lang='lat' dir='ltr'><strong>vespm</strong></span> <span class='ocrx_word' id='word_1_427' title='bbox 1603 3058 1818 3145; x_wconf 42' lang='grc' dir='ltr'><strong>(πείσει’ίο</strong></span> <span class='ocrx_word' id='word_1_428' title='bbox 1853 3090 2122 3161; x_wconf 71' lang='lat' dir='ltr'><strong>quomodo</strong></span> <span class='ocrx_word' id='word_1_429' title='bbox 2150 3105 2209 3145; x_wconf 72' lang='lat' dir='ltr'><strong>se</strong></span> <span class='ocrx_word' id='word_1_430' title='bbox 2236 3046 2282 3107; x_wconf 66' lang='grc' dir='ltr'>Ο</span> <span class='ocrx_word' id='word_1_431' title='bbox 2308 3066 2559 3126; x_wconf 79' lang='lat' dir='ltr'><strong>Nondum</strong></span> <span class='ocrx_word' id='word_1_432' title='bbox 2589 3066 2733 3121; x_wconf 88' lang='lat' dir='ltr'><strong>enim</strong></span> <span class='ocrx_word' id='word_1_433' title='bbox 2766 3064 2931 3119; x_wconf 89' lang='lat' dir='ltr'><strong>audet</strong></span> <span class='ocrx_word' id='word_1_434' title='bbox 2976 3060 3385 3161; x_wconf 36' lang='lat' dir='ltr'><strong>promittere‘se</strong></span> <span class='ocrx_word' id='word_1_435' title='bbox 3412 3073 3594 3161; x_wconf 74' lang='lat' dir='ltr'><strong>mores</strong></span> <span class='ocrx_word' id='word_1_436' title='bbox 3639 3074 3801 3161; x_wconf 53' lang='lat' dir='ltr'><strong>suos,</strong></span> <span class='ocrx_word' id='word_1_437' title='bbox 3824 3059 3905 3155; x_wconf 31' lang='lat' dir='ltr'><strong>{vin</strong></span> 
     </span>
    </p>
   </div>
   <div class='ocr_carea' id='block_1_64' title="bbox 625 3166 2209 3253">
    <p class='ocr_par' dir='ltr' id='par_1_64' title="bbox 625 3166 2209 3253">
     <span class='ocr_line' id='line_1_64' title="bbox 625 3166 2209 3253; baseline 0.015 -30"><span class='ocrx_word' id='word_1_438' title='bbox 625 3166 824 3227; x_wconf 73' lang='lat' dir='ltr'><strong>habeat</strong></span> <span class='ocrx_word' id='word_1_439' title='bbox 874 3183 1045 3232; x_wconf 88' lang='lat' dir='ltr'><strong>status</strong></span> <span class='ocrx_word' id='word_1_440' title='bbox 1092 3187 1298 3244; x_wconf 87' lang='lat' dir='ltr'><strong>noster,</strong></span> <span class='ocrx_word' id='word_1_441' title='bbox 1348 3180 1618 3237; x_wconf 87' lang='lat' dir='ltr'><strong>desiderat</strong></span> <span class='ocrx_word' id='word_1_442' title='bbox 1651 3198 2029 3253; x_wconf 76' lang='lat' dir='ltr'><strong>cognoscere:</strong></span> <span class='ocrx_word' id='word_1_443' title='bbox 2074 3182 2164 3251; x_wconf 73' lang='lat' dir='ltr'><strong>qui</strong></span> <span class='ocrx_word' id='word_1_444' title='bbox 2193 3223 2209 3247; x_wconf 71' lang='grc' dir='ltr'><strong>ν</strong></span> 
     </span>
    </p>
   </div>
   <div class='ocr_carea' id='block_1_65' title="bbox 625 3260 2216 3341">
    <p class='ocr_par' dir='ltr' id='par_1_65' title="bbox 625 3260 2216 3341">
     <span class='ocr_line' id='line_1_65' title="bbox 625 3260 2216 3341; baseline 0.009 -26"><span class='ocrx_word' id='word_1_445' title='bbox 625 3260 739 3316; x_wconf 83' lang='lat' dir='ltr'><strong>Deo</strong></span> <span class='ocrx_word' id='word_1_446' title='bbox 764 3260 1104 3336; x_wconf 82' lang='lat' dir='ltr'><strong>protegente,</strong></span> <span class='ocrx_word' id='word_1_447' title='bbox 1141 3270 1434 3341; x_wconf 84' lang='lat' dir='ltr'><strong>secundum</strong></span> <span class='ocrx_word' id='word_1_448' title='bbox 1467 3273 1685 3326; x_wconf 84' lang='lat' dir='ltr'><strong>modum</strong></span> <span class='ocrx_word' id='word_1_449' title='bbox 1712 3284 1991 3336; x_wconf 85' lang='lat' dir='ltr'><strong>nostrum,</strong></span> <span class='ocrx_word' id='word_1_450' title='bbox 2035 3280 2090 3323; x_wconf 83' lang='lat' dir='ltr'><strong>et</strong></span> <span class='ocrx_word' id='word_1_451' title='bbox 2126 3286 2216 3329; x_wconf 75' lang='lat' dir='ltr'><strong>se:</strong></span> 
     </span>
    </p>
   </div>
   <div class='ocr_carea' id='block_1_66' title="bbox 628 3354 2213 3432">
    <p class='ocr_par' dir='ltr' id='par_1_66' title="bbox 628 3354 2213 3432">
     <span class='ocr_line' id='line_1_66' title="bbox 628 3354 2213 3432; baseline 0.005 -26"><span class='ocrx_word' id='word_1_452' title='bbox 628 3354 866 3409; x_wconf 77' lang='lat' dir='ltr'><strong>cundum</strong></span> <span class='ocrx_word' id='word_1_453' title='bbox 910 3358 1171 3427; x_wconf 88' lang='lat' dir='ltr'><strong>temporis</strong></span> <span class='ocrx_word' id='word_1_454' title='bbox 1199 3360 1359 3429; x_wconf 82' lang='lat' dir='ltr'><strong>hujus</strong></span> <span class='ocrx_word' id='word_1_455' title='bbox 1402 3361 1721 3432; x_wconf 78' lang='lat' dir='ltr'><strong>varietatem</strong></span> <span class='ocrx_word' id='word_1_456' title='bbox 1754 3361 1808 3413; x_wconf 88' lang='lat' dir='ltr'><strong>iu</strong></span> <span class='ocrx_word' id='word_1_457' title='bbox 1839 3361 2049 3415; x_wconf 90' lang='lat' dir='ltr'><strong>cunctis</strong></span> <span class='ocrx_word' id='word_1_458' title='bbox 2076 3360 2213 3414; x_wconf 88' lang='lat' dir='ltr'><strong>bene</strong></span> 
     </span>
    </p>
   </div>
   <div class='ocr_carea' id='block_1_67' title="bbox 628 3449 2213 3523">
    <p class='ocr_par' dir='ltr' id='par_1_67' title="bbox 628 3449 2213 3523">
     <span class='ocr_line' id='line_1_67' title="bbox 628 3449 2213 3523; baseline 0.003 -22"><span class='ocrx_word' id='word_1_459' title='bbox 628 3452 777 3501; x_wconf 67' lang='lat' dir='ltr'><strong>esbct</strong></span> <span class='ocrx_word' id='word_1_460' title='bbox 799 3456 852 3502; x_wconf 89' lang='lat' dir='ltr'><strong>et</strong></span> <span class='ocrx_word' id='word_1_461' title='bbox 886 3462 1179 3521; x_wconf 47' lang='lat' dir='ltr'><strong>prospere,</strong></span> <span class='ocrx_word' id='word_1_462' title='bbox 1228 3451 1329 3505; x_wconf 89' lang='lat' dir='ltr'><strong>nisi</strong></span> <span class='ocrx_word' id='word_1_463' title='bbox 1377 3449 1502 3523; x_wconf 82' lang='lat' dir='ltr'><strong>quia</strong></span> <span class='ocrx_word' id='word_1_464' title='bbox 1536 3467 1658 3506; x_wconf 89' lang='lat' dir='ltr'><strong>cum</strong></span> <span class='ocrx_word' id='word_1_465' title='bbox 1689 3467 1861 3521; x_wconf 89' lang='lat' dir='ltr'><strong>nuper</strong></span> <span class='ocrx_word' id='word_1_466' title='bbox 1896 3452 1948 3505; x_wconf 89' lang='lat' dir='ltr'><strong>in</strong></span> <span class='ocrx_word' id='word_1_467' title='bbox 1980 3451 2213 3509; x_wconf 86' lang='lat' dir='ltr'><strong>Francia</strong></span> 
     </span>
    </p>
   </div>
   <div class='ocr_carea' id='block_1_68' title="bbox 630 3530 2211 3609">
    <p class='ocr_par' dir='ltr' id='par_1_68' title="bbox 630 3530 2211 3609">
     <span class='ocr_line' id='line_1_68' title="bbox 630 3530 2211 3609; baseline 0.003 -19"><span class='ocrx_word' id='word_1_468' title='bbox 630 3549 807 3591; x_wconf 79' lang='lat' dir='ltr'><strong>essem</strong></span> <span class='ocrx_word' id='word_1_469' title='bbox 854 3537 975 3593; x_wconf 89' lang='lat' dir='ltr'><strong>aliis</strong></span> <span class='ocrx_word' id='word_1_470' title='bbox 1002 3537 1073 3570; x_wconf 73' lang='grc'><strong>⁸³⁸</strong></span> <span class='ocrx_word' id='word_1_471' title='bbox 1108 3530 1430 3609; x_wconf 80' lang='lat' dir='ltr'><strong>quibusdam</strong></span> <span class='ocrx_word' id='word_1_472' title='bbox 1472 3540 1740 3595; x_wconf 63' lang='lat' dir='ltr'><strong>aﬂ&#39;ectum&#39;</strong></span> <span class='ocrx_word' id='word_1_473' title='bbox 1765 3540 2039 3594; x_wconf 87' lang='lat' dir='ltr'><strong>laboribus</strong></span> <span class='ocrx_word' id='word_1_474' title='bbox 2078 3541 2211 3595; x_wconf 86' lang='lat' dir='ltr'><strong>levis</strong></span> 
     </span>
    </p>
   </div>
   <div class='ocr_carea' id='block_1_69' title="bbox 631 3614 2211 3721">
    <p class='ocr_par' dir='ltr' id='par_1_69' title="bbox 631 3614 2211 3721">
     <span class='ocr_line' id='line_1_69' title="bbox 631 3614 2211 3721; baseline 0.003 -40"><span class='ocrx_word' id='word_1_475' title='bbox 631 3614 877 3695; x_wconf 60' lang='lat' dir='ltr'><strong>quaedam</strong></span> <span class='ocrx_word' id='word_1_476' title='bbox 910 3628 1087 3721; x_wconf 57' lang='lat' dir='ltr'><strong>febris.</strong></span> <span class='ocrx_word' id='word_1_477' title='bbox 1106 3630 1284 3685; x_wconf 87' lang='lat' dir='ltr'><strong>subito</strong></span> <span class='ocrx_word' id='word_1_478' title='bbox 1314 3631 1526 3685; x_wconf 90' lang='lat' dir='ltr'><strong>irruens</strong></span> <span class='ocrx_word' id='word_1_479' title='bbox 1558 3618 1675 3700; x_wconf 78' lang='lat' dir='ltr'><strong>plus</strong></span> <span class='ocrx_word' id='word_1_480' title='bbox 1709 3645 1795 3685; x_wconf 93' lang='lat' dir='ltr'><strong>me</strong></span> <span class='ocrx_word' id='word_1_481' title='bbox 1828 3630 2022 3685; x_wconf 89' lang='lat' dir='ltr'><strong>terruit</strong></span> <span class='ocrx_word' id='word_1_482' title='bbox 2046 3644 2211 3699; x_wconf 87' lang='lat' dir='ltr'><strong>quam</strong></span> 
     </span>
    </p>
   </div>
   <div class='ocr_carea' id='block_1_70' title="bbox 631 3718 2212 3797">
    <p class='ocr_par' dir='ltr' id='par_1_70' title="bbox 631 3718 2212 3797">
     <span class='ocr_line' id='line_1_70' title="bbox 631 3718 2212 3797; baseline 0.003 -24"><span class='ocrx_word' id='word_1_483' title='bbox 631 3719 789 3796; x_wconf 68' lang='lat' dir='ltr'><strong>laesit.</strong></span> <span class='ocrx_word' id='word_1_484' title='bbox 822 3718 931 3776; x_wconf 88' lang='lat' dir='ltr'><strong>Sed</strong></span> <span class='ocrx_word' id='word_1_485' title='bbox 967 3718 1086 3775; x_wconf 85' lang='lat' dir='ltr'><strong>cum</strong></span> <span class='ocrx_word' id='word_1_486' title='bbox 1114 3722 1323 3793; x_wconf 87' lang='lat' dir='ltr'><strong>videret</strong></span> <span class='ocrx_word' id='word_1_487' title='bbox 1366 3731 1599 3797; x_wconf 87' lang='lat' dir='ltr'><strong>mentem</strong></span> <span class='ocrx_word' id='word_1_488' title='bbox 1637 3736 1810 3777; x_wconf 90' lang='lat' dir='ltr'><strong>meam</strong></span> <span class='ocrx_word' id='word_1_489' title='bbox 1854 3722 2212 3778; x_wconf 89' lang='lat' dir='ltr'><strong>intentissime</strong></span> 
     </span>
    </p>
   </div>
   <div class='ocr_carea' id='block_1_71' title="bbox 632 3813 2209 3886">
    <p class='ocr_par' dir='ltr' id='par_1_71' title="bbox 632 3813 2209 3886">
     <span class='ocr_line' id='line_1_71' title="bbox 632 3813 2209 3886; baseline 0 -17"><span class='ocrx_word' id='word_1_490' title='bbox 632 3827 947 3870; x_wconf 82' lang='lat' dir='ltr'><strong>conversam</strong></span> <span class='ocrx_word' id='word_1_491' title='bbox 973 3815 1113 3870; x_wconf 89' lang='lat' dir='ltr'><strong>utad</strong></span> <span class='ocrx_word' id='word_1_492' title='bbox 1138 3815 1342 3875; x_wconf 83' lang='lat' dir='ltr'><strong>amicos</strong></span> <span class='ocrx_word' id='word_1_493' title='bbox 1364 3826 1579 3871; x_wconf 86' lang='lat' dir='ltr'><strong>nostros</strong></span> <span class='ocrx_word' id='word_1_494' title='bbox 1595 3830 1693 3886; x_wconf 93' lang='lat' dir='ltr'><strong>pro</strong></span> <span class='ocrx_word' id='word_1_495' title='bbox 1716 3814 1919 3870; x_wconf 77' lang='lat' dir='ltr'><strong>auxilio</strong></span> <span class='ocrx_word' id='word_1_496' title='bbox 1942 3813 2209 3869; x_wconf 87' lang='lat' dir='ltr'><strong>mitterem</strong></span> 
     </span>
    </p>
   </div>
   <div class='ocr_carea' id='block_1_72' title="bbox 633 3902 2211 3975">
    <p class='ocr_par' dir='ltr' id='par_1_72' title="bbox 633 3902 2211 3975">
     <span class='ocr_line' id='line_1_72' title="bbox 633 3902 2211 3975; baseline -0.003 -16"><span class='ocrx_word' id='word_1_497' title='bbox 633 3902 968 3971; x_wconf 74' lang='lat' dir='ltr'><strong>arationum,</strong></span> <span class='ocrx_word' id='word_1_498' title='bbox 1017 3906 1276 3959; x_wconf 78' lang='lat' dir='ltr'><strong>exterrita</strong></span> <span class='ocrx_word' id='word_1_499' title='bbox 1318 3906 1402 3960; x_wconf 90' lang='lat' dir='ltr'><strong>bis</strong></span> <span class='ocrx_word' id='word_1_500' title='bbox 1443 3915 1644 3960; x_wconf 90' lang='lat' dir='ltr'><strong>tactum</strong></span> <span class='ocrx_word' id='word_1_501' title='bbox 1694 3904 1829 3975; x_wconf 84' lang='lat' dir='ltr'><strong>fugit</strong></span> <span class='ocrx_word' id='word_1_502' title='bbox 1872 3903 2211 3959; x_wconf 82' lang='lat' dir='ltr'><strong>exterritum.</strong></span> 
     </span>
    </p>
   </div>
   <div class='ocr_carea' id='block_1_73' title="bbox 633 3989 2215 4069">
    <p class='ocr_par' dir='ltr' id='par_1_73' title="bbox 633 3989 2215 4069">
     <span class='ocr_line' id='line_1_73' title="bbox 633 3989 2215 4069; baseline -0.001 -21"><span class='ocrx_word' id='word_1_503' title='bbox 633 3989 790 4048; x_wconf 81' lang='lat' dir='ltr'><strong>Unde</strong></span> <span class='ocrx_word' id='word_1_504' title='bbox 816 3991 1132 4069; x_wconf 77' lang='lat' dir='ltr'><strong>aliquandiu</strong></span> <span class='ocrx_word' id='word_1_505' title='bbox 1156 4005 1271 4064; x_wconf 89' lang='lat' dir='ltr'><strong>post</strong></span> <span class='ocrx_word' id='word_1_506' title='bbox 1298 4010 1490 4063; x_wconf 80' lang='lat' dir='ltr'><strong>passus</strong></span> <span class='ocrx_word' id='word_1_507' title='bbox 1512 4000 1666 4060; x_wconf 85' lang='lat' dir='ltr'><strong>sum,</strong></span> <span class='ocrx_word' id='word_1_508' title='bbox 1694 4010 1816 4051; x_wconf 89' lang='lat' dir='ltr'><strong>cum</strong></span> <span class='ocrx_word' id='word_1_509' title='bbox 1848 3994 2039 4055; x_wconf 85' lang='lat' dir='ltr'><strong>edendi</strong></span> <span class='ocrx_word' id='word_1_510' title='bbox 2063 3993 2215 4047; x_wconf 78' lang='lat' dir='ltr'><strong>fasti-</strong></span> 
     </span>
    </p>
   </div>
   <div class='ocr_carea' id='block_1_74' title="bbox 634 4072 2211 4154">
    <p class='ocr_par' dir='ltr' id='par_1_74' title="bbox 634 4072 2211 4154">
     <span class='ocr_line' id='line_1_74' title="bbox 634 4072 2211 4154; baseline 0.001 -17"><span class='ocrx_word' id='word_1_511' title='bbox 634 4083 745 4149; x_wconf 87' lang='lat' dir='ltr'><strong>dio,</strong></span> <span class='ocrx_word' id='word_1_512' title='bbox 769 4082 1069 4140; x_wconf 83' lang='lat' dir='ltr'><strong>dormiendi</strong></span> <span class='ocrx_word' id='word_1_513' title='bbox 1092 4072 1482 4152; x_wconf 70' lang='lat' dir='ltr'><strong>diliicultatem,</strong></span> <span class='ocrx_word' id='word_1_514' title='bbox 1498 4095 1553 4140; x_wconf 91' lang='lat' dir='ltr'><strong>et</strong></span> <span class='ocrx_word' id='word_1_515' title='bbox 1576 4087 1938 4144; x_wconf 62' lang='lat' dir='ltr'><strong>membrorum</strong></span> <span class='ocrx_word' id='word_1_516' title='bbox 1956 4084 2211 4154; x_wconf 87' lang='lat' dir='ltr'><strong>majorem</strong></span> 
     </span>
    </p>
   </div>
   <div class='ocr_carea' id='block_1_75' title="bbox 632 4175 2217 4240">
    <p class='ocr_par' dir='ltr' id='par_1_75' title="bbox 632 4175 2217 4240">
     <span class='ocr_line' id='line_1_75' title="bbox 632 4175 2217 4240; baseline -0.001 -9"><span class='ocrx_word' id='word_1_517' title='bbox 632 4175 1077 4237; x_wconf 79' lang='lat' dir='ltr'><strong>imbecillitatem.</strong></span> <span class='ocrx_word' id='word_1_518' title='bbox 1122 4176 1376 4232; x_wconf 91' lang='lat' dir='ltr'><strong>Dominos</strong></span> <span class='ocrx_word' id='word_1_519' title='bbox 1402 4188 1457 4230; x_wconf 91' lang='lat' dir='ltr'><strong>et</strong></span> <span class='ocrx_word' id='word_1_520' title='bbox 1499 4178 1696 4230; x_wconf 81' lang='lat' dir='ltr'><strong>fratres</strong></span> <span class='ocrx_word' id='word_1_521' title='bbox 1733 4183 1949 4238; x_wconf 81' lang='lat' dir='ltr'><strong>nostros</strong></span> <span class='ocrx_word' id='word_1_522' title='bbox 1980 4176 2217 4240; x_wconf 73' lang='lat' dir='ltr'><strong>dilectng</strong></span> 
     </span>
    </p>
   </div>
   <div class='ocr_carea' id='block_1_76' title="bbox 635 4265 2210 4339">
    <p class='ocr_par' dir='ltr' id='par_1_76' title="bbox 635 4265 2210 4339">
     <span class='ocr_line' id='line_1_76' title="bbox 635 4265 2210 4339; baseline -0.001 -16"><span class='ocrx_word' id='word_1_523' title='bbox 635 4266 803 4323; x_wconf 70' lang='lat' dir='ltr'><strong>Simos</strong></span> <span class='ocrx_word' id='word_1_524' title='bbox 830 4265 968 4325; x_wconf 80' lang='lat' dir='ltr'><strong>ﬁlios</strong></span> <span class='ocrx_word' id='word_1_525' title='bbox 989 4275 1196 4322; x_wconf 85' lang='lat' dir='ltr'><strong>vestros</strong></span> <span class='ocrx_word' id='word_1_526' title='bbox 1226 4278 1425 4337; x_wconf 86' lang='lat' dir='ltr'><strong>quanta</strong></span> <span class='ocrx_word' id='word_1_527' title='bbox 1455 4282 1669 4337; x_wconf 70' lang='lat' dir='ltr'><strong>possunt</strong></span> <span class='ocrx_word' id='word_1_528' title='bbox 1696 4266 1981 4332; x_wconf 76' lang='lat' dir='ltr'><strong>devotione</strong></span> <span class='ocrx_word' id='word_1_529' title='bbox 2003 4267 2210 4339; x_wconf 75' lang='lat' dir='ltr'><strong>saluto;</strong></span> 
     </span>
    </p>
   </div>
   <div class='ocr_carea' id='block_1_77' title="bbox 637 4356 2290 4447">
    <p class='ocr_par' dir='ltr' id='par_1_77' title="bbox 637 4356 2290 4447">
     <span class='ocr_line' id='line_1_77' title="bbox 637 4356 2290 4447; baseline -0.002 -33"><span class='ocrx_word' id='word_1_530' title='bbox 637 4356 708 4414; x_wconf 85' lang='lat' dir='ltr'><strong>de</strong></span> <span class='ocrx_word' id='word_1_531' title='bbox 732 4372 962 4426; x_wconf 86' lang='lat' dir='ltr'><strong>quorum</strong></span> <span class='ocrx_word' id='word_1_532' title='bbox 988 4372 1116 4427; x_wconf 87' lang='lat' dir='ltr'><strong>erga</strong></span> <span class='ocrx_word' id='word_1_533' title='bbox 1149 4372 1231 4410; x_wconf 85' lang='lat' dir='ltr'><strong>me</strong></span> <span class='ocrx_word' id='word_1_534' title='bbox 1253 4357 1391 4411; x_wconf 86' lang='lat' dir='ltr'><strong>dulci</strong></span> <span class='ocrx_word' id='word_1_535' title='bbox 1416 4358 1700 4411; x_wconf 84' lang='lat' dir='ltr'><strong>dilectione</strong></span> <span class='ocrx_word' id='word_1_536' title='bbox 1730 4372 1787 4411; x_wconf 90' lang='lat' dir='ltr'><strong>re</strong></span> <span class='ocrx_word' id='word_1_537' title='bbox 1812 4356 1942 4412; x_wconf 87' lang='lat' dir='ltr'><strong>mihi</strong></span> <span class='ocrx_word' id='word_1_538' title='bbox 1975 4359 2210 4440; x_wconf 78' lang='lat' dir='ltr'><strong>cognita,</strong></span> <span class='ocrx_word' id='word_1_539' title='bbox 2247 4393 2290 4447; x_wconf 66' lang='grc' dir='ltr'><strong>Β</strong></span> 
     </span>
    </p>
   </div>
   <div class='ocr_carea' id='block_1_78' title="bbox 2312 3152 3905 3229">
    <p class='ocr_par' dir='ltr' id='par_1_78' title="bbox 2312 3152 3905 3229">
     <span class='ocr_line' id='line_1_78' title="bbox 2312 3152 3905 3229; baseline -0.003 -17"><span class='ocrx_word' id='word_1_540' title='bbox 2312 3159 2510 3229; x_wconf 85' lang='lat' dir='ltr'><strong>quibus</strong></span> <span class='ocrx_word' id='word_1_541' title='bbox 2539 3158 2695 3212; x_wconf 88' lang='lat' dir='ltr'><strong>aliter</strong></span> <span class='ocrx_word' id='word_1_542' title='bbox 2721 3170 2883 3227; x_wconf 83' lang='lat' dir='ltr'><strong>quam</strong></span> <span class='ocrx_word' id='word_1_543' title='bbox 2902 3154 3156 3227; x_wconf 79' lang='lat' dir='ltr'><strong>expediat</strong></span> <span class='ocrx_word' id='word_1_544' title='bbox 3176 3152 3413 3211; x_wconf 86' lang='lat' dir='ltr'><strong>nutritus</strong></span> <span class='ocrx_word' id='word_1_545' title='bbox 3435 3163 3540 3219; x_wconf 90' lang='lat' dir='ltr'><strong>est,</strong></span> <span class='ocrx_word' id='word_1_546' title='bbox 3566 3154 3631 3229; x_wconf 77' lang='lat' dir='ltr'><strong>in</strong></span> <span class='ocrx_word' id='word_1_547' title='bbox 3652 3152 3905 3229; x_wconf 65' lang='lat' dir='ltr'><strong>protl‘mo</strong></span> 
     </span>
    </p>
   </div>
   <div class='ocr_carea' id='block_1_79' title="bbox 2314 3226 3903 3319">
    <p class='ocr_par' dir='ltr' id='par_1_79' title="bbox 2314 3226 3903 3319">
     <span class='ocr_line' id='line_1_79' title="bbox 2314 3226 3903 3319; baseline -0.005 -16"><span class='ocrx_word' id='word_1_548' title='bbox 2314 3226 2529 3319; x_wconf 75' lang='lat' dir='ltr'><strong>penitus</strong></span> <span class='ocrx_word' id='word_1_549' title='bbox 2559 3226 2938 3309; x_wconf 85' lang='lat' dir='ltr'><strong>deserturum;</strong></span> <span class='ocrx_word' id='word_1_550' title='bbox 2967 3244 3061 3300; x_wconf 78' lang='lat' dir='ltr'><strong>sed</strong></span> <span class='ocrx_word' id='word_1_551' title='bbox 3087 3258 3212 3299; x_wconf 88' lang='lat' dir='ltr'><strong>cum</strong></span> <span class='ocrx_word' id='word_1_552' title='bbox 3245 3243 3519 3298; x_wconf 84' lang='lat' dir='ltr'><strong>voluntate</strong></span> <span class='ocrx_word' id='word_1_553' title='bbox 3547 3226 3603 3296; x_wconf 79' lang='lat' dir='ltr'><strong>et</strong></span> <span class='ocrx_word' id='word_1_554' title='bbox 3632 3226 3903 3315; x_wconf 61' lang='lat' dir='ltr'><strong>dealderio</strong></span> 
     </span>
    </p>
   </div>
   <div class='ocr_carea' id='block_1_80' title="bbox 2313 3331 3973 3407">
    <p class='ocr_par' dir='ltr' id='par_1_80' title="bbox 2313 3331 3973 3407">
     <span class='ocr_line' id='line_1_80' title="bbox 2313 3331 3973 3407; baseline -0.004 -17"><span class='ocrx_word' id='word_1_555' title='bbox 2313 3336 2581 3407; x_wconf 85' lang='lat' dir='ltr'><strong>promittit</strong></span> <span class='ocrx_word' id='word_1_556' title='bbox 2608 3332 2822 3407; x_wconf 77' lang='lat' dir='ltr'><strong>quoties</strong></span> <span class='ocrx_word' id='word_1_557' title='bbox 2863 3331 3149 3395; x_wconf 88' lang='lat' dir='ltr'><strong>ceciderit,</strong></span> <span class='ocrx_word' id='word_1_558' title='bbox 3197 3346 3259 3385; x_wconf 88' lang='lat' dir='ltr'><strong>se</strong></span> <span class='ocrx_word' id='word_1_559' title='bbox 3285 3331 3395 3385; x_wconf 88' lang='lat' dir='ltr'><strong>Deo</strong></span> <span class='ocrx_word' id='word_1_560' title='bbox 3440 3331 3762 3400; x_wconf 74' lang='lat' dir='ltr'><strong>adiuvante,</strong></span> <span class='ocrx_word' id='word_1_561' title='bbox 3803 3344 3905 3399; x_wconf 88' lang='lat' dir='ltr'><strong>per</strong></span> <span class='ocrx_word' id='word_1_562' title='bbox 3958 3351 3973 3355; x_wconf 44' lang='grc' dir='ltr'><strong>ι</strong></span> 
     </span>
    </p>
   </div>
   <div class='ocr_carea' id='block_1_81' title="bbox 2280 3418 3901 3493">
    <p class='ocr_par' dir='ltr' id='par_1_81' title="bbox 2280 3418 3901 3493">
     <span class='ocr_line' id='line_1_81' title="bbox 2280 3418 3901 3493; baseline -0.005 -12"><span class='ocrx_word' id='word_1_563' title='bbox 2280 3436 2285 3439; x_wconf 84' lang='grc'><em>’</em></span> <span class='ocrx_word' id='word_1_564' title='bbox 2316 3436 2553 3487; x_wconf 85' lang='lat' dir='ltr'><strong>vestrum</strong></span> <span class='ocrx_word' id='word_1_565' title='bbox 2596 3422 2871 3489; x_wconf 12' lang='lat' dir='ltr'><strong>auxilium,</strong></span> <span class='ocrx_word' id='word_1_566' title='bbox 2892 3418 3295 3493; x_wconf 70' lang='lat' dir='ltr'><strong>tet-consilium,</strong></span> <span class='ocrx_word' id='word_1_567' title='bbox 3325 3427 3382 3474; x_wconf 92' lang='lat' dir='ltr'><strong>et</strong></span> <span class='ocrx_word' id='word_1_568' title='bbox 3403 3435 3501 3490; x_wconf 84' lang='lat' dir='ltr'><strong>per</strong></span> <span class='ocrx_word' id='word_1_569' title='bbox 3528 3428 3738 3483; x_wconf 85' lang='lat' dir='ltr'><strong>vestras</strong></span> <span class='ocrx_word' id='word_1_570' title='bbox 3774 3434 3901 3473; x_wconf 82' lang='lat' dir='ltr'><strong>ora-</strong></span> 
     </span>
    </p>
   </div>
   <div class='ocr_carea' id='block_1_82' title="bbox 2315 3504 3897 3581">
    <p class='ocr_par' dir='ltr' id='par_1_82' title="bbox 2315 3504 3897 3581">
     <span class='ocr_line' id='line_1_82' title="bbox 2315 3504 3897 3581; baseline -0.004 -12"><span class='ocrx_word' id='word_1_571' title='bbox 2315 3516 2490 3569; x_wconf 86' lang='lat' dir='ltr'><strong>tiones</strong></span> <span class='ocrx_word' id='word_1_572' title='bbox 2515 3522 2889 3568; x_wconf 88' lang='lat' dir='ltr'><strong>surrecturum</strong></span> <span class='ocrx_word' id='word_1_573' title='bbox 2911 3508 3005 3576; x_wconf 66' lang='lat'><strong>&quot;7,</strong></span> <span class='ocrx_word' id='word_1_574' title='bbox 3034 3518 3090 3565; x_wconf 83' lang='lat' dir='ltr'><strong>et</strong></span> <span class='ocrx_word' id='word_1_575' title='bbox 3114 3504 3438 3580; x_wconf 83' lang='lat' dir='ltr'><strong>quandoque</strong></span> <span class='ocrx_word' id='word_1_576' title='bbox 3463 3508 3519 3562; x_wconf 92' lang='lat' dir='ltr'><strong>iu</strong></span> <span class='ocrx_word' id='word_1_577' title='bbox 3542 3508 3697 3563; x_wconf 88' lang='lat' dir='ltr'><strong>bonis</strong></span> <span class='ocrx_word' id='word_1_578' title='bbox 3725 3507 3897 3581; x_wconf 74' lang='lat' dir='ltr'><strong>mori-</strong></span> 
     </span>
    </p>
   </div>
   <div class='ocr_carea' id='block_1_83' title="bbox 2311 3586 3885 3662">
    <p class='ocr_par' dir='ltr' id='par_1_83' title="bbox 2311 3586 3885 3662">
     <span class='ocr_line' id='line_1_83' title="bbox 2311 3586 3885 3662; baseline -0.005 -1"><span class='ocrx_word' id='word_1_579' title='bbox 2311 3605 2413 3662; x_wconf 88' lang='lat' dir='ltr'><strong>bus</strong></span> <span class='ocrx_word' id='word_1_580' title='bbox 2436 3609 2748 3659; x_wconf 82' lang='lat' dir='ltr'><strong>constanter</strong></span> <span class='ocrx_word' id='word_1_581' title='bbox 2766 3608 3054 3656; x_wconf 85' lang='lat' dir='ltr'><strong>staturum.</strong></span> <span class='ocrx_word' id='word_1_582' title='bbox 3078 3599 3322 3655; x_wconf 82' lang='lat' dir='ltr'><strong>Salutate</strong></span> <span class='ocrx_word' id='word_1_583' title='bbox 3342 3598 3588 3653; x_wconf 87' lang='lat' dir='ltr'><strong>dominos</strong></span> <span class='ocrx_word' id='word_1_584' title='bbox 3609 3608 3663 3653; x_wconf 91' lang='lat' dir='ltr'><strong>et</strong></span> <span class='ocrx_word' id='word_1_585' title='bbox 3688 3586 3885 3653; x_wconf 81' lang='lat' dir='ltr'><strong>fratres</strong></span> 
     </span>
    </p>
   </div>
   <div class='ocr_carea' id='block_1_84' title="bbox 2312 3688 3905 3765">
    <p class='ocr_par' dir='ltr' id='par_1_84' title="bbox 2312 3688 3905 3765">
     <span class='ocr_line' id='line_1_84' title="bbox 2312 3688 3905 3765; baseline -0.008 -14"><span class='ocrx_word' id='word_1_586' title='bbox 2312 3690 2528 3750; x_wconf 86' lang='lat' dir='ltr'><strong>nostros</strong></span> <span class='ocrx_word' id='word_1_587' title='bbox 2556 3701 2751 3747; x_wconf 71' lang='lat' dir='ltr'><strong>vestra:</strong></span> <span class='ocrx_word' id='word_1_588' title='bbox 2786 3688 3223 3761; x_wconf 77' lang='lat' dir='ltr'><strong>congregationis</strong></span> <span class='ocrx_word' id='word_1_589' title='bbox 3268 3688 3563 3743; x_wconf 85' lang='lat' dir='ltr'><strong>monachos</strong></span> <span class='ocrx_word' id='word_1_590' title='bbox 3608 3703 3677 3742; x_wconf 78' lang='lat' dir='ltr'><strong>ex</strong></span> <span class='ocrx_word' id='word_1_591' title='bbox 3714 3696 3905 3765; x_wconf 75' lang='lat' dir='ltr'><strong>nostra</strong></span> 
     </span>
    </p>
   </div>
   <div class='ocr_carea' id='block_1_85' title="bbox 2311 3777 3902 3855">
    <p class='ocr_par' dir='ltr' id='par_1_85' title="bbox 2311 3777 3902 3855">
     <span class='ocr_line' id='line_1_85' title="bbox 2311 3777 3902 3855; baseline -0.003 -18"><span class='ocrx_word' id='word_1_592' title='bbox 2311 3795 2512 3855; x_wconf 89' lang='lat' dir='ltr'><strong>parte:</strong></span> <span class='ocrx_word' id='word_1_593' title='bbox 2563 3794 2699 3851; x_wconf 89' lang='lat' dir='ltr'><strong>quos</strong></span> <span class='ocrx_word' id='word_1_594' title='bbox 2731 3793 2891 3849; x_wconf 89' lang='lat' dir='ltr'><strong>rogo,</strong></span> <span class='ocrx_word' id='word_1_595' title='bbox 2935 3786 2991 3832; x_wconf 91' lang='lat' dir='ltr'><strong>ut</strong></span> <span class='ocrx_word' id='word_1_596' title='bbox 3030 3777 3202 3832; x_wconf 82' lang='lat' dir='ltr'><strong>ﬁdelis</strong></span> <span class='ocrx_word' id='word_1_597' title='bbox 3240 3784 3294 3832; x_wconf 87' lang='lat' dir='ltr'><strong>et</strong></span> <span class='ocrx_word' id='word_1_598' title='bbox 3343 3777 3584 3841; x_wconf 83' lang='lat' dir='ltr'><strong>amicus,</strong></span> <span class='ocrx_word' id='word_1_599' title='bbox 3629 3782 3902 3847; x_wconf 74' lang='lat' dir='ltr'><strong>Quatenus</strong></span> 
     </span>
    </p>
   </div>
   <div class='ocr_carea' id='block_1_86' title="bbox 2314 3866 3906 3937">
    <p class='ocr_par' dir='ltr' id='par_1_86' title="bbox 2314 3866 3906 3937">
     <span class='ocr_line' id='line_1_86' title="bbox 2314 3866 3906 3937; baseline -0.002 -11"><span class='ocrx_word' id='word_1_600' title='bbox 2314 3870 2525 3926; x_wconf 76' lang='lat' dir='ltr'><strong>solliciti</strong></span> <span class='ocrx_word' id='word_1_601' title='bbox 2550 3871 2659 3927; x_wconf 80' lang='lat' dir='ltr'><strong>sint</strong></span> <span class='ocrx_word' id='word_1_602' title='bbox 2684 3884 2888 3924; x_wconf 82' lang='lat' dir='ltr'><strong>servare</strong></span> <span class='ocrx_word' id='word_1_603' title='bbox 2917 3869 3169 3922; x_wconf 78' lang='lat' dir='ltr'><strong>unitatem</strong></span> <span class='ocrx_word' id='word_1_604' title='bbox 3196 3867 3411 3936; x_wconf 76' lang='lat' dir='ltr'><strong>spiritus</strong></span> <span class='ocrx_word' id='word_1_605' title='bbox 3433 3866 3486 3920; x_wconf 76' lang='lat' dir='ltr'><strong>in</strong></span> <span class='ocrx_word' id='word_1_606' title='bbox 3516 3866 3727 3921; x_wconf 81' lang='lat' dir='ltr'><strong>vinculo</strong></span> <span class='ocrx_word' id='word_1_607' title='bbox 3757 3869 3906 3937; x_wconf 83' lang='lat' dir='ltr'><strong>pacis</strong></span> 
     </span>
    </p>
   </div>
   <div class='ocr_carea' id='block_1_87' title="bbox 2316 3957 3942 4035">
    <p class='ocr_par' dir='ltr' id='par_1_87' title="bbox 2316 3957 3942 4035">
     <span class='ocr_line' id='line_1_87' title="bbox 2316 3957 3942 4035; baseline -0.001 -20"><span class='ocrx_word' id='word_1_608' title='bbox 2316 3963 2531 4035; x_wconf 77' lang='lat' dir='ltr'><strong>(Ephes.</strong></span> <span class='ocrx_word' id='word_1_609' title='bbox 2586 3979 2659 4030; x_wconf 90' lang='lat' dir='ltr'><strong>tv,</strong></span> <span class='ocrx_word' id='word_1_610' title='bbox 2694 3961 2774 4029; x_wconf 72' lang='grc' dir='ltr'><strong>ὅ),</strong></span> <span class='ocrx_word' id='word_1_611' title='bbox 2797 3961 2841 4015; x_wconf 89' lang='lat' dir='ltr'><strong>si</strong></span> <span class='ocrx_word' id='word_1_612' title='bbox 2864 3960 3109 4029; x_wconf 82' lang='lat' dir='ltr'><strong>templum</strong></span> <span class='ocrx_word' id='word_1_613' title='bbox 3136 3959 3314 4013; x_wconf 85' lang='lat' dir='ltr'><strong>volunt</strong></span> <span class='ocrx_word' id='word_1_614' title='bbox 3341 3973 3462 4013; x_wconf 85' lang='lat' dir='ltr'><strong>esse</strong></span> <span class='ocrx_word' id='word_1_615' title='bbox 3488 3957 3715 4027; x_wconf 80' lang='lat' dir='ltr'><strong>Spiritus</strong></span> <span class='ocrx_word' id='word_1_616' title='bbox 3738 3961 3907 4016; x_wconf 75' lang='lat' dir='ltr'><strong>sancti</strong></span> <span class='ocrx_word' id='word_1_617' title='bbox 3935 3984 3942 3993; x_wconf 85' lang='lat'><strong><em>-</em></strong></span> 
     </span>
    </p>
   </div>
   <div class='ocr_carea' id='block_1_88' title="bbox 2315 4051 3899 4127">
    <p class='ocr_par' dir='ltr' id='par_1_88' title="bbox 2315 4051 3899 4127">
     <span class='ocr_line' id='line_1_88' title="bbox 2315 4051 3899 4127; baseline -0.001 -16"><span class='ocrx_word' id='word_1_618' title='bbox 2315 4058 2367 4127; x_wconf 81' lang='lat' dir='ltr'><strong>(I</strong></span> <span class='ocrx_word' id='word_1_619' title='bbox 2393 4056 2516 4111; x_wconf 80' lang='lat' dir='ltr'><strong>Cor.</strong></span> <span class='ocrx_word' id='word_1_620' title='bbox 2566 4071 2642 4118; x_wconf 89' lang='lat' dir='ltr'><strong>vt,</strong></span> <span class='ocrx_word' id='word_1_621' title='bbox 2675 4054 2786 4119; x_wconf 77' lang='lat' dir='ltr'><strong>i9),</strong></span> <span class='ocrx_word' id='word_1_622' title='bbox 2815 4054 2905 4124; x_wconf 91' lang='lat' dir='ltr'><strong>qui</strong></span> <span class='ocrx_word' id='word_1_623' title='bbox 2948 4052 3087 4111; x_wconf 86' lang='lat' dir='ltr'><strong>sicut</strong></span> <span class='ocrx_word' id='word_1_624' title='bbox 3117 4051 3287 4107; x_wconf 87' lang='lat' dir='ltr'><strong>scindi</strong></span> <span class='ocrx_word' id='word_1_625' title='bbox 3325 4066 3429 4107; x_wconf 91' lang='lat' dir='ltr'><strong>non</strong></span> <span class='ocrx_word' id='word_1_626' title='bbox 3469 4060 3679 4121; x_wconf 88' lang='lat' dir='ltr'><strong>potest,</strong></span> <span class='ocrx_word' id='word_1_627' title='bbox 3732 4051 3807 4106; x_wconf 83' lang='lat' dir='ltr'><strong>ita</strong></span> <span class='ocrx_word' id='word_1_628' title='bbox 3837 4051 3899 4110; x_wconf 80' lang='lat' dir='ltr'><strong>in</strong></span> 
     </span>
    </p>
   </div>
   <div class='ocr_carea' id='block_1_89' title="bbox 2314 4140 3480 4219">
    <p class='ocr_par' dir='ltr' id='par_1_89' title="bbox 2314 4140 3480 4219">
     <span class='ocr_line' id='line_1_89' title="bbox 2314 4140 3480 4219; baseline -0.007 -17"><span class='ocrx_word' id='word_1_629' title='bbox 2314 4144 2587 4219; x_wconf 72' lang='lat' dir='ltr'><strong>discordia</strong></span> <span class='ocrx_word' id='word_1_630' title='bbox 2614 4144 2867 4201; x_wconf 84' lang='lat' dir='ltr'><strong>habitare</strong></span> <span class='ocrx_word' id='word_1_631' title='bbox 2895 4159 3003 4199; x_wconf 92' lang='lat' dir='ltr'><strong>non</strong></span> <span class='ocrx_word' id='word_1_632' title='bbox 3037 4150 3234 4213; x_wconf 85' lang='lat' dir='ltr'><strong>potest.</strong></span> <span class='ocrx_word' id='word_1_633' title='bbox 3269 4140 3480 4196; x_wconf 77' lang='lat' dir='ltr'><strong>Valete.</strong></span> 
     </span>
    </p>
   </div>
   <div class='ocr_carea' id='block_1_90' title="bbox 2773 4249 3442 4337">
    <p class='ocr_par' dir='ltr' id='par_1_90' title="bbox 2773 4249 3442 4337">
     <span class='ocr_line' id='line_1_90' title="bbox 2773 4249 3442 4337; baseline -0.01 -29"><span class='ocrx_word' id='word_1_634' title='bbox 2773 4250 3114 4337; x_wconf 55' lang='lat' dir='ltr'><strong>EPtSToyA</strong></span> <span class='ocrx_word' id='word_1_635' title='bbox 3156 4249 3321 4305; x_wconf 80' lang='lat' dir='ltr'><strong>xux</strong></span> <span class='ocrx_word' id='word_1_636' title='bbox 3350 4249 3442 4302; x_wconf 71' lang='grc' dir='ltr'><strong>ιη.</strong></span> 
     </span>
    </p>
   </div>
   <div class='ocr_carea' id='block_1_91' title="bbox 2910 4359 3323 4421">
    <p class='ocr_par' dir='ltr' id='par_1_91' title="bbox 2910 4359 3323 4421">
     <span class='ocr_line' id='line_1_91' title="bbox 2910 4359 3323 4421; baseline -0.012 -14"><span class='ocrx_word' id='word_1_637' title='bbox 2910 4366 2978 4417; x_wconf 69' lang='lat' dir='ltr'><strong>an</strong></span> <span class='ocrx_word' id='word_1_638' title='bbox 3016 4359 3323 4421; x_wconf 59' lang='lat' dir='ltr'><strong>clitantium.</strong></span> 
     </span>
    </p>
   </div>
   <div class='ocr_carea' id='block_1_92' title="bbox 534 4437 2216 4547">
    <p class='ocr_par' dir='ltr' id='par_1_92' title="bbox 534 4437 2216 4540">
     <span class='ocr_line' id='line_1_92' title="bbox 534 4437 2216 4540; baseline 0.001 -41"><span class='ocrx_word' id='word_1_639' title='bbox 534 4520 537 4525; x_wconf 15' lang='grc' dir='ltr'>ί</span> <span class='ocrx_word' id='word_1_640' title='bbox 637 4444 854 4533; x_wconf 88' lang='lat' dir='ltr'><strong>quoties</strong></span> <span class='ocrx_word' id='word_1_641' title='bbox 883 4447 1143 4517; x_wconf 85' lang='lat' dir='ltr'><strong>recogito,</strong></span> <span class='ocrx_word' id='word_1_642' title='bbox 1175 4447 1403 4515; x_wconf 79' lang='lat' dir='ltr'><strong>exsulto.</strong></span> <span class='ocrx_word' id='word_1_643' title='bbox 1441 4448 1515 4501; x_wconf 89' lang='lat' dir='ltr'><strong>De</strong></span> <span class='ocrx_word' id='word_1_644' title='bbox 1547 4446 1777 4511; x_wconf 81' lang='lat' dir='ltr'><strong>Ricardo</strong></span> <span class='ocrx_word' id='word_1_645' title='bbox 1818 4450 2089 4505; x_wconf 83' lang='lat' dir='ltr'><strong>serviente</strong></span> <span class='ocrx_word' id='word_1_646' title='bbox 2124 4437 2216 4540; x_wconf 60' lang='lat' dir='ltr'><strong>ve,</strong></span> 
     </span>
    </p>
   </div>
   <div class='ocr_carea' id='block_1_93' title="bbox 2314 4437 3912 4547">
    <p class='ocr_par' dir='ltr' id='par_1_93' title="bbox 2314 4437 3912 4547">
     <span class='ocr_line' id='line_1_93' title="bbox 2314 4437 3912 4547; baseline -0.004 -26"><span class='ocrx_word' id='word_1_647' title='bbox 2314 4467 2391 4521; x_wconf 75' lang='grc' dir='ltr'>Ἡι</span> <span class='ocrx_word' id='word_1_648' title='bbox 2432 4437 2706 4547; x_wconf 56' lang='grc' dir='ltr'><strong>Βειςεξηδξε</strong></span> <span class='ocrx_word' id='word_1_649' title='bbox 2732 4464 2963 4547; x_wconf 56' lang='lat' dir='ltr'><strong>quidam</strong></span> <span class='ocrx_word' id='word_1_650' title='bbox 3009 4463 3294 4547; x_wconf 72' lang='lat' dir='ltr'><strong>monachus</strong></span> <span class='ocrx_word' id='word_1_651' title='bbox 3329 4462 3392 4545; x_wconf 72' lang='lat' dir='ltr'><strong>ub</strong></span> <span class='ocrx_word' id='word_1_652' title='bbox 3427 4462 3657 4547; x_wconf 59' lang='lat' dir='ltr'><strong>ecclesirv</strong></span> <span class='ocrx_word' id='word_1_653' title='bbox 3704 4461 3766 4516; x_wconf 90' lang='lat' dir='ltr'><strong>S.</strong></span> 
     </span>
    </p>
   </div>
   <div class='ocr_carea' id='block_1_94' title="bbox 637 4538 2238 4619">
    <p class='ocr_par' dir='ltr' id='par_1_94' title="bbox 637 4538 2238 4619">
     <span class='ocr_line' id='line_1_94' title="bbox 637 4538 2238 4619; baseline 0.004 -28"><span class='ocrx_word' id='word_1_654' title='bbox 637 4546 775 4602; x_wconf 80' lang='lat' dir='ltr'><strong>stro,</strong></span> <span class='ocrx_word' id='word_1_655' title='bbox 794 4538 887 4609; x_wconf 80' lang='lat' dir='ltr'><strong>qui</strong></span> <span class='ocrx_word' id='word_1_656' title='bbox 902 4554 999 4605; x_wconf 88' lang='lat' dir='ltr'><strong>vos</strong></span> <span class='ocrx_word' id='word_1_657' title='bbox 1018 4541 1066 4592; x_wconf 90' lang='lat' dir='ltr'><strong>in</strong></span> <span class='ocrx_word' id='word_1_658' title='bbox 1084 4540 1327 4609; x_wconf 75' lang='lat' dir='ltr'><strong>Angliam</strong></span> <span class='ocrx_word' id='word_1_659' title='bbox 1349 4540 1641 4598; x_wconf 87' lang='lat' dir='ltr'><strong>secundum</strong></span> <span class='ocrx_word' id='word_1_660' title='bbox 1659 4540 1956 4613; x_wconf 90' lang='lat' dir='ltr'><strong>jussioncm</strong></span> <span class='ocrx_word' id='word_1_661' title='bbox 1980 4538 2238 4619; x_wconf 46' lang='lat' dir='ltr'><strong>vestra‘r‘,</strong></span> 
     </span>
    </p>
   </div>
   <div class='ocr_carea' id='block_1_95' title="bbox 637 4630 2219 4711">
    <p class='ocr_par' dir='ltr' id='par_1_95' title="bbox 637 4630 2219 4711">
     <span class='ocr_line' id='line_1_95' title="bbox 637 4630 2219 4711; baseline 0.003 -28"><span class='ocrx_word' id='word_1_662' title='bbox 637 4638 857 4687; x_wconf 77' lang='lat' dir='ltr'><strong>secutus</strong></span> <span class='ocrx_word' id='word_1_663' title='bbox 897 4640 1008 4694; x_wconf 84' lang='lat' dir='ltr'><strong>est,</strong></span> <span class='ocrx_word' id='word_1_664' title='bbox 1043 4630 1231 4683; x_wconf 82' lang='lat' dir='ltr'><strong>vellem</strong></span> <span class='ocrx_word' id='word_1_665' title='bbox 1256 4633 1491 4683; x_wconf 85' lang='lat' dir='ltr'><strong>vestram</strong></span> <span class='ocrx_word' id='word_1_666' title='bbox 1513 4669 1532 4706; x_wconf 88' lang='lat'><strong>,_</strong></span> <span class='ocrx_word' id='word_1_667' title='bbox 1572 4630 1616 4683; x_wconf 87' lang='lat' dir='ltr'><strong>si</strong></span> <span class='ocrx_word' id='word_1_668' title='bbox 1651 4632 1801 4686; x_wconf 91' lang='lat' dir='ltr'><strong>vobis</strong></span> <span class='ocrx_word' id='word_1_669' title='bbox 1836 4648 1938 4687; x_wconf 92' lang='lat' dir='ltr'><strong>non</strong></span> <span class='ocrx_word' id='word_1_670' title='bbox 1975 4633 2219 4711; x_wconf 72' lang='lat' dir='ltr'><strong>displice-</strong></span> 
     </span>
    </p>
   </div>
   <div class='ocr_carea' id='block_1_96' title="bbox 647 4722 2220 4796">
    <p class='ocr_par' dir='ltr' id='par_1_96' title="bbox 647 4722 2220 4796">
     <span class='ocr_line' id='line_1_96' title="bbox 647 4722 2220 4796; baseline 0.003 -21"><span class='ocrx_word' id='word_1_671' title='bbox 647 4730 739 4783; x_wconf 77' lang='lat' dir='ltr'><strong>ret,</strong></span> <span class='ocrx_word' id='word_1_672' title='bbox 771 4722 1150 4793; x_wconf 84' lang='lat' dir='ltr'><strong>benignitatem</strong></span> <span class='ocrx_word' id='word_1_673' title='bbox 1194 4737 1413 4796; x_wconf 83' lang='lat' dir='ltr'><strong>rogare,</strong></span> <span class='ocrx_word' id='word_1_674' title='bbox 1457 4722 1709 4791; x_wconf 83' lang='lat' dir='ltr'><strong>quoniam</strong></span> <span class='ocrx_word' id='word_1_675' title='bbox 1755 4738 1913 4793; x_wconf 90' lang='lat' dir='ltr'><strong>quem</strong></span> <span class='ocrx_word' id='word_1_676' title='bbox 1949 4725 2090 4779; x_wconf 89' lang='lat' dir='ltr'><strong>Deus</strong></span> <span class='ocrx_word' id='word_1_677' title='bbox 2119 4741 2220 4780; x_wconf 87' lang='lat' dir='ltr'><strong>suo</strong></span> 
     </span>
    </p>
   </div>
   <div class='ocr_carea' id='block_1_97' title="bbox 630 4808 2220 4887">
    <p class='ocr_par' dir='ltr' id='par_1_97' title="bbox 630 4808 2220 4887">
     <span class='ocr_line' id='line_1_97' title="bbox 630 4808 2220 4887; baseline 0.003 -23"><span class='ocrx_word' id='word_1_678' title='bbox 630 4808 836 4887; x_wconf 77' lang='lat' dir='ltr'><strong>judicio</strong></span> <span class='ocrx_word' id='word_1_679' title='bbox 864 4815 933 4866; x_wconf 88' lang='lat' dir='ltr'><strong>ab</strong></span> <span class='ocrx_word' id='word_1_680' title='bbox 974 4814 1205 4881; x_wconf 85' lang='lat' dir='ltr'><strong>impacto</strong></span> <span class='ocrx_word' id='word_1_681' title='bbox 1227 4813 1453 4868; x_wconf 82' lang='lat' dir='ltr'><strong>crimine</strong></span> <span class='ocrx_word' id='word_1_682' title='bbox 1488 4815 1792 4879; x_wconf 82' lang='lat' dir='ltr'><strong>excusavit,</strong></span> <span class='ocrx_word' id='word_1_683' title='bbox 1824 4816 1870 4874; x_wconf 83' lang='lat' dir='ltr'><strong>si</strong></span> <span class='ocrx_word' id='word_1_684' title='bbox 1904 4816 2017 4884; x_wconf 85' lang='lat' dir='ltr'><strong>ipse</strong></span> <span class='ocrx_word' id='word_1_685' title='bbox 2046 4818 2113 4871; x_wconf 88' lang='lat' dir='ltr'><strong>ab</strong></span> <span class='ocrx_word' id='word_1_686' title='bbox 2138 4817 2220 4871; x_wconf 85' lang='lat' dir='ltr'><strong>iu-</strong></span> 
     </span>
    </p>
   </div>
   <div class='ocr_carea' id='block_1_98' title="bbox 640 4890 2216 4973">
    <p class='ocr_par' dir='ltr' id='par_1_98' title="bbox 640 4890 2216 4973">
     <span class='ocr_line' id='line_1_98' title="bbox 640 4890 2216 4973; baseline 0.002 -17"><span class='ocrx_word' id='word_1_687' title='bbox 640 4912 798 4971; x_wconf 85' lang='lat' dir='ltr'><strong>cepto</strong></span> <span class='ocrx_word' id='word_1_688' title='bbox 827 4903 969 4958; x_wconf 84' lang='lat' dir='ltr'><strong>ﬁdeli</strong></span> <span class='ocrx_word' id='word_1_689' title='bbox 997 4890 1218 4957; x_wconf 82' lang='lat' dir='ltr'><strong>servitio</strong></span> <span class='ocrx_word' id='word_1_690' title='bbox 1249 4919 1351 4957; x_wconf 87' lang='lat' dir='ltr'><strong>non</strong></span> <span class='ocrx_word' id='word_1_691' title='bbox 1400 4904 1583 4960; x_wconf 76' lang='lat' dir='ltr'><strong>deﬁcit</strong></span> <span class='ocrx_word' id='word_1_692' title='bbox 1621 4904 1732 4973; x_wconf 89' lang='lat' dir='ltr'><strong>jam</strong></span> <span class='ocrx_word' id='word_1_693' title='bbox 1779 4906 1908 4959; x_wconf 87' lang='lat' dir='ltr'><strong>niltil</strong></span> <span class='ocrx_word' id='word_1_694' title='bbox 1954 4914 2035 4959; x_wconf 91' lang='lat' dir='ltr'><strong>est</strong></span> <span class='ocrx_word' id='word_1_695' title='bbox 2073 4904 2216 4973; x_wconf 87' lang='lat' dir='ltr'><strong>quod</strong></span> 
     </span>
    </p>
   </div>
   <div class='ocr_carea' id='block_1_99' title="bbox 639 4991 2218 5065">
    <p class='ocr_par' dir='ltr' id='par_1_99' title="bbox 639 4991 2218 5065">
     <span class='ocr_line' id='line_1_99' title="bbox 639 4991 2218 5065; baseline -0.001 -17"><span class='ocrx_word' id='word_1_696' title='bbox 639 4991 796 5048; x_wconf 72' lang='lat' dir='ltr'><strong>bona:</strong></span> <span class='ocrx_word' id='word_1_697' title='bbox 823 5004 1016 5047; x_wconf 69' lang='lat' dir='ltr'><strong>vestrae</strong></span> <span class='ocrx_word' id='word_1_698' title='bbox 1042 4992 1301 5048; x_wconf 89' lang='lat' dir='ltr'><strong>voluntati</strong></span> <span class='ocrx_word' id='word_1_699' title='bbox 1330 5009 1489 5065; x_wconf 90' lang='lat' dir='ltr'><strong>quam</strong></span> <span class='ocrx_word' id='word_1_700' title='bbox 1516 4996 1581 5048; x_wconf 89' lang='lat' dir='ltr'><strong>de</strong></span> <span class='ocrx_word' id='word_1_701' title='bbox 1606 5010 1671 5048; x_wconf 91' lang='lat' dir='ltr'><strong>eo</strong></span> <span class='ocrx_word' id='word_1_702' title='bbox 1695 4994 1991 5064; x_wconf 84' lang='lat' dir='ltr'><strong>incepistis,</strong></span> <span class='ocrx_word' id='word_1_703' title='bbox 2026 4995 2218 5056; x_wconf 82' lang='lat' dir='ltr'><strong>debeat</strong></span> 
     </span>
    </p>
   </div>
   <div class='ocr_carea' id='block_1_100' title="bbox 640 5070 2219 5155">
    <p class='ocr_par' dir='ltr' id='par_1_100' title="bbox 640 5070 2219 5155">
     <span class='ocr_line' id='line_1_100' title="bbox 640 5070 2219 5155; baseline 0.001 -16"><span class='ocrx_word' id='word_1_704' title='bbox 640 5081 888 5139; x_wconf 87' lang='lat' dir='ltr'><strong>obviare.</strong></span> <span class='ocrx_word' id='word_1_705' title='bbox 934 5082 1118 5149; x_wconf 80' lang='lat' dir='ltr'><strong>Justus</strong></span> <span class='ocrx_word' id='word_1_706' title='bbox 1146 5086 1289 5153; x_wconf 80' lang='lat' dir='ltr'><strong>enim</strong></span> <span class='ocrx_word' id='word_1_707' title='bbox 1336 5070 1453 5151; x_wconf 83' lang='lat' dir='ltr'><strong>est,</strong></span> <span class='ocrx_word' id='word_1_708' title='bbox 1499 5095 1557 5141; x_wconf 91' lang='lat' dir='ltr'><strong>et</strong></span> <span class='ocrx_word' id='word_1_709' title='bbox 1595 5086 1713 5155; x_wconf 81' lang='lat' dir='ltr'><strong>plus</strong></span> <span class='ocrx_word' id='word_1_710' title='bbox 1735 5086 1891 5148; x_wconf 84' lang='lat' dir='ltr'><strong>decet</strong></span> <span class='ocrx_word' id='word_1_711' title='bbox 1920 5086 2219 5141; x_wconf 86' lang='lat' dir='ltr'><strong>honestatis</strong></span> 
     </span>
    </p>
   </div>
   <div class='ocr_carea' id='block_1_101' title="bbox 642 5175 2221 5253">
    <p class='ocr_par' dir='ltr' id='par_1_101' title="bbox 642 5175 2221 5253">
     <span class='ocr_line' id='line_1_101' title="bbox 642 5175 2221 5253; baseline 0.003 -26"><span class='ocrx_word' id='word_1_712' title='bbox 642 5186 840 5232; x_wconf 70' lang='lat' dir='ltr'><strong>vestra:</strong></span> <span class='ocrx_word' id='word_1_713' title='bbox 868 5175 1272 5244; x_wconf 83' lang='lat' dir='ltr'><strong>auctoritatem,</strong></span> <span class='ocrx_word' id='word_1_714' title='bbox 1304 5188 1363 5232; x_wconf 92' lang='lat' dir='ltr'><strong>ut</strong></span> <span class='ocrx_word' id='word_1_715' title='bbox 1392 5186 1572 5253; x_wconf 87' lang='lat' dir='ltr'><strong>vestra</strong></span> <span class='ocrx_word' id='word_1_716' title='bbox 1608 5178 1909 5238; x_wconf 80' lang='lat' dir='ltr'><strong>constantia</strong></span> <span class='ocrx_word' id='word_1_717' title='bbox 1933 5176 2221 5245; x_wconf 87' lang='lat' dir='ltr'><strong>cujuslibet</strong></span> 
     </span>
    </p>
   </div>
   <div class='ocr_carea' id='block_1_102' title="bbox 2396 4532 3911 4604">
    <p class='ocr_par' dir='ltr' id='par_1_102' title="bbox 2396 4532 3911 4604">
     <span class='ocr_line' id='line_1_102' title="bbox 2396 4532 3911 4604; baseline -0.007 -10"><span class='ocrx_word' id='word_1_718' title='bbox 2396 4539 2531 4594; x_wconf 84' lang='lat' dir='ltr'><strong>mari</strong></span> <span class='ocrx_word' id='word_1_719' title='bbox 2563 4532 2811 4604; x_wconf 73' lang='lat' dir='ltr'><strong>regimine</strong></span> <span class='ocrx_word' id='word_1_720' title='bbox 2831 4542 3125 4599; x_wconf 71' lang='lat' dir='ltr'><strong>excusetur,</strong></span> <span class='ocrx_word' id='word_1_721' title='bbox 3150 4549 3212 4587; x_wconf 83' lang='lat' dir='ltr'><strong>ue</strong></span> <span class='ocrx_word' id='word_1_722' title='bbox 3234 4532 3344 4602; x_wconf 75' lang='lat' dir='ltr'><strong>lupi</strong></span> <span class='ocrx_word' id='word_1_723' title='bbox 3368 4546 3564 4602; x_wconf 80' lang='lat' dir='ltr'><strong>agnum</strong></span> <span class='ocrx_word' id='word_1_724' title='bbox 3589 4532 3829 4586; x_wconf 78' lang='lat' dir='ltr'><strong>devorent</strong></span> <span class='ocrx_word' id='word_1_725' title='bbox 3856 4542 3911 4586; x_wconf 80' lang='lat' dir='ltr'><strong>et</strong></span> 
     </span>
    </p>
   </div>
   <div class='ocr_carea' id='block_1_103' title="bbox 2376 4596 3989 4661">
    <p class='ocr_par' dir='ltr' id='par_1_103' title="bbox 2376 4596 3989 4661">
     <span class='ocr_line' id='line_1_103' title="bbox 2376 4596 3989 4661; baseline -0.002 0"><span class='ocrx_word' id='word_1_726' title='bbox 2376 4596 2566 4661; x_wconf 71' lang='lat' dir='ltr'><strong>&#39;leorm</strong></span> <span class='ocrx_word' id='word_1_727' title='bbox 2597 4596 2763 4661; x_wconf 37' lang='lat' dir='ltr'><strong>avrem.</strong></span> <span class='ocrx_word' id='word_1_728' title='bbox 3110 4596 3119 4599; x_wconf 46' lang='grc'>⁷</span> <span class='ocrx_word' id='word_1_729' title='bbox 3291 4596 3302 4602; x_wconf 70' lang='grc'><em>’</em></span> <span class='ocrx_word' id='word_1_730' title='bbox 3407 4596 3425 4613; x_wconf 38' lang='lat' dir='ltr'><strong>’v</strong></span> <span class='ocrx_word' id='word_1_731' title='bbox 3984 4614 3989 4619; x_wconf 86' lang='lat'>&#39;</span> 
     </span>
    </p>
   </div>
   <div class='ocr_carea' id='block_1_104' title="bbox 2400 4708 3916 4783">
    <p class='ocr_par' dir='ltr' id='par_1_104' title="bbox 2400 4708 3916 4783">
     <span class='ocr_line' id='line_1_104' title="bbox 2400 4708 3916 4783; baseline -0.005 -11"><span class='ocrx_word' id='word_1_732' title='bbox 2400 4717 2631 4772; x_wconf 88' lang='lat' dir='ltr'><strong>Domino</strong></span> <span class='ocrx_word' id='word_1_733' title='bbox 2677 4725 2734 4771; x_wconf 90' lang='lat' dir='ltr'><strong>et</strong></span> <span class='ocrx_word' id='word_1_734' title='bbox 2765 4714 2915 4770; x_wconf 86' lang='lat' dir='ltr'><strong>Patri</strong></span> <span class='ocrx_word' id='word_1_735' title='bbox 2942 4712 3240 4779; x_wconf 73' lang='lat' dir='ltr'><strong>reverenda</strong></span> <span class='ocrx_word' id='word_1_736' title='bbox 3272 4708 3625 4783; x_wconf 63' lang='lat' dir='ltr'><strong>Morinorum</strong></span> <span class='ocrx_word' id='word_1_737' title='bbox 3655 4710 3916 4781; x_wconf 87' lang='lat' dir='ltr'><strong>episcopo</strong></span> 
     </span>
    </p>
   </div>
   <div class='ocr_carea' id='block_1_105' title="bbox 2328 4801 3914 4873">
    <p class='ocr_par' dir='ltr' id='par_1_105' title="bbox 2328 4801 3914 4873">
     <span class='ocr_line' id='line_1_105' title="bbox 2328 4801 3914 4873; baseline -0.003 -11"><span class='ocrx_word' id='word_1_738' title='bbox 2328 4808 2600 4873; x_wconf 72' lang='lat' dir='ltr'><strong>GlltABDQ,</strong></span> <span class='ocrx_word' id='word_1_739' title='bbox 2640 4806 2811 4862; x_wconf 80' lang='lat' dir='ltr'><strong>frater</strong></span> <span class='ocrx_word' id='word_1_740' title='bbox 2832 4807 3111 4862; x_wconf 74' lang='lat' dir='ltr'><strong>Anssutus</strong></span> <span class='ocrx_word' id='word_1_741' title='bbox 3136 4805 3313 4865; x_wconf 88' lang='lat' dir='ltr'><strong>dictus</strong></span> <span class='ocrx_word' id='word_1_742' title='bbox 3343 4804 3510 4858; x_wconf 86' lang='lat' dir='ltr'><strong>abbas</strong></span> <span class='ocrx_word' id='word_1_743' title='bbox 3531 4802 3684 4857; x_wconf 83' lang='lat' dir='ltr'><strong>Beeci</strong></span> <span class='ocrx_word' id='word_1_744' title='bbox 3704 4840 3722 4869; x_wconf 95' lang='lat'><strong>,</strong></span> <span class='ocrx_word' id='word_1_745' title='bbox 3762 4801 3914 4872; x_wconf 87' lang='lat' dir='ltr'><strong>quod</strong></span> 
     </span>
    </p>
   </div>
   <div class='ocr_carea' id='block_1_106' title="bbox 2323 4914 2473 4962">
    <p class='ocr_par' dir='ltr' id='par_1_106' title="bbox 2323 4914 2473 4962">
     <span class='ocr_line' id='line_1_106' title="bbox 2323 4914 2473 4962; baseline -0.013 -8"><span class='ocrx_word' id='word_1_746' title='bbox 2323 4914 2473 4962; x_wconf 89' lang='lat' dir='ltr'><strong>suus.</strong></span> 
     </span>
    </p>
   </div>
   <div class='ocr_carea' id='block_1_107' title="bbox 2394 4979 3911 5059">
    <p class='ocr_par' dir='ltr' id='par_1_107' title="bbox 2394 4979 3911 5059">
     <span class='ocr_line' id='line_1_107' title="bbox 2394 4979 3911 5059; baseline -0.007 -17"><span class='ocrx_word' id='word_1_747' title='bbox 2394 4988 2559 5053; x_wconf 80' lang='lat' dir='ltr'><strong>Multa</strong></span> <span class='ocrx_word' id='word_1_748' title='bbox 2602 4996 2821 5059; x_wconf 85' lang='lat' dir='ltr'><strong>propter</strong></span> <span class='ocrx_word' id='word_1_749' title='bbox 2858 4987 3234 5047; x_wconf 88' lang='lat' dir='ltr'><strong>necessitatem</strong></span> <span class='ocrx_word' id='word_1_750' title='bbox 3268 4985 3342 5041; x_wconf 89' lang='lat' dir='ltr'><strong>rei</strong></span> <span class='ocrx_word' id='word_1_751' title='bbox 3386 4984 3568 5040; x_wconf 88' lang='lat' dir='ltr'><strong>dicere</strong></span> <span class='ocrx_word' id='word_1_752' title='bbox 3589 4979 3911 5052; x_wconf 81' lang='lat' dir='ltr'><strong>expediret:</strong></span> 
     </span>
    </p>
   </div>
   <div class='ocr_carea' id='block_1_108' title="bbox 2328 5060 3918 5153">
    <p class='ocr_par' dir='ltr' id='par_1_108' title="bbox 2328 5060 3918 5153">
     <span class='ocr_line' id='line_1_108' title="bbox 2328 5060 3918 5153; baseline -0.003 -23"><span class='ocrx_word' id='word_1_753' title='bbox 2328 5087 2384 5153; x_wconf 83' lang='lat' dir='ltr'><strong>at</strong></span> <span class='ocrx_word' id='word_1_754' title='bbox 2425 5088 2642 5149; x_wconf 86' lang='lat' dir='ltr'><strong>propter</strong></span> <span class='ocrx_word' id='word_1_755' title='bbox 2677 5078 2841 5133; x_wconf 87' lang='lat' dir='ltr'><strong>multa</strong></span> <span class='ocrx_word' id='word_1_756' title='bbox 2873 5078 3004 5134; x_wconf 86' lang='lat' dir='ltr'><strong>mibi</strong></span> <span class='ocrx_word' id='word_1_757' title='bbox 3045 5093 3151 5139; x_wconf 89' lang='lat' dir='ltr'><strong>non</strong></span> <span class='ocrx_word' id='word_1_758' title='bbox 3192 5077 3340 5131; x_wconf 90' lang='lat' dir='ltr'><strong>licet.</strong></span> <span class='ocrx_word' id='word_1_759' title='bbox 3374 5060 3532 5129; x_wconf 64' lang='lat' dir='ltr'><strong>ﬁrevi</strong></span> <span class='ocrx_word' id='word_1_760' title='bbox 3576 5073 3744 5143; x_wconf 86' lang='lat' dir='ltr'><strong>igitur</strong></span> <span class='ocrx_word' id='word_1_761' title='bbox 3775 5069 3918 5125; x_wconf 78' lang='lat' dir='ltr'><strong>allo-</strong></span> 
     </span>
    </p>
   </div>
   <div class='ocr_carea' id='block_1_109' title="bbox 2329 5166 3921 5241">
    <p class='ocr_par' dir='ltr' id='par_1_109' title="bbox 2329 5166 3921 5241">
     <span class='ocr_line' id='line_1_109' title="bbox 2329 5166 3921 5241; baseline -0.004 -20"><span class='ocrx_word' id='word_1_762' title='bbox 2329 5170 2456 5239; x_wconf 90' lang='lat' dir='ltr'><strong>quio</strong></span> <span class='ocrx_word' id='word_1_763' title='bbox 2505 5173 2561 5222; x_wconf 85' lang='lat' dir='ltr'><strong>et</strong></span> <span class='ocrx_word' id='word_1_764' title='bbox 2590 5184 2785 5241; x_wconf 84' lang='lat' dir='ltr'><strong>magno</strong></span> <span class='ocrx_word' id='word_1_765' title='bbox 2824 5167 3018 5224; x_wconf 79' lang='lat' dir='ltr'><strong>aﬂ&#39;ectu</strong></span> <span class='ocrx_word' id='word_1_766' title='bbox 3051 5177 3288 5222; x_wconf 83' lang='lat' dir='ltr'><strong>vestram</strong></span> <span class='ocrx_word' id='word_1_767' title='bbox 3331 5166 3589 5235; x_wconf 89' lang='lat' dir='ltr'><strong>deprecor</strong></span> <span class='ocrx_word' id='word_1_768' title='bbox 3628 5168 3921 5239; x_wconf 69' lang='lat' dir='ltr'><strong>paternam</strong></span> 
     </span>
    </p>
   </div>
   <div class='ocr_carea' id='block_1_110' title="bbox 1906 5284 2653 5363">
    <p class='ocr_par' dir='ltr' id='par_1_110' title="bbox 1906 5284 2653 5363">
     <span class='ocr_line' id='line_1_110' title="bbox 1906 5284 2653 5363; baseline -0.011 0"><span class='ocrx_word' id='word_1_769' title='bbox 1906 5307 2139 5363; x_wconf 69' lang='lat' dir='ltr'><strong>VARUS</strong></span> <span class='ocrx_word' id='word_1_770' title='bbox 2183 5300 2585 5363; x_wconf 77' lang='lat' dir='ltr'><strong>LECTIONES.</strong></span> <span class='ocrx_word' id='word_1_771' title='bbox 2636 5284 2653 5305; x_wconf 78' lang='lat'>‘</span> 
     </span>
    </p>
   </div>
   <div class='ocr_carea' id='block_1_111' title="bbox 721 5413 3045 5494">
    <p class='ocr_par' dir='ltr' id='par_1_111' title="bbox 721 5413 3045 5494">
     <span class='ocr_line' id='line_1_111' title="bbox 721 5413 3045 5494; baseline -0.006 -15"><span class='ocrx_word' id='word_1_772' title='bbox 721 5424 788 5455; x_wconf 60' lang='lat'><strong>3“</strong></span> <span class='ocrx_word' id='word_1_773' title='bbox 840 5424 1179 5493; x_wconf 82' lang='lat' dir='ltr'><strong>Excipiatur,</strong></span> <span class='ocrx_word' id='word_1_774' title='bbox 1227 5423 1472 5479; x_wconf 67' lang='lat' dir='ltr'><strong>efﬁciatis</strong></span> <span class='ocrx_word' id='word_1_775' title='bbox 1545 5424 1826 5494; x_wconf 84' lang='lat' dir='ltr'><strong>epistolam</strong></span> <span class='ocrx_word' id='word_1_776' title='bbox 1875 5440 1973 5476; x_wconf 87' lang='lat' dir='ltr'><strong>ms.</strong></span> <span class='ocrx_word' id='word_1_777' title='bbox 2017 5415 2689 5494; x_wconf 7' lang='lat' dir='ltr'><strong>suscipiatur,_geﬂiciatis.</strong></span> <span class='ocrx_word' id='word_1_778' title='bbox 2753 5413 3045 5494; x_wconf 61' lang='lat' dir='ltr'><strong>Epistulam</strong></span> 
     </span>
    </p>
   </div>
   <div class='ocr_carea' id='block_1_112' title="bbox 3180 5372 3971 5483">
    <p class='ocr_par' dir='ltr' id='par_1_112' title="bbox 3180 5372 3971 5483">
     <span class='ocr_line' id='line_1_112' title="bbox 3180 5372 3971 5483; baseline -0.001 -22"><span class='ocrx_word' id='word_1_779' title='bbox 3180 5412 3250 5483; x_wconf 63' lang='lat' dir='ltr'><strong>&quot;f</strong></span> <span class='ocrx_word' id='word_1_780' title='bbox 3262 5482 3267 5483; x_wconf 13' lang='grc' dir='ltr'><em>γ</em></span> <span class='ocrx_word' id='word_1_781' title='bbox 3280 5406 3486 5483; x_wconf 60' lang='lat' dir='ltr'><strong>Cultam</strong></span> <span class='ocrx_word' id='word_1_782' title='bbox 3525 5478 3535 5483; x_wconf 88' lang='lat'><strong><em>_</em></strong></span> <span class='ocrx_word' id='word_1_783' title='bbox 3554 5422 3671 5463; x_wconf 73' lang='lat' dir='ltr'><strong>cum</strong></span> <span class='ocrx_word' id='word_1_784' title='bbox 3725 5380 3971 5483; x_wconf 16' lang='lat' dir='ltr'><strong>eodem.</strong></span> 
     </span>
    </p>
   </div>
   <div class='ocr_carea' id='block_1_113' title="bbox 654 5476 3915 5565">
    <p class='ocr_par' dir='ltr' id='par_1_113' title="bbox 654 5476 3915 5565">
     <span class='ocr_line' id='line_1_113' title="bbox 654 5476 3915 5565; baseline -0.009 -8"><span class='ocrx_word' id='word_1_785' title='bbox 654 5509 752 5565; x_wconf 57' lang='grc' dir='ltr'><strong>Ψ.</strong></span> <span class='ocrx_word' id='word_1_786' title='bbox 828 5476 1508 5565; x_wconf 29' lang='grc' dir='ltr'><strong>ὑίῨῆιιῇἷιιιῖὶιὶνεῖἶιιῖάιιβ</strong></span> <span class='ocrx_word' id='word_1_787' title='bbox 1536 5476 1655 5565; x_wconf 45' lang='grc' dir='ltr'><strong>ᾇιῐελ-</strong></span> <span class='ocrx_word' id='word_1_788' title='bbox 1687 5476 1920 5565; x_wconf 77' lang='lat' dir='ltr'><strong>impendi</strong></span> <span class='ocrx_word' id='word_1_789' title='bbox 1971 5476 2038 5557; x_wconf 78' lang='lat' dir='ltr'><strong>is,</strong></span> <span class='ocrx_word' id='word_1_790' title='bbox 2079 5476 2289 5565; x_wconf 70' lang='lat' dir='ltr'><strong>alienus</strong></span> <span class='ocrx_word' id='word_1_791' title='bbox 2312 5476 2531 5565; x_wconf 29' lang='lat' dir='ltr'><strong>Lalieuis</strong></span> <span class='ocrx_word' id='word_1_792' title='bbox 2566 5476 2921 5557; x_wconf 74' lang='lat' dir='ltr'><strong>impenderet,</strong></span> <span class='ocrx_word' id='word_1_793' title='bbox 2970 5482 3156 5550; x_wconf 85' lang='lat' dir='ltr'><strong>utique</strong></span> <span class='ocrx_word' id='word_1_794' title='bbox 3330 5478 3609 5565; x_wconf 37' lang='lat' dir='ltr'><strong>.lt‘rancia,‘</strong></span> <span class='ocrx_word' id='word_1_795' title='bbox 3809 5492 3915 5565; x_wconf 56' lang='lat' dir='ltr'><strong>rus.</strong></span> 
     </span>
    </p>
   </div>
   <div class='ocr_carea' id='block_1_114' title="bbox 657 5561 3156 5630">
    <p class='ocr_par' dir='ltr' id='par_1_114' title="bbox 657 5561 3156 5630">
     <span class='ocr_line' id='line_1_114' title="bbox 657 5561 3156 5630; baseline -0.004 -15"><span class='ocrx_word' id='word_1_796' title='bbox 657 5561 882 5627; x_wconf 73' lang='lat' dir='ltr'><strong>Francia</strong></span> <span class='ocrx_word' id='word_1_797' title='bbox 912 5561 1118 5629; x_wconf 83' lang='lat' dir='ltr'><strong>essein;</strong></span> <span class='ocrx_word' id='word_1_798' title='bbox 1150 5566 1270 5618; x_wconf 88' lang='lat' dir='ltr'><strong>aliis</strong></span> <span class='ocrx_word' id='word_1_799' title='bbox 1347 5561 1653 5621; x_wconf 52' lang='lat' dir='ltr'><strong>&quot;&quot;Collata</strong></span> <span class='ocrx_word' id='word_1_800' title='bbox 1679 5561 1796 5617; x_wconf 68' lang='lat' dir='ltr'><strong>cum</strong></span> <span class='ocrx_word' id='word_1_801' title='bbox 1826 5564 2002 5618; x_wconf 77' lang='lat' dir='ltr'><strong>eodem</strong></span> <span class='ocrx_word' id='word_1_802' title='bbox 2031 5580 2125 5619; x_wconf 79' lang='lat' dir='ltr'><strong>ms.</strong></span> <span class='ocrx_word' id='word_1_803' title='bbox 2204 5564 2273 5593; x_wconf 78' lang='grc'><strong>⁸³⁸</strong></span> <span class='ocrx_word' id='word_1_804' title='bbox 2307 5561 2478 5630; x_wconf 84' lang='lat' dir='ltr'><strong>Supra</strong></span> <span class='ocrx_word' id='word_1_805' title='bbox 2509 5572 2613 5629; x_wconf 87' lang='lat' dir='ltr'><strong>qua</strong></span> <span class='ocrx_word' id='word_1_806' title='bbox 2661 5572 2757 5611; x_wconf 82' lang='lat' dir='ltr'><strong>ms.</strong></span> <span class='ocrx_word' id='word_1_807' title='bbox 2806 5568 2968 5623; x_wconf 80' lang='lat' dir='ltr'><strong>supra</strong></span> <span class='ocrx_word' id='word_1_808' title='bbox 2996 5566 3156 5622; x_wconf 88' lang='lat' dir='ltr'><strong>quam</strong></span> 
     </span>
    </p>
   </div>
   <div class='ocr_carea' id='block_1_115' title="bbox 630 5634 1930 5701">
    <p class='ocr_par' dir='ltr' id='par_1_115' title="bbox 630 5634 1930 5701">
     <span class='ocr_line' id='line_1_115' title="bbox 630 5634 1930 5701; baseline -0.001 -14"><span class='ocrx_word' id='word_1_809' title='bbox 630 5644 1084 5701; x_wconf 58' lang='lat' dir='ltr'><strong>resurrecturum</strong></span> <span class='ocrx_word' id='word_1_810' title='bbox 1157 5636 1225 5666; x_wconf 73' lang='lat' dir='ltr'><strong><em>m</em></strong></span> <span class='ocrx_word' id='word_1_811' title='bbox 1248 5634 1451 5692; x_wconf 80' lang='lat' dir='ltr'><strong>Collata</strong></span> <span class='ocrx_word' id='word_1_812' title='bbox 1479 5652 1594 5688; x_wconf 82' lang='lat' dir='ltr'><strong>cum</strong></span> <span class='ocrx_word' id='word_1_813' title='bbox 1629 5635 1801 5687; x_wconf 81' lang='lat' dir='ltr'><strong>eodem</strong></span> <span class='ocrx_word' id='word_1_814' title='bbox 1836 5651 1930 5687; x_wconf 82' lang='lat' dir='ltr'><strong>ms.</strong></span> 
     </span>
    </p>
   </div>
   <div class='ocr_carea' id='block_1_116' title="bbox 3232 5548 3913 5607">
    <p class='ocr_par' dir='ltr' id='par_1_116' title="bbox 3232 5548 3913 5607">
     <span class='ocr_line' id='line_1_116' title="bbox 3232 5548 3913 5607; baseline -0.003 -4"><span class='ocrx_word' id='word_1_815' title='bbox 3232 5550 3301 5581; x_wconf 83' lang='grc'><strong>⁸³⁷</strong></span> <span class='ocrx_word' id='word_1_816' title='bbox 3326 5548 3781 5605; x_wconf 77' lang='lat' dir='ltr'><strong>Resurrccturutu</strong></span> <span class='ocrx_word' id='word_1_817' title='bbox 3807 5560 3913 5607; x_wconf 63' lang='grc' dir='ltr'><strong>ηιξ.</strong></span> 
     </span>
    </p>
   </div>
  </div>
