4214 6192
412 331 432 389 l
443 330 548 388 205

1747 279 1888 378 Lm.
1915 326 1982 391 ιι,
2022 322 2238 379 EPlST.
2262 322 2371 379 ιιι.

3535 324 3676 381 ΐεῦϐ

408 444 657 514 pietatem
679 479 692 506 ,
723 446 781 493 ut
815 444 871 493 et
896 448 992 491 vos
1018 432 1262 500 faciatis‘,
1305 441 1362 489 et
1389 431 1609 490 domino
1630 429 1837 488 'nostro
1863 433 1976 488 Re-
2007 440 2055 501 Α
2087 432 2166 487 ris
2189 430 2447 503 cognovi,
2478 412 2799 502 tantumque
2825 431 3105 498 doluistis,
3122 404 3359 489 .recteet
3384 445 3484 504 ego
3506 434 3675 491 dolui.

406 531 577 587 mensi
606 526 1010 597 archiepiscOpo
1034 540 1103 581 ex
1130 532 1310 580 vestra
1350 531 1407 579 et
1446 531 1633 580 nostra
1666 530 1822 592 parte
1862 537 1985 592 per-

404 620 701 684 suadentis,
731 617 873 687 quod
901 618 967 671 ad
991 615 1289 687 prudentiae
1312 622 1501 671 vestrm
1525 614 1760 685 pertinet
1781 614 1985 671 disere-

408 711 644 773 Lionem;
682 715 952 776 quatenus
984 706 1072 760 hic
1101 703 1273 759 frater
1313 712 1500 759 noster
1545 702 1748 758 diutius
1781 703 1984 758 frustra

407 814 514 853 non
540 805 788 863 vexetur,
816 810 915 850 nec
944 794 1014 847 ad
1041 794 1323 848 ecclesiam
1356 793 1415 848 S.
1449 792 1718 858 Vulmari,
1745 793 1862 863 ejus
1889 794 1987 846 oe.

402 887 655 954 easione,
685 881 1023 940 consentienti
1051 882 1280 939 consilio
1322 892 1376 937 et
1409 882 1749 938 ordinatione
1791 883 1978 951 prive-

408 989 516 1033 tur.
557 974 933 1046 lmpossibilile
966 975 1109 1033 enim
1154 985 1237 1030 est
1280 990 1401 1030 eum
1434 975 1662 1046 amplius
1708 977 1762 1030 in
1792 977 1979 1032 eadem

406 1069 631 1123 ecclesia
659 1068 727 1122 ob
755 1058 943 1133 multa,
974 1082 1091 1136 qua:
1122 1065 1337 1136 longum
1368 1076 1451 1121 est
1482 1080 1721 1134 narrare,
1766 1067 1819 1120 in
1847 1083 1980 1135 pace

404 1162 734 1224 consistere;
766 1166 861 1213 aut
885 1158 952 1212 ad
982 1156 1214 1227 aliquam
1238 1157 1307 1188 "’
1333 1156 1616 1211 utilitatem
1646 1155 1731 1210 vel
1754 1170 1875 1211 cum
1900 1156 1981 1211 ni-

403 1250 514 1303 mio
544 1239 730 1304 labore
757 1247 1040 1319 prolicere.
1080 1245 1419 1316 Quapropter
1443 1246 1639 1301 iterum
1678 1245 1979 1323 iterumque

400 1355 596 1410 precor
626 1354 692 1394 ne
736 1347 940 1391 tantum
981 1337 1318 1391 auctoritatis
1355 1345 1547 1392 vestrm
1577 1350 1860 1391 censuram
1899 1345 1979 1391 at-

404 1429 658 1493 tendatis,
699 1436 756 1481 ut
779 1428 1015 1481 animam
1040 1427 1269 1496 proximi
1300 1426 1671 1483 insanabiliter
1693 1435 1872 1482 vestro
1905 1426 1977 1481 ri-

403 1535 531 1591 gore
584 1518 783 1574 frustra
832 1516 1113 1587 frangatis.
1166 1514 1373 1582 Nolite,
1438 1516 1694 1580 obsecro,
1746 1517 1977 1585 amplius

402 1625 597 1679 agnttm
637 1607 1023 1679 fugientemad
1068 1606 1218 1675 lupos
1246 1606 1542 1670 reducere;
1577 1605 1743 1661 nolite
1777 1607 1865 1660 ovi
1889 1621 1977 1661 ca-

404 1699 553 1758 talos
570 1698 781 1753 leonum
804 1696 1101 1752 domandos
1129 1695 1495 1758 committere;
1528 1684 1974 1750 noliteinnocen-

2090 523 2293 577 Sanate
2322 538 2452 594 ergo
2481 522 2678 578 vulnus
2706 530 2943 578 vestrum
2977 540 3045 579 nc
3074 524 3285 590 doleat;
3330 525 3474 581 sicut
3514 528 3689 583 vultis
3717 538 3729 550 °

2104 627 2299 667 sanare
2324 628 2526 680 meum,
2559 628 2627 668 ne
2647 612 2950 669 eondoleat.
2980 613 3201 669 Salvum
3232 617 3376 669 enim
3403 625 3509 680 est,
3534 618 3679 685 quint

2087 702 2361 772 perditum
2391 718 2510 758 esse
2538 702 2825 770 timuistis,
2873 712 2930 758 et
2958 704 3248 769 habemus,
3278 705 3421 773 quod
3463 706 3516 759 in
3553 716 3667 761 tuto

2101 792 2419 861 reliquistis.
2471 792 2717 847 Salutate
2760 793 3114 855 reverendam
3166 803 3223 848 et
3257 794 3692 865 dilectissimum.

2085 885 2245 937 nobis
2275 885 2532 939 domuum
2567 886 2817 941 abbatem
2861 884 3191 950 Rodullum,
3226 893 3281 939 et
3306 885 3531 942 dilectos
3567 885 3677 940 fras

2085 985 2194 1029 tres
2221 976 2436 1030 noStros
2468 975 2571 1030 sibi
2603 977 2947 1032 commissos.
2980 976 3266 1044 Musieam,
3298 992 3460 1047 quam
3491 976 3684 1046 petitis

2082 1079 2112 1117 a
2136 1064 2457 1119 Cadomensi
2500 1066 2701 1135 priore,
2752 1065 2838 1120 cui.
2868 1080 2987 1119 eam
3018 1066 3375 1135 prmstitimu’s
3400 1106 3413 1129 ,
3458 1075 3671 1136 repete-

2080 1170 2230 1220 mus,
2265 1164 2321 1210 et
2349 1170 2491 1224 eam,
2524 1172 2685 1228 quam
2717 1157 2880 1213 citius
2906 1156 2978 1190 ⁸³⁸
3002 1156 3323 1228 poterimus,
3358 1157 3511 1211 vobis
3548 1157 3677 1211 mit~

2081 1253 2284 1301 tomus.

2605 1315 2940 1374 EPISTOLA
2980 1316 3041 1371 ιι
3066 1318 3138 1350 ⁸³³

2344 1442 2411 1481 ΑΒ
2449 1442 2754 1484 ῐιλιυῐιιοωι
2799 1444 2871 1483 ET
2910 1443 3063 1485 ALIOS
3104 1444 3399 1485 NONACHOS.

2043 1508 2153 1589 ὀε
2174 1534 2500 1607 diuturniore
2519 1537 2601 1590 sui
2632 1554 2777 1590 mora
2796 1539 2863 1605 in
2888 1537 3100 1607 Anglia.
3139 1538 3216 1592 De
3245 1555 3342 1592 sua
3366 1541 3433 1591 ad
3467 1537 3529 1593 S.
3567 1538 3672 1592 Ni-

2143 1605 2352 1723 colaum
2378 1608 2613 1660 oratione
2628 1645 2655 1671 ,ν
2677 1615 2725 1660 et
2758 1604 2822 1659 de
2857 1622 2955 1659 sua
2974 1604 3201 1676 epistola
3235 1618 3420 1663 contra
3469 1607 3672 1662 Rcsce-

2171 1689 2341 1723 mum.
2374 1706 2383 1723 ι
2734 1716 2755 1723 -

2171 1689 2341 1739 mum.
2374 1706 2383 1725 ε
2732 1716 2755 1753 ρ

403 1800 509 1845 mm
551 1799 604 1845 ει
651 1787 1034 1847 reclamamem
1070 1787 1122 1840 in
1173 1785 1448 1841 fornacem
1487 1784 1860 1840 Chaldmnm.
1902 1786 1969 1840 ad
2006 1798 2047 1856 Β
2085 1854 2105 1856 _
2146 1765 2481 1819 Desideratis
2528 1766 2990 1823 desideratoribus
3046 1769 3191 1830 suis,
3260 1770 3455 1824 domno
3482 1771 3671 1838 'priori

400 1879 599 1935 nullius
621 1876 1019 1933 bonieﬂ'ectum
1044 1870 1337 1947 impellere.
1360 1875 1662 1932 Permittite
1686 1885 1742 1930 ut
1764 1876 1902 1933 alius
1920 1879 1970 1930 in

400 1971 519 2023 loco
552 1966 668 2036 ejus
715 1967 1097 2031 constituatur,
1134 1965 1289 2037 cujus
1319 1971 1479 2022 mens‘
1506 1966 1749 2036 paratior
1785 1965 1858 2022 sit
1891 1967 1974 2021 in-

399 2057 599 2120 teriora
626 2064 681 2112 et
708 2054 980 2111 exteriora
1011 2055 1151 2113 bella
1195 2057 1349 2113 circa
1382 2068 1581 2127 pravos
1620 2070 1800 2112 mores
1832 2056 1973 2112 tole-

399 2161 524 2201 rare
549 2164 564 2200 :
594 2156 651 2201 et
675 2145 765 2216 qui
794 2152 985 2211 tentet,
1015 2146 1157 2215 quod
1180 2147 1292 2218 ipse
1320 2160 1441 2203 sese
1460 2161 1565 2201 non
1590 2160 1750 2216 posse
1770 2146 1965 2216 proba-

395 2239 494 2304 vit,
523 2237 567 2293 si
588 2254 696 2309 quo
714 2240 900 2315 modo,
922 2239 1031 2293 Deo
1052 2236 1367 2305 auxiliante,
1396 2238 1568 2309 possit
1589 2237 1795 2317 utiliter
1809 2238 1974 2295 coha-

396 2327 693 2384 bitantibns
715 2330 1067 2383 concordare.
1087 2327 1242 2396 Quod
1278 2329 1324 2384 si
1360 2337 1537 2391 vestra
1564 2330 1835 2385 sententia
1867 2328 1970 2385 ali-

393 2416 522 2486 quid
572 2417 974 2472 immutabiliter
1020 2419 1285 2485 senserit,
1333 2421 1476 2491 quod
1526 2433 1633 2474 non
1683 2424 1969 2499 optamus,

394 2506 546 2580 prius
572 2508 625 2562 in
652 2506 908 2577 praedicta
936 2507 1166 2563 ecclesia
1190 2523 1383 2578 pacem
1406 2516 1462 2563 et
1489 2508 1687 2564 bonam
1714 2510 1969 2566 volunta-

394 2609 502 2657 tem
531 2599 826 2665 aediﬁcare,
862 2609 917 2655 et
942 2601 1022 2654 sic
1056 2600 1306 2671 pacatum
1335 2594 1391 2656 et
1431 2602 1750 2667 benevolum
1788 2603 1844 2661 in
1864 2606 1962 2661 do-
2020 2640 2023 2645 -

393 2680 540 2747 mum
564 2679 713 2761 pacis
741 2690 883 2747 inter
914 2690 1206 2745 benevolos
1230 2706 1508 2747 revocare.
1544 2691 1747 2748 Valete.

916 2801 1243 2859 EPISTOLA
1283 2803 1326 2859 L
1356 2804 1446 2861 ⁸⁸⁸.

816 2907 881 2946 AD
912 2909 1146 2948 JOANNEI
1180 2910 1249 2949 ET
1277 2908 1535 2950 BOSONEI’.

388 2977 468 3034 De
490 2982 927 3052 quatcmionibns
938 2984 1047 3036 suis
1085 2983 1149 3036 ab
1171 3000 1229 3037 eo
1257 2968 1538 3052 deperdiiis
1563 2984 1817 3040 dolentem
1841 3003 1960 3041 eum

438 3050 759 3113 consolatur.
786 3052 854 3108 Et
874 3052 923 3105 ei
948 3068 1003 3104 se
1032 3053 1285 3105 musicam
1310 3050 1589 3106 missurum
1616 3055 1909 3118 pollicetur.

2076 1854 2350 1909 BALDRICO
2381 1862 2434 1910 et
2458 1856 2605 1923 aliis,
2639 1857 2732 1928 qui
2765 1872 2887 1911 eum
2917 1871 2982 1912 eo
3002 1869 3151 1922 sunt,
3183 1858 3442 1912 fratribus
3474 1858 3671 1913 fratres

2074 1942 2386 2011 Anssusus,
2417 1960 2549 2000 suus
2579 1944 2795 2001 illorum
2830 1964 2844 2001 :
2878 1961 3096 2017 semper
3133 1947 3269 2002 bene
3297 1962 3415 2002 esse
3450 1947 3594 2003 intus
3618 1957 3674 2003 et

2078 2043 2261 2090 extra.

2146 2125 2394 2181 Nondum
2441 2126 2593 2183 vobis
2638 2143 2857 2198 possum
2888 2127 3089 2199 aliquid
3122 2130 3381 2185 mandare
3412 2131 3479 2186 de
3514 2130 3666 2191 utili-

2076 2224 2186 2273 tate
2210 2219 2379 2271 nostri
2408 2218 2618 2274 itineris
2649 2219 2702 2273 in
2731 2220 3007 2290 Angliam,
3031 2230 3293 2291 quantum
3322 2222 3559 2289 pertinet
3593 2222 3664 2276 ad

2071 2314 2313 2368 nostram
2340 2306 2658 2361 Ecclesiam.
2690 2305 2878 2361 Dili'ert
2906 2308 3052 2361 enim
3084 2309 3262 2363 adhuc
3290 2323 3384 2364 rex
3432 2316 3661 2379 respon-

2038 2452 2041 2457 _
2072 2396 2201 2451 dere
2226 2385 2428 2451 nostra:
2453 2396 2729 2466 petitioni;
2761 2398 3011 2467 quamvis
3043 2399 3155 2468 ipse
3180 2406 3238 2453 et
3268 2399 3360 2453 alii
3388 2399 3664 2470 principes

2070 2484 2279 2555 Anglia:
2312 2484 2444 2540 mihi
2474 2485 2635 2541 nimis
2658 2486 2806 2560 “ultra
2843 2501 3160 2553 mensuram
3195 2503 3389 2554 meam,
3418 2503 3661 2545 amorem

2070 2585 2128 2631 et
2166 2577 2430 2631 honorem
2475 2577 2793 2633 exhibeant.
2836 2576 2912 2635 De
2946 2579 3316 2635 incolumitate
3354 2596 3472 2635 mea
3522 2580 3664 2637 lator

2068 2666 2420 2738 praesentium
2466 2668 2775 2724 mona'chus
2820 2668 3025 2725 domini
3074 2670 3288 2726 abbatis
3341 2671 3660 2739 Gisleberti,

2068 2754 2263 2811 melius
2312 2770 2473 2827 quam
2515 2755 2744 2826 epistola
2795 2766 2982 2814 nostra
3022 2759 3221 2816 docere
3276 2774 3372 2815 vos
3421 2762 3658 2831 poterit,

2068 2852 2228 2917 quem
2261 2846 2383 2902 volo
2414 2856 2473 2901 ut
2512 2847 2668 2904 valde
2695 2850 2930 2921 benigne
2959 2850 3247 2922 excipiatis
3272 2842 3369 2907 “‘.
3402 2852 3661 2909 Reditunt

2068 2939 2315 2992 nostrum
2348 2944 2474 2991 ante
2511 2935 2996 3009 Quadragesimam
3026 2954 3133 2995 non
3180 2955 3342 3010 spero
3390 2940 3659 2999 futurum.

2066 3026 2317 3082 Mandate
2345 3026 2476 3082 mihi
2507 3027 2806 3083 litterisde
2834 3029 2920 3085 his
2946 3045 3068 3101 quae
3094 3030 3238 3086 circa
3272 3046 3366 3087 vos
3401 3042 3560 3100 sunt,
3591 3047 3655 3087 ea

458 3141 661 3199 Amicis
685 3141 921 3207 amicus,
943 3141 1157 3205 dilectis
1172 3143 1418 3209 dilectus,
1452 3116 1649 3199 domno
1673 3144 1859 3201 10mm
1882 3156 1964 3203 et-
1986 3144 2034 3208 C
2065 3131 2193 3209 (³³Ψῖ
2223 3116 2480 3209 59”-“
2506 3117 2703 3173 debere
2732 3118 2904 3209 εείείε·
2939 3118 3138 3209 mm.“
3178 3121 3314 3177 mihi
3348 3125 3540 3177 "alia
3565 3137 3654 3176 ⁸³³⁸

386 3229 586 3284 domno
614 3228 804 3285 Bosotvt
825 3229 993 3287 frater
1018 3232 1297 3296 Ακεειιυε
1312 3272 1329 3301 ,
1353 3233 1510 3305 hujus
1534 3235 1656 3291 vitae
1684 3230 1755 3292 et”
1768 3235 1961 3293 futura:

387 3316 760 3383 inviolabilem.
784 3320 1047 3376 laetitiam.
1648 3325 1658 3337 '

458 3404 716 3473 Quamvis
757 3408 1104 3491 delectabiles
1128 3419 1186 3468 et
1202 3403 1396 3468 dulces
1437 3411 1546 3468 sint
1584 3414 1852 3485 sapientia
1901 3425 1958 3472 et

382 3496 635 3563 dilectio,
666 3506 846 3553 tamen
878 3498 932 3555 in
963 3495 1121 3568 hujus
1146 3502 1270 3557 vitae
1297 3502 1506 3560 lubrico
1526 3514 1787 3574 generant
1812 3506 1958 3563 dolo-

389 3600 503 3639 rem
531 3594 585 3639 et
608 3587 1018 3643 amaritudinem
1045 3589 1373 3659 aliquando:
1406 3608 1528 3662 quae
1555 3602 1758 3666 quanto
1784 3598 1960 3654 verioo

389 3694 475 3734 res
496 3687 551 3734 et
576 3680 807 3754 majores
829 3689 979 3747 sunt,
1006 3690 1156 3740 tanto
1184 3683 1294 3739 hoc
1312 3684 1515 3739 faciunt
1539 3668 1715 3741 rarius
1734 3697 1789 3742 et
1811 3698 1957 3745 tanto

385 3770 629 3839 gravids.
684 3770 887 3835 Rarius
922 3772 1065 3826 enim
1120 3772 1476 3842 sapientiores
1525 3775 1811 3843 falluntur;
1860 3780 1955 3833 sed

386 3874 511 3915 cum
547 3859 652 3917 hoc
682 3859 967 3939 contingit,
1003 3859 1175 3928 magis
1218 3860 1504 3917 laeduntur.
1547 3862 1614 3918 Et
1646 3863 1736 3933 qui
1777 3866 1956 3921 verius

382 3949 654 4019 diligunt,
699 3950 876 4005 rarius
917 3964 1053 4019 quos
1100 3950 1359 4021 diligunt,
1401 3953 1697 4017 offendunt.
1758 3953 1951 4011 Verum

383 4041 601 4107 quando
628 4041 729 4095 hoc
758 4040 974 4105 accidit,
1009 4041 1225 4111 gravius
1249 4056 1307 4096 se
1331 4042 1589 4112 alliignnt.
1616 4043 1956 4117 Quapropter

382 4147 510 4187 cum
554 4134 962 4191 vos.modicum
998 4134 1132 4203 quid
1167 4134 1380 4190 incaute
1426 4136 1617 4193 fecisse
1659 4140 1728 4208 (si
1773 4150 1949 4201 tamen

386 4225 661 4277 incautum
702 4223 1046 4293 iudicandum
1068 4234 1183 4291 est,
1212 4229 1355 4295 quod
1386 4226 1452 4281 de
1472 4226 1541 4258 ⁸³⁸
1580 4231 1951 4299 quaternioui-

381 4314 483 4367 bus
512 4313 713 4367 nostris
756 4313 979 4386 fecistis)
1012 4329 1107 4369 vos
1153 4322 1261 4369 tam
1292 4316 1530 4385 graviter
1554 4316 1696 4374 ferre
1724 4320 1947 4375 manda-
1972 4330 1975 4331 '
2004 4366 2005 4369 η

381 4405 511 4469 stis;
542 4406 731 4472 utique
747 4419 850 4459 non
876 4407 976 4460 hoc
1005 4420 1069 4460 ex
1098 4406 1515 4473 consuetudine,
1548 4422 1647 4463 nec
1671 4422 1739 4462 ex
1771 4408 1948 4480 negli-

2014 3203 2033 3225 "
2064 3205 2132 3259 ad
2158 3204 2218 3259 S.
2241 3203 2517 3260 Nicolaum
2540 3220 2702 3277 quam
2732 3206 2858 3273 feci,
2886 3216 2942 3263 et
2961 3206 3250 3279 epistolam
3275 3226 3438 3281 quam
3461 3220 3651 3268 contra

2062 3294 2205 3349 dicta
2234 3294 2509 3351 Roseelini
2554 3295 2737 3353 facere
2784 3297 3035 3355 inchoavi
3062 3316 3078 3354 :
3110 3308 3168 3355 et
3198 3300 3245 3355 si
3272 3315 3407 3367 quas
3433 3301 3500 3355 de
3528 3301 3652 3357 aliis

2060 3383 2264 3439 nostris
2294 3384 2363 3467 Ψ
2400 3385 2645 3454 epistolis
2672 3386 2829 3457 361
2868 3376 3285 3445 babet'domnus
3314 3390 3599 3447 Mauritius
3622 3433 3639 3457 ,
3682 3450 3689 3467 τ

2058 3486 2192 3540 quas
2230 3466 2532 3529 nonmisit.
2572 3475 2818 3531 Salutate
2852 3486 3057 3536 matres
3084 3487 3331 3545 nostras,
3365 3480 3641 3543 dominam
3680 3474 3681 3479 “

2058 3561 2224 3619 Evam
2251 3570 2307 3616 et
2332 3562 2606 3618 dominam
2636 3564 2913 3621 Basiliam.
2944 3567 3149 3625 Valete.

2558 3676 2890 3735 EPiSTOLA
2930 3670 3018 3735 LII
3036 3679 3127 3735 ⁸³⁸.

2646 3805 2712 3845 λυ
2747 3806 3047 3849 ειηυιῐινυυ.

2056 3876 2440 3950 Professionem
2462 3894 2493 3931 a
2517 3880 2774 3950 monacho
2798 3881 2995 3949 [actam
3018 3890 3067 3939 st
3086 3890 3372 3950 servatam,
3400 3900 3504 3940 non
3529 3903 3643 3943 esss

2136 3947 2323 3999 iterum
2353 3946 2418 3999 ab
2446 3962 2505 4000 eo
2530 3946 2861 4018 exigendam,
2884 3966 3003 4004 cum
3031 3950 3192 4007 abbas
3217 3946 3557 4025 benedicitur,

2126 4037 2350 4093 Domino
2376 4047 2431 4093 et
2453 4038 2662 4107 amico,
2687 4040 2972 4108 abbati!"
2998 4041 3287 4113 Eunomo,
3331 4045 3504 4102 frater
3531 4048 3641 4102 As-

2054 4143 2285 4196 sseuus,
2315 4127 2542 4186 salutem
2568 4133 2855 4201 praesentis
2875 4133 3000 4192 vitm
3023 4144 3082 4193 et
3107 4134 3324 4194 futurae.

2124 4218 2366 4275 Domnus
2409 4218 2666 4279 Nicolaus
2696 4222 2867 4278 frater
2890 4230 3075 4280 vester
3110 4224 3245 4283 dixit
3281 4227 3409 4282 mihi
3438 4243 3504 4283 ex
3539 4244 3635 4285 ve-

2054 4317 2167 4362 stra
2194 4319 2348 4379 parte
2369 4350 2384 4375 ,
2419 4319 2478 4365 ut
2511 4311 2663 4391 vobis
2692 4310 2977 4370 consilium
3022 4324 3270 4371 nostrum
3318 4317 3645 4391 mandarem

2052 4396 2118 4454 de
2146 4390 2252 4467 eo;
2274 4402 2396 4470 quia
2424 4383 2708 4474 episcopus
2738 4403 3050 4473 Bajocensis
3082 4406 3278 4462 invitat
3306 4421 3403 4463 vos
3432 4410 3497 4462 ad
3539 4410 3633 4465 be-

379 4491 559 4568 gentia
589 4493 948 4558 descendisse,
980 4494 1072 4550 sed
1098 4508 1163 4549 ex
1186 4509 1248 4549 ea
1280 4492 1605 4550 necessitate
1623 4534 1638 4561 ,
1682 4498 1808 4565 quia
1828 4476 1946 4555 non
1978 4476 2023 4531 Ῑ)
2051 4490 2435 4558 ηθάῑοιίοηειη.
2461 4509 2581 4563 quae
2606 4502 2803 4551 vestra
2825 4496 3055 4552 debetur
3073 4495 3347 4553 electioui.
3380 4498 3487 4554 Sed
3507 4516 3653 4571 ego-

379 4590 463 4636 est
485 4581 642 4637 homo
669 4583 757 4651 qui
785 4598 886 4637 non
910 4595 1114 4653 peccet,
1140 4588 1501 4641 monstrastis.
1533 4586 1684 4642 Unde
1708 4604 1802 4643 vos
1822 4604 1953 4658 pro.

377 4670 521 4725 batis
565 4684 661 4739 pro
699 4680 847 4724 certo
877 4669 928 4723 in
956 4672 1164 4726 cautela
1193 4673 1598 4742 prudentiores,
1640 4676 1788 4730 et'in
1820 4677 1946 4731 dile-

378 4759 557 4813 ctione
569 4758 938 4815 ferventiores.
954 4758 1102 4824 Quod
1120 4772 1319 4830 quanto
1341 4764 1517 4819 verius
1537 4764 1769 4830 intueor,
1794 4774 1943 4822 tanto

378 4849 579 4905 rectius
604 4848 871 4902 laesionem
906 4848 1081 4902 cordis
1107 4852 1267 4905 vestri
1299 4866 1393 4907 eor
1420 4869 1599 4909 meum
1631 4855 1821 4910 laedere
1845 4857 1939 4912 de-

377 4939 505 5001 bere
536 4940 810 4992 eonllteor.
856 4936 985 4993 Cum
1016 4954 1141 5009 ergo
1173 4942 1301 4996 mihi
1340 4944 1535 5000 vulnus
1576 4947 1724 5001 cordi
1763 4957 1941 5003 vestro

380 5028 601 5085 inlixnm
645 5029 712 5081 ob
738 5028 1077 5082 dilectionem
1107 5031 1231 5096 mei,
1262 5047 1421 5101 quem
1455 5036 1706 5093 timuistis
1742 5053 1836 5092 vos
1862 5038 1942 5094 of-

378 5120 640 5184 fendisse,
669 5116 989 5187 scripsistis;
1014 5135 1118 5173 non
1149 5122 1407 5179 dissimile
1435 5126 1627 5182 vulnus
1648 5126 1797 5183 cordi
1821 5144 1940 5186 meo

378 5207 668 5265 indixistis.
692 5207 961 5273 Quantum
988 5210 1128 5262 enim
1156 5224 1247 5265 vos
1270 5211 1453 5269 dolore
1474 5217 1650 5271 studio
1676 5217 1782 5271 mei
1811 5233 1933 5271 amo

2052 4581 2310 4652 quidquid
2338 4583 2461 4639 inde
2487 4585 2683 4649 sentio,
2712 4584 2827 4655 jam
2857 4592 3055 4644 vestrae,
3079 4587 3189 4641 dixi
3222 4602 3461 4657 praesens
3490 4588 3628 4644 dile-

2051 4674 2241 4730 ctionl‘.
2287 4674 2503 4731 Scimus
2539 4676 2684 4731 enim
2730 4677 2854 4747 quia
2904 4689 3118 4749 semper
3148 4678 3386 4746 protiteri
3429 4694 3523 4732 ore
3573 4691 3628 4733 et

2048 4778 2211 4834 opere
2234 4765 2493 4820 exhibere
2527 4767 2785 4822 debemus
2832 4768 3126 4837 majoribus
3150 4768 3371 4843 \nostris
3414 4770 3625 4838 regula-

2049 4866 2162 4907 rem
2192 4853 2576 4912 obedientiam.
2620 4855 2790 4921 Quam
2830 4858 3031 4926 scripto
3069 4870 3340 4927 repetem,
3386 4862 3629 4927 quandin

2048 4956 2165 4995 eam
2213 4957 2318 4995 non
2362 4942 2655 5013 abnegasse
2683 4946 3082 5014 cognoscimur,
3122 4945 3448 5016 superﬂuum
3477 4957 3625 5004 certe

2045 5042 2159 5098 est;
2194 5034 2260 5087 ad
2289 5034 2431 5103 quod
2456 5035 2531 5067 ""
2554 5036 2597 5089 si
2620 5036 2741 5107 quis
2767 5050 2867 5091 nos
2890 5035 3003 5091 vult
3030 5052 3254 5111 cogere,
3283 5052 3416 5093 eum.
3434 5038 3500 5090 ad
3522 5037 3622 5092 ab-

2043 5125 2201 5182 batis:
2237 5127 2606 5197 praelationem
2642 5142 3051 5198 promoventur,
3099 5129 3217 5183 sine
3263 5128 3368 5182 ulla
3412 5129 3621 5183 ratione

2048 5217 2165 5271 ﬁeri
2210 5218 2443 5272 videtur.
2475 5218 2607 5273 Cum
2647 5218 2791 5275 enim
2818 5219 3047 5289 professi
3078 5234 3263 5273 sumus
3305 5210 3617 5273 conversio-

1604 5305 1832 5362 VARUE
1870 5306 2271 5364 LECTIONES.

382 5416 385 5419 -
444 5393 513 5472 ’ξ’
542 5392 643 5445 Aut
669 5388 900 5458 aliquam
936 5406 1053 5472 ms...
1076 5402 1167 5447 aut
1207 5395 1287 5472 ad
1317 5397 1548 5472 aliquam
1624 5399 1691 5432 ⁸³⁰
1738 5399 1945 5472 ϐοιιαια
1997 5417 2113 5454 cum
2140 5402 2457 5472 eodemgms.
2534 5403 2600 5434 ³³¹
2638 5402 2774 5468 Quid
2808 5405 2873 5457 de
2899 5420 2995 5457 ins.
3030 5403 3170 5472 quod
3199 5401 3263 5454 dc
3294 5402 3403 5472 ἦτ’
3436 5400 3620 5465 Quan-

379 5463 567 5532 tociusp
605 5477 702 5514 ms.
754 5474 913 5532 quam
949 5460 1122 5532 citius
1220 5466 1291 5532 'f’
1338 5460 1541 5521 Co'llnta
1600 5485 1716 5522 cum
1764 5471 1940 5523 eodem
1990 5487 2086 5524 ms.

946 5526 1015 5598 ’ν
1066 5526 1271 5588 Collata
1308 5552 1426 5590 cum
1472 5538 1674 5592 duobus
1710 5556 1833 5592 mss.
1892 5537 2174 5596 Victorinis
2247 5540 2315 5574 ⁸³⁷
2344 5526 2666 5598 Dominoet
2696 5526 2851 5598 Patri
2874 5526 3068 5597 abbati
3112 5557 3214 5595 mss
3280 5538 3505 5595 Domino
3556 5526 3612 5595 et

377 5549 473 5591 ms.
506 5530 620 5583 ailis
643 5529 840 5584 nostris

378 5603 551 5659 amico
588 5599 775 5656 Abbati
880 5597 946 5635 ³³⁸
969 5597 1079 5665 Est,
1140 5605 1277 5674 quod
1336 5623 1456 5662 mss.
1486 5617 1587 5673 est,
1623 5610 1847 5679 adquod

2187 5469 2256 5502 ⁸³⁸
2312 5471 2605 5540 Excipiatis
2640 5490 2737 5525 ms.
2768 5469 3075 5540 suscipiatis
3149 5472 3219 5501 ⁵³⁵
3244 5470 3377 5540 Aliis
3416 5472 3615 5540 vestris
