4214 6442
697 439 772 478 νη
1885 422 1984 502 DE;
2025 421 2074 478 Μ
2092 419 2415 478 ICHAELE
2456 420 2694 479 GLYCA

3834 433 3929 470 \‘lll

699 551 831 604 tarn,
859 540 1057 607 quibus
1085 539 1305 594 Lamius
1336 539 1620 610 subjunxit
1651 538 1862 604 longam
1885 542 1946 590 de
1970 538 2149 589 carnis
2179 548 2266 587 re-
2293 538 2339 593 A
2367 533 2692 588 monachum
2729 533 3022 603 interprete
3077 533 3357 591 Dominico
3410 534 3703 600 Becuccio;
3751 537 3796 600 l,
3830 538 3927 590 dis

695 632 1018 683 surrcctione
1057 630 1516 699 disputationem;
1549 631 1581 683 8
1613 641 1665 683 et
1699 629 1752 694 9,
1782 629 1846 681 ad
1874 629 2070 682 Isaiam
2091 639 2277 678 mona~

693 729 895 784 atrium;
954 721 1044 783 10,
1097 724 1257 791 epist.
1307 739 1370 777 ex
1436 722 1701 791 Gregorio
1754 721 2020 792 Nysseno,
2070 716 2276 787 Cyrillo

694 814 1066 870 Alexandrino
1093 814 1248 869 etJo.
1293 814 1622 868 Darnasceno
1683 814 1941 877 conﬂata,
1976 825 2102 866 eum
2147 825 2273 862 ver-

699 905 856 956 sione
884 903 1018 957 Bon.
1056 903 1322 958 Vulcanii.
1384 905 1491 959 Illis
1540 903 1862 959 Franciseus
1923 899 2158 956 Fontani
2216 899 2272 952 in

695 994 854 1049 Novis
882 995 1205 1048 eruditorum
1237 993 1475 1058 Deliciis,
1515 994 1752 1049 Florent.
1791 994 1946 1058 1785,
1977 994 2032 1058 8,
2065 990 2274 1048 addidit

693 1083 794 1138 Gr.
828 1085 1468 1156 etl.at.quatuorGlyca:
1489 1084 1845 1140 Grammatici
1869 1085 2154 1155 disputatt.
2191 1084 2272 1145 εἰς

692 1178 788 1240 τὰς
811 1177 1041 1246 ἀπορίας
1067 1177 1166 1246 τῆς
1198 1176 1350 1240 θείαις
1372 1177 1612 1248 Γραφῆςο
1640 1179 1696 1231 in
1743 1178 1930 1232 diuina:
1979 1176 2272 1244 Scriptura

692 1267 878 1330 dubia,
912 1282 962 1323 s.
1001 1267 1287 1337 epistolas.
1316 1283 1544 1336 quarum
1583 1277 1760 1322 tamen
1794 1269 1930 1322 duas
1956 1267 2131 1322 lucem
2156 1264 2270 1334 jam

699 1359 926 1420 vidisse,
969 1358 1224 1413 observat
1258 1358 1522 1424 Fontani;
1551 1374 1748 1427 nempe
1779 1359 2006 1413 alteram
2035 1370 2140 1428 ope
2174 1356 2272 1410 La-

693 1449 807 1509 inii,
839 1451 891 1502 in
935 1459 1081 1503 tomo
1118 1449 1230 1504 Vlll
1261 1448 1495 1518 Opernm
1533 1448 1772 1515 Meursii,
1795 1465 1846 1518 p.
1872 1450 1967 1504 261
1995 1468 2010 1516 ;
2041 1449 2268 1502 alteram

693 1555 822 1591 \‘ero
850 1555 1011 1607 opera
1049 1539 1310 1594 Dorninici
1344 1539 1615 1605 Beeuecii,
1651 1541 1742 1608 qui
1777 1557 1894 1593 eam
1929 1556 2052 1594 cum
2084 1541 2266 1593 ortho-

694 1631 842 1682 do.ris
881 1631 1232 1698 dogmatibus,
1268 1648 1384 1699 qua:
1442 1630 1544 1686 SS.
1610 1633 1831 1701 apostoli
1887 1641 2264 1701 exposuerunt,

698 1719 940 1774 Florent.
972 1720 1130 1782 1768,
1164 1721 1427 1790 vulgavit,
1462 1721 1664 1791 quibus
1695 1739 1820 1777 vero
1845 1723 2068 1777 Fontani
2107 1732 2266 1777 notas

694 1809 920 1876 adjecit.
953 1809 1092 1862 Sunt
1121 1826 1289 1864 vero:
1333 1810 1383 1872 1,
1418 1812 1716 1882 disputatio
1749 1812 1888 1876 Xlll,
1942 1814 2008 1867 ad
2056 1813 2262 1884 Grc-go-

693 1901 834 1955 rium
866 1899 1264 1968 Acropolitam,
1309 1917 1431 1956 cum
1485 1903 1734 1958 versione
1793 1904 2000 1968 Lainii;
2030 1905 2086 1968 2,
2147 1905 2258 1958 dis-

691 2000 806 2056 put.
840 1988 980 2056 XIV,
1007 2007 1112 2060 qua
1149 1992 1217 2047 de
1261 2007 1422 2046 causa
1462 1992 1606 2049 Deus
1633 1994 1720 2052 die
1749 2005 1942 2064 quarto
1968 1995 2258 2049 luminaria

691 2083 837 2153 (τοὺς
869 2083 1184 2154 φωστῆρας)
1210 2083 1544 2152 condiderit;
1570 2086 1625 2152 5,
1653 2087 1795 2156 disp.
1815 2086 1930 2154 XV,
1959 2088 2026 2142 ad
2063 2087 2259 2142 Isaiam

2381 634 2497 695 put.
2528 625 2666 691 XVI,
2687 627 2754 680 ad
2786 627 3145 680 eumdem.—
3170 625 3309 681 Add.
3337 627 3538 682 Oudin.
3575 630 3610 681 Ι.
3637 647 3684 681 c.
3714 646 3768 698 p.
3801 614 3929 683 259':

2379 733 2498 787 sqq.
2531 717 2622 771 ubi
2673 718 2726 771 in
2761 734 2878 787 cap.
2911 719 2948 771 2
2986 719 3206 788 co'piose
3248 720 3407 774 aﬂ’ert
3451 731 3614 789 atque
3663 723 3930 780 examinat

2375 810 2508 877 quid
2539 809 2744 862 scribat
2769 809 2894 863 Car.
2925 810 2997 864 du
3032 809 3238 883 Frcsne
3277 811 3333 864 in
3367 809 3525 865 Primi.
3552 811 3618 864 ad
3641 811 3931 865 llistoriam

2374 899 2461 955 Jo.
2498 899 2743 964 Zonam,
2780 899 2953 954 Paris.
2983 899 3138 964 1686,
3171 900 3266 955 l‘ol.
3294 901 3362 956 de
3393 903 3636 971 epistolis
3677 919 3804 957 mss.
3838 921 3930 956 no-

2376 990 2522 1044 mine
2549 988 2636 1044 Jo.
2666 988 2890 1043 Zonaras
2922 1000 2976 1044 et
3004 989 3284 1046 Michaelis
3311 990 3489 1061 Glycze
3521 991 3836 1060 inscriptis;
3879 994 3930 1045 in

2373 1095 2495 1150 cap.
2526 1081 2688 1136 tertio
2712 1081 2780 1136 de
2804 1096 2930 1152 epp.
2974 1081 3138 1137 editis
3163 1090 3220 1137 et
3249 1097 3434 1137 earum
3466 1083 3625 1135 codd.
3654 1083 3743 1134 ubi
3794 1099 3932 1150 pra:-

2373 1171 2534 1242 eipue
2563 1171 2842 1226 Lambeeii
2897 1173 3164 1242 judicium
3213 1171 3440 1242 locaque
3491 1158 3718 1242 repetit;
3769 1185 3824 1227 et
3879 1177 3932 1227 in

2372 1279 2491 1334 cap.
2516 1274 2708 1335 quarto
2738 1264 2807 1319 de
2835 1264 3079 1333 ejusdem
3111 1265 3360 1334 epistolis
3389 1274 3445 1320 et
3474 1264 3652 1337 Glyca:
3672 1281 3800 1318 mss.
3835 1267 3931 1320 lio-

2373 1353 2541 1408 iniliis
2569 1369 2616 1408 s.
2652 1355 3018 1414 sermonibus.
3047 1369 3170 1408 cum
3205 1352 3477 1409 Lambecii
3526 1365 3690 1421 atque
3750 1354 3932 1411 Allntii

2370 1445 2778 1501 narrationibus
2817 1461 2880 1500 ac
2903 1445 3146 1515 jndiciis.
3180 1442 3425 1514 Denique
3445 1445 3549 1499 cel.
3581 1444 3644 1499 (Ξ.
3679 1445 3740 1500 F.
3795 1445 3930 1496 Mut-

2373 1535 2496 1589 thazi
2529 1536 2584 1588 in
2619 1536 2753 1589 edit.
2791 1535 3066 1600 Isocratis,
3099 1536 3360 1591 Demetrii
3384 1536 3590 1606 Cydon.
3624 1547 3680 1590 et
3702 1535 3787 1588 Mi:
3811 1537 3931 1587 inn-l

2369 1625 2544 1695 Glyco:
2601 1625 2806 1693 aliquot
2857 1626 3249 1695 epistularum.
3296 1637 3435 1691 ‘cte.,
3479 1627 3710 1695 lllosquae
3772 1627 3927 1689 1776,

2369 1733 2441 1771 in.
2475 1717 2528 1782 8,
2563 1734 2615 1786 p.
2645 1721 2710 1772 47
2739 1734 2860 1787 sqq.
2899 1735 2963 1774 ex
3012 1719 3133 1773 cod.
3188 1719 3500 1788 Mosquensi
3548 1719 3716 1773 edidit
3745 1718 3929 1775 Cra-ce

2369 1808 2530 1863 Micli.
2590 1809 2936 1865 Grammatici
2997 1811 3174 1880 Glycas
3227 1822 3336 1866 tres
3397 1811 3691 1880 epistolas:
3752 1812 3798 1873 I,
3859 1811 3924 1861 ad

2364 1901 2522 1955 Joan.
2556 1901 2849 1966 Tricliain;
2892 1905 2948 1968 2,
2979 1904 3048 1958 ad
3091 1904 3444 1958 Cbaritoneut
3473 1907 3837 1968 monachum;
3869 1905 3924 1965 εἲ,

2366 1995 2432 2047 ad
2495 1993 2804 2049 Nectarium
2861 1995 3216 2052 monachum.
3267 1995 3408 2054 Add.
3465 2006 3582 2051 not.
3641 2010 3762 2066 pag.
3807 1996 3924 2048 ius.

2369 2085 2584 2156 ("aut")

1601 2489 2400 2608 J'OANNIS
2473 2492 3015 2606 ῙιΔΜῙῙ

1492 2750 1676 2868 DE
1790 2749 2515 2867 MICHAELE
2618 2748 3093 2866 GLYCA

1939 2968 2291 3044 EJUSQUE
2338 2969 2689 3033 SCRIPTIS

1901 3146 2737 3242 DISSERTATIO.

1659 3340 1886 3408 (Deliciae
1914 3339 2252 3401 Eruditorum,
2278 3345 2399 3391 tom.
2426 3339 2464 3400 l,
2490 3340 2760 3392 Florentiae
2787 3341 2950 3406 1736.)

753 3667 978 3725 Michael
1033 3666 1448 3737 cognominatus
1512 3675 1598 3720 est
1668 3666 1861 3737 Glycas
1891 3708 1906 3733 ,
1983 3668 2126 3739 quod
2180 3682 2246 3721 ex
2277 3668 2322 3730 c
2353 3674 2517 3731 retur,
2549 3664 2710 3718 donec
2739 3661 2882 3718 Sixti
2923 3663 2997 3719 IV
3018 3663 3175 3732 jussu
3204 3681 3268 3719 ac
3309 3644 3553 3732 decreto,
3575 3668 3814 3723 omnibus
3859 3683 3916 3726 ut

680 3765 1018 3834 Glycelurnm
1086 3759 1288 3811 larnilia
1351 3767 1540 3821 esset.
1608 3769 1664 3813 ut
1722 3776 1963 3825 versus,
2013 3759 2106 3830 qui
2185 3759 2240 3815 in
2292 3744 2297 3747 ’

682 3855 844 3916 variis
894 3852 1172 3906 codicibus
1230 3849 1349 3918 ejus
1383 3850 1672 3903 Annalium
1732 3867 1865 3907 mss.
1923 3862 2243 3917 occurrunt,

679 3944 968 4005 manifeste
1002 3943 1286 3995 indicant:
1325 3941 1376 3994 in
1407 3942 1471 3997 iis
1509 3945 1654 3996 enim
1687 3944 1958 3999 habetur:

789 4036 880 4094 σος
916 4035 979 4083 ἐκ
1013 4029 1433 4102 γένουςνὲσχηκε
1465 4031 1749 4102 Γλυκετῶν
1781 4033 1944 4102 λάχος

684 4111 690 4117 .
796 4105 852 4156 .0
883 4100 1282 4169 συγγεγραφὼς
1318 4101 1539 4170 Μιχαὴλ
1569 4101 1627 4152 τὸ
1661 4100 1891 4170 βιὸλίον.

785 4213 888 4272 Qui
925 4227 989 4262 ea:
1014 4225 1195 4279 genere
1232 4209 1413 4279 habuit
1450 4195 1787 4277 Clycetarum
1821 4221 2014 4266 sortem

781 4281 856 4346 Is,
884 4283 973 4350 qui
1000 4278 1333 4345 conscripsit,
1362 4278 1604 4345 Michael,
1632 4281 1769 4333 hunc
1795 4281 2061 4336 libellum.

746 4396 926 4460 Quare
987 4391 1191 4446 fallitur
1218 4390 1303 4445 Jo.
1349 4391 1471 4445 Alb.
1497 4391 1801 4454 Fabricius,
1824 4393 1916 4461 qui
1939 4407 2242 4462 cognomen

678 4489 806 4554 illud
839 4487 908 4539 ab
934 4499 1002 4538 eo
1037 4485 1291 4546 ascitum,
1323 4497 1448 4535 eum
1482 4483 1842 4536 monasticnm
1877 4483 2131 4537 habitum.
2155 4485 2241 4536 in-

676 4579 903 4644 duisset,
940 4575 1089 4628 nullo
1112 4573 1455 4642 antiquitatis
1484 4583 1863 4640 munumento,
1893 4573 2038 4628 nulla
2071 4574 2243 4629 histo-

676 4690 766 4734 rue
799 4672 924 4733 lide,
959 4670 1280 4723 arbitratur.

748 4764 963 4818 Siculus
991 4769 1173 4815 autem
1193 4758 1413 4813 natione
1436 4756 1555 4820 fuit,
1583 4759 1664 4829 (l)
1691 4759 1831 4828 quod
1861 4775 1926 4815 ex
1960 4760 2241 4815 codicibus

676 4873 807 4910 mss.
835 4857 1050 4908 elucet:
1083 4866 1214 4906 eum
1246 4851 1394 4905 enim
1429 4849 1762 4920 Σικελιώτην
1793 4862 2107 4907 constanter
2139 4867 2239 4920 ap-

675 4952 897 5022 pellant,
919 4959 974 5001 ut
1002 4943 1407 5000 eruditissimus
1435 4942 1843 5012 PliilaLabbeus
1869 4945 1922 4997 in
1951 4943 2237 4996 Annalium

673 5045 852 5112 Glycze
910 5037 1234 5093 Pratatione
1300 5045 1550 5100 testatur.
1618 5034 1726 5091 Nec
1788 5037 2071 5090 abluderet
2141 5036 2237 5089 τοῦ

675 5135 856 5195 fluxa
897 5144 1223 5199 cognomen,
1268 5128 1441 5197 siqua
1504 5127 1551 5182 is
1589 5127 1721 5184 vixit
1774 5137 1952 5195 astate,
2021 5127 2235 5188 Siculos

675 5227 865 5280 Dorica
899 5223 1080 5277 adhuc
1104 5220 1339 5277 dialecto
1370 5233 1499 5273 usos
1529 5218 1702 5273 fuisse
1739 5230 2047 5287 constaret;
2089 5221 2235 5290 quod

674 5331 852 5373 tamen
885 5330 983 5368 cur
1025 5327 1133 5366 non
1169 5310 1453 5380 credamus
1511 5309 1656 5370 nulla
1708 5325 1874 5364 causa
1920 5310 2142 5364 subest:
2174 5309 2237 5364 In

671 5409 923 5477 Calabria
957 5408 1098 5461 enim
1150 5417 1198 5461 et
1225 5406 1281 5458 in
1310 5404 1428 5458 aliis
1474 5402 1814 5472 Neapolitani
1840 5407 1987 5476 regni
2009 5407 2238 5477 regioni-

672 5505 786 5565 bus,
811 5511 966 5570 atque
985 5500 1037 5552 in
1069 5497 1281 5563 Sicilia,
1301 5498 1371 5550 ad
1392 5497 1633 5565 proxima
1661 5513 1822 5566 usque
1839 5497 2034 5551 sa'cula
2053 5498 2235 5553 σπανία

672 5595 851 5662 lingua
887 5591 1132 5654 obtinuit,
1169 5602 1223 5643 ut
1253 5605 1353 5642 non
1385 5588 1582 5657 plebeio
1622 5587 1790 5641 solum
1819 5605 1936 5653 usu,
1959 5591 2052 5644 sed
2073 5591 2233 5643 etiam

672 5685 1042 5747 crclcsiastico,
1070 5684 1122 5734 in
1149 5682 1325 5750 ofﬁciis
1361 5682 1467 5733 suis
1489 5677 1672 5732 Cra’ra
1699 5680 1878 5750 lingua
1935 5683 2232 5750 frequenta-

2347 3761 2534 3816 Latine
2555 3761 2903 3831 persolverent
2926 3761 3101 3830 ofﬁcia
3149 3764 3408 3830 provisum
3437 3774 3510 3816 est
3527 3780 3547 3827 ;
3607 3778 3726 3832 quae
3784 3775 3916 3819 sunt

2346 3853 2509 3907 verba
2528 3853 2827 3908 doctissimi
2847 3851 3260 3907 Montistaleonii
3285 3851 3431 3905 Diar.
3453 3853 3578 3908 Ital.
3605 3857 3778 3923 Capite
3826 3857 3912 3911 15.

2349 3944 2540 3998 Simile
2587 3954 2772 3998 tamen
2807 3953 3227 4014 cognomentum
3260 3944 3423 3998 etiam
3487 3947 3730 4015 Byzantii
3777 3947 3910 4012 init;

2347 4051 2471 4090 nam
2501 4035 2737 4090 Joannes
2759 4034 2952 4107 Glycys
2991 4034 3338 4104 Byzantinus,
3373 4037 3533 4106 lmjus
3564 4038 3712 4091 urbis
3748 4042 3913 4106 patri-

2345 4125 2532 4192 archa,
2564 4125 2761 4179 claruit
2820 4141 2965 4178 anno
3011 4123 3169 4186 1516,
3225 4125 3292 4179 de
3325 4139 3433 4192 quo
3471 4125 3739 4180 videndus
3773 4126 3910 4180 Bob.

2346 4214 2542 4270 Gerius
2571 4215 2812 4285 Append.
2860 4218 2927 4268 ad
2952 4215 3089 4271 Hist.
3141 4217 3303 4270 litter.
3331 4217 3512 4285 script.
3565 4219 3744 4270 εει-ιω.
3785 4218 3910 4273 Gul.

2345 4306 2889 4377 Cavei:quanquam
2952 4305 3192 4362 Joannes
3255 4306 3448 4378 Glycas
3499 4307 3784 4363 Duiresnio
3836 4313 3915 4364 di-

2344 4398 2506 4453 citur.

2414 4490 2664 4545 Privatus
2701 4507 2771 4544 an
2791 4493 2843 4545 in
2870 4491 3208 4559 magistratu,
3235 4492 3484 4547 laudatus
3529 4493 3778 4549 Labbeus
3829 4495 3915 4548 in-

2344 4583 2483 4652 quit,
2514 4591 2606 4636 aut
2637 4583 2897 4653 dignitate
2924 4582 3108 4652 aliqua
3151 4583 3385 4654 publica,
3437 4585 3684 4651 militari,
3734 4588 3912 4640 aulica

2345 4672 2607 4742 forensiue
2637 4681 2899 4736 ornatus;
2947 4672 3286 4739 conjugatus,
3342 4687 3412 4724 an
3457 4671 3638 4724 rwlcbs
3698 4672 3926 4731 vixerit.=

2344 4762 2502 4831 plane
2528 4762 2703 4815 nescio
2724 4778 2742 4815 :
2765 4777 2856 4813 nec
2899 4776 3116 4827 aspersa
3144 4760 3364 4830 singulis
3396 4762 3502 4829 fere
3529 4762 3737 4830 paginis
3771 4762 3924 4824 uiob,’

2343 4856 2535 4907 τέκνου
2565 4854 2659 4906 καὶ
2682 4853 2966 4923 ἀγαπητοῦ
2994 4854 3268 4919 uocabula,
3292 4863 3497 4920 patrem
3534 4855 3728 4919 potius,
3752 4871 3910 4923 quam

2345 4949 2596 5001 seniorem
2639 4963 2703 5000 ac
2728 4947 3067 5017 magistrum,
3103 4945 3348 5014 discipuli
3374 4956 3468 4998 aut
3505 4947 3665 4999 amici
3703 4933 3924 5014 juvenis.

2345 5041 2521 5110 gratia
2555 5055 2682 5108 opus
2709 5039 2839 5094 illud
2873 5039 3281 5100 elucubrantem,
3306 5039 3597 5109 designant.
3629 5021 3923 5094 Gramma-I

2347 5135 2512 5186 ticum
2552 5141 2733 5186 tamen
2767 5131 3111 5200 professione
3158 5130 3327 5186 fuisse
3361 5143 3685 5203 argumento
3713 5142 3796 5187 est
3830 5133 3923 5212 ἱιι-Δ

2345 5223 2570 5292 scriptio
2599 5223 2842 5292 cpistola:
2875 5223 3086 5293 primas,
3128 5233 3184 5278 ut
3218 5224 3271 5276 in
3313 5225 3503 5278 codice
3547 5223 3911 5280 lticcardiano

2344 5329 2453 5382 quo
2481 5312 2564 5366 usi
2597 5327 2806 5378 sumus,
2846 5313 3112 5378 habetur;
3148 5328 3267 5383 qua:
3310 5314 3530 5382 quidem
3574 5331 3636 5370 ea
3669 5326 3752 5369 est
3791 5331 3912 5385 qua:

2342 5405 2642 5475 sequitur:
2712 5405 3114 5476 Γραμματικοῦ
3165 5407 3390 5477 Μιχαὴλ
3447 5407 3539 5460 τοῦ
3593 5408 3775 5462 Γλυκᾶ
3835 5408 3914 5478 τῷ

2341 5499 2659 5569 τιμιωτάτῳ
2686 5497 2913 5569 μοναχῷ
2970 5499 3065 5552 καὶ
3113 5498 3331 5568 oculis“
3379 5501 3532 5571 κυρῷ
3567 5499 3788 5573 Ἰωάννῃ
3835 5502 3914 5570 τῷ

2341 5589 2565 5661 Σιναῖτῃ
2621 5607 2675 5644 κ.
2717 5607 2767 5646 τ.
2809 5593 2857 5646 λ.
2910 5591 3178 5646 Michaelis
3221 5588 3396 5662 σίνται
3448 5597 3798 5663 grammatici,
3845 5597 3915 5648 ad

2341 5686 2570 5739 maxime
2597 5686 2948 5740 venerandum
3001 5686 3308 5739 monachum
3360 5698 3405 5738 ct
3457 5685 3700 5756 Stglitmn
3751 5686 3914 5741 Joan~

730 5843 802 5905 (l)
833 5841 964 5890 Hanc
1018 5839 1300 5901 opinionem
1353 5837 1633 5890 retractavit
1677 5842 1844 5900 postca
1877 5836 2086 5886 Lamins.
2124 5836 2243 5889 i’itlc
2279 5839 2400 5889 inira
2434 5840 2520 5888 Γοι.
2566 5854 2668 5897 xix.
