4214 6442
281 427 336 469 ικ
1566 419 1905 479 JOANNES
1951 417 2262 479 L:\.\i!US.
3489 431 3521 466 κ

281 542 398 580 item
432 527 724 593 Siuaitam,
756 538 862 586 etc.
895 530 1048 598 Quod
1081 530 1298 600 quidem
1346 530 1694 585 Grammatici
1747 546 1844 582 no-
1881 534 1916 586 Α
1951 528 2047 580 τοῦ
2079 527 2284 592 Duxi,
2319 545 2372 581 κ.
2407 544 2454 580 τ.
2492 528 2542 581 λ.
2588 525 2979 597 Sapientissimi
3021 535 3067 579 ct
3119 526 3530 593 eloquentissimi

280 634 404 672 tnen
439 621 795 688 professionis
821 639 1074 679 essenon
1121 633 1209 677 est
1253 638 1351 678 cur
1400 622 1740 682 dubitemus,
1790 630 1846 674 et

280 709 444 777 quod,
467 711 630 766 etiam
662 722 948 781 postquam
983 714 1342 768 monasticam
1372 712 1536 766 vitam
1560 712 1846 787 amplexus

280 811 461 868 esset,
528 804 765 859 retinere
817 807 1022 872 potuit,
1060 807 1104 860 si
1140 804 1366 875 quidem
1424 821 1541 859 eam
1611 817 1846 871 unquam

281 894 566 963 amplexus
600 907 717 950 est:
774 904 925 963 nam,
965 908 1026 953 ut
1048 898 1183 962 dixi,
1209 898 1356 952 omni
1386 897 1628 951 historiae
1656 907 1846 950 aucto-

283 987 441 1040 ritate
470 988 765 1043 destitutus
799 990 877 1054 id,
911 1007 1016 1045 una
1047 1007 1168 1046 cum
1198 990 1471 1068 Fabricio,
1498 992 1621 1058 quis
1653 990 1846 1044 crede-

284 1089 365 1130 ret
391 1078 412 1131 3
438 1077 502 1131 Ει
531 1077 752 1148 quidem
773 1081 1021 1136 monachi
1041 1082 1265 1152 passim,
1287 1079 1485 1150 aliique
1511 1083 1562 1134 in
1588 1079 1848 1135 eminenti

280 1170 543 1240 dignitate
571 1173 880 1240 constituti,
916 1188 1082 1244 super
1109 1174 1431 1243 theologicis
1482 1171 1850 1244 gravissimis-

278 1277 384 1329 que
414 1265 798 1319 controversiis
831 1272 954 1320 eum
1005 1265 1388 1329 consulebant,
1422 1274 1483 1320 ut
1509 1280 1574 1320 ex
1633 1263 1850 1332 Episto-

279 1352 365 1416 lis,
422 1369 516 1409 seu
575 1355 1091 1422 dissertationibus,
1152 1373 1289 1427 quas
1355 1358 1591 1421 edimus,
1633 1366 1847 1411 certum

262 1433 731 1524 ~exploratumque
756 1460 860 1504 est.
893 1449 1026 1516 Quis
1054 1461 1236 1505 autem
1264 1451 1422 1504 facile
1451 1450 1728 1521 opinetur,
1749 1450 1850 1503 bo-

245 1536 486 1642 imiuem
518 1539 689 1592 sacris
720 1548 773 1592 et
806 1538 1055 1594 castioris
1099 1539 1335 1609 alicujus
1373 1550 1537 1596 secta:
1582 1539 1850 1595 institutis

218 1623 510 1681 "minime
555 1628 856 1692 addictum,
887 1631 980 1684 sed
1017 1645 1049 1685 e
1102 1631 1284 1686 medio
1332 1631 1556 1701 populo,
1613 1646 1736 1685 eum
1772 1639 1852 1687 tot

282 1719 528 1787 episcOpi
584 1720 1052 1790 ecclesiastieique
1106 1731 1471 1791 praeceptores
1521 1720 1684 1792 vulgo
1717 1736 1850 1791 sup-

218 1835 224 1841 -
263 1795 550 1877 'pcterent,
580 1813 650 1867 ab
679 1811 761 1867 eis
803 1812 859 1866 in
893 1812 1174 1882 religionis
1202 1813 1633 1883 dogmatumque
1684 1813 1849 1869 Clui-

284 1904 592 1960 stiauorum
647 1907 865 1976 negotio
942 1909 1255 1964 consultum
1331 1912 1471 1964 adeo
1531 1909 1856 1979 frequenter

285 1994 502 2050 fuisse?
535 1995 654 2052 Non
703 2013 791 2052 me
829 1998 1047 2068 quidem
1093 2000 1247 2066 latet,
1281 2014 1427 2056 mere
1475 2001 1641 2054 etiam
1676 2001 1844 2056 laicos

280 2086 578 2156 aliquando
599 2088 654 2142 in
685 2087 930 2146 Ecclesia
959 2091 1236 2158 docuisse,
1263 2101 1318 2148 et
1339 2093 1599 2148 habuisse
1629 2094 1855 2149 concio-

279 2195 397 2243 nes,
425 2189 485 2234 ut
511 2197 576 2236 ex
606 2182 844 2237 Eusebio
871 2183 940 2238 de
965 2183 1199 2254 Origene
1221 2186 1400 2241 adhuc
1428 2186 1626 2257 juvene
1654 2187 1848 2257 liquet;

279 2272 336 2325 et
369 2271 603 2352 Prosper
641 2275 948 2354 Aquitanus
996 2274 1189 2342 multa,
1250 2293 1372 2356 quae
1419 2277 1553 2347 ipsis
1597 2278 1859 2334 ecclesia-

279 2363 404 2418 stici
450 2363 661 2420 ordinis
710 2366 983 2436 magistris
1039 2367 1207 2422 ardua
1254 2376 1306 2422 et
1369 2369 1644 2431 salebrosa
1679 2369 1855 2425 videri

279 2464 576 2523 poterant,
633 2457 685 2510 in
742 2472 801 2512 re
851 2459 1153 2529 theologica
1215 2460 1374 2516 docte
1407 2470 1463 2516 et
1520 2461 1856 2531 prteclariter

279 2547 662 2615 pertractavit;
699 2557 944 2606 attamen
979 2552 1162 2607 isthue
1211 2551 1390 2621 ipsum
1425 2554 1480 2607 in
1522 2568 1580 2616 re
1616 2562 1726 2608 tam
1761 2554 1860 2614 ob-

281 2654 440 2692 scura
476 2648 531 2693 et
561 2640 816 2707 ambigua
855 2641 1042 2696 nescio
1068 2642 1195 2712 quid
1233 2644 1565 2714 suspicionis
1601 2647 1859 2702 inducere

278 2731 728 2786 dissimulandum
763 2733 1182 2803 haudquaquam
1211 2734 1491 2790 existimo.
1534 2735 1858 2792 Contirmari

281 2823 331 2874 id
369 2823 535 2876 etiam
571 2831 756 2892 posset
781 2824 1268 2881 animadvertendo
1299 2827 1354 2881 in
1387 2827 1574 2883 codice
1608 2828 1860 2884 Caesareo

280 2914 446 2982 κηρὸν
490 2914 714 2986 Glycam
741 2915 1039 2991 appellari;
1092 2933 1202 2987 quo
1262 2919 1527 2974 vocabulo
1577 2929 1860 2975 contracto

217 3072 223 3078 ι
279 3007 536 3062 monachi
590 3008 934 3076 praesertim,
976 3009 1326 3079 sequioribus
1375 3011 1611 3076 saeculis,
1666 3011 1861 3082 indigi-

277 3099 570 3154 tatautur:
616 3113 727 3153 non
775 3114 933 3155 secus
987 3099 1206 3170 quidem
1265 3107 1430 3170 atque
1488 3117 1586 3165 nos
1644 3103 1860 3160 domuos

1955 619 2223 676 Nic/melis
2257 618 2454 688 Glyca',
2483 628 2612 682 etc.;
2639 630 2690 672 ct
2721 635 2782 672 cx
2810 618 3262 687 inscriptionibus
3282 618 3531 671 codicum

1954 713 2241 766 Annalium
2282 711 2617 767 Vallicellaui
2662 721 2717 764 et
2779 709 3337 769 Fontisebraldensis,
3397 723 3532 776 quas

1951 804 2117 874 paulo
2148 803 2402 871 superius
2435 802 2740 857 attulimus.
2774 802 2840 856 Et
2881 802 3099 870 quidem
3133 801 3186 855 in
3234 817 3425 870 magna
3461 800 3533 852 oh

1953 893 2258 949 doctrinam
2286 893 2692 948 existimatione
2728 892 2898 946 fuisse
2927 891 3351 946 indicantetiam
3379 891 3534 942 lucu-

1951 986 2128 1040 lenter
2146 986 2264 1057 ejus
2282 999 2337 1053 e,-
2353 985 2546 1046 istolze,
2572 999 2691 1054 quae
2719 984 3002 1038 monachis
3020 985 3221 1052 passim
3275 983 3532 1050 aliisque,

1950 1079 2043 1150 qui
2086 1093 2212 1133 eum
2244 1079 2312 1134 de
2341 1078 2735 1148 quaestionibus
2769 1075 3102 1131 difﬁcillimis
3147 1073 3531 1131 consulebant.

1951 1170 2263 1233 mittuntur,
2297 1177 2356 1224 ttt
2395 1184 2492 1244 per
2521 1184 2583 1223 ea
2614 1177 2860 1238 tempora
2895 1179 3089 1220 omnes
3139 1161 3253 1216 fere
3306 1162 3370 1214 ad
3403 1175 3530 1213 cum

1948 1262 2208 1316 doctrinm
2236 1276 2538 1327 causa,seu
2570 1274 2818 1324 accessu,
2839 1274 2934 1312 seu
2955 1255 3168 1320 litteris,
3197 1252 3533 1308 conﬂuxisse

1952 1355 2260 1409 videantur.

2023 1446 2140 1511 Qua
2176 1455 2335 1500 artate
2383 1444 2574 1517 Glycas
2650 1453 2838 1498 noster
2886 1441 3101 1502 vixerit,
3154 1447 3273 1508 post
3324 1453 3522 1490 novam

1953 1536 2310 1592 eruditissimi
2343 1535 2512 1590 Leon.
2550 1533 2728 1588 Allatii
2759 1531 3094 1601 opinionem.
3129 1544 3288 1597 quam
3322 1526 3442 1579 Casi
3471 1546 3524 1578 ι’.

1954 1628 2206 1683 Oudinus
2235 1643 2337 1683 suo
2369 1626 2581 1682 Calculo
2612 1625 2956 1694 comprobat,
2997 1621 3049 1674 in
3087 1619 3380 1674 sententiis
3422 1629 3530 1672 est.

1953 1718 2208 1786 Plerique
2245 1726 2427 1771 tamen
2466 1731 2660 1770 omnes
2693 1714 2875 1769 saeculi
2924 1729 3000 1766 xu
3046 1712 3365 1780 scriptorem
3401 1726 3524 1761 cum

1957 1811 2296 1876 existimant,
2340 1808 2428 1863 «ιο.
2456 1809 2705 1874 Zonara2,
2752 1805 2972 1876 Georgii
3023 1805 3279 1868 Cedrcni,
3341 1802 3531 1857 Const.

1962 1902 2226 1958 Manassis
2257 1903 2578 1974 σύγχρονον,
2609 1901 2948 1970 aliorumque
2993 1899 3272 1954 similium.
3314 1898 3380 1952 Et
3417 1895 3535 1962 qui-

1959 1997 2083 2052 dem
2114 2011 2269 2051 suam
2300 1994 2620 2061 Historiam,
2662 2009 2824 2064 quam
2856 1993 2924 2046 ab
2946 1992 3078 2046 orbe
3113 1990 3336 2045 condito
3373 2005 3532 2042 exor-

1960 2092 2130 2154 ditur,
2162 2104 2333 2159 usque
2359 2090 2425 2143 ad
2453 2089 2660 2142 obitum
2707 2086 2882 2140 Alexii
2913 2083 3203 2147 tlomueni,
3237 2093 3292 2136 et
3326 2097 3534 2136 annum

1960 2183 2161 2239 Christi
2192 2181 2350 2248 1118,
2378 2180 2620 2236 deducit.
2650 2179 2786 2234 llinc
2828 2194 2858 2232 a
2903 2177 2967 2232 G.
3012 2175 3096 2230 .lo.
3125 2175 3338 2239 Vossio,
3373 2174 3464 2226 lib.
3497 2188 3532 2225 ιι

1961 2269 2040 2323 De
2057 2270 2240 2323 liistor.
2273 2267 2606 2338 erc.,Cap.
2637 2268 2728 2332 27,
2759 2266 2826 2320 ad
2852 2281 3053 2320 annum
3084 2264 3216 2318 ιιΞο
3267 2264 3531 2325 refertur;

1959 2361 2420 2433 quemadmodum
2473 2371 2530 2415 et
2566 2377 2596 2414 a
2632 2360 2830 2415 Guliel.
2875 2359 3074 2420 Caveo,
3110 2358 3162 2410 in
3197 2356 3334 2410 Hist.
3369 2355 3532 2408 litier.

1959 2454 2144 2523 script.
2176 2453 2360 2506 eccles.
2394 2451 2499 2506 Ph.
2535 2451 2756 2506 Labbeo
2783 2449 3080 2506 verisimile
3109 2456 3215 2512 est,
3240 2462 3362 2499 cum
3390 2446 3534 2498 circa

1963 2558 2166 2597 annum
2198 2544 2336 2600 “50
2357 2542 2648 2599 ﬂoruisse:
2689 2544 2776 2597 cui
2806 2542 3027 2612 epochar
3050 2541 3138 2594 alii
3162 2555 3375 2609 quoque
3405 2539 3536 2592 ast?-

1961 2635 2239 2706 pulantur,
2280 2635 2325 2691 si
2353 2636 2610 2690 Allatium
2643 2645 2699 2690 et
2735 2635 3014 2690 Oudinum
3041 2635 3286 2688 laudatos
3314 2646 3539 2699 excepe—

1962 2729 2064 2784 ris.
2095 2729 2184 2784 Ille
2223 2729 2369 2794 enim
2417 2729 2636 2800 Glycam
2667 2728 2851 2784 saeculi
2896 2743 2965 2782 xv
3014 2727 3339 2795 scriptorem
3381 2738 3528 2785 esse,

1962 2831 2016 2877 et
2040 2836 2185 2876 anno
2214 2816 2352 2877 1430
2410 2836 2476 2880 ac
2500 2821 2760 2891 deinceps
2791 2820 3076 2883 claruisse,
3113 2816 3411 2888 pertendit,
3449 2830 3536 2868 ra-

1965 2913 2168 2984 tioque,
2200 2930 2307 2985 qua
2349 2915 2619 2978 innititur,
2653 2924 2760 2981 est,
2795 2914 2941 2989 quod
2981 2929 3046 2969 ex
3084 2913 3260 2984 Glyca:
3289 2912 3537 2982 epistolis

1963 3007 2147 3077 plures
2175 3007 2240 3061 ad
2263 3007 2552 3062 Maximum
2585 3007 2943 3071 Smeniotem,
2967 3016 3022 3061 et
3052 3006 3249 3061 Isaiam
3276 3005 3534 3075 Cyprium

1965 3099 2318 3166 monachum,
2347 3100 2440 3169 qui
2494 3108 2627 3164 tunc
2675 3100 2936 3169 temporis
2984 3099 3262 3164 vivebant,
3320 3096 3536 3164 scripue

280 3189 580 3244 monachos
615 3190 838 3245 honoris
868 3206 1029 3246 causa
1062 3207 1465 3261 nuncupamus,
1505 3194 1650 3261 quod
1697 3194 1858 3248 latius
1883 3199 1928 3262 ο
1961 3197 2105 3249 sunt.
2150 3189 2400 3246 Oudinus
2425 3191 2577 3246 addit
2630 3190 2815 3263 Glycae
2862 3198 3145 3263 syntagma
3209 3191 3532 3246 historicum

279 3297 342 3334 ac
373 3281 665 3336 dilucidius
695 3283 749 3336 in
785 3282 1008 3337 seltoliis
1037 3283 1105 3338 ad
1139 3283 1585 3348 dissertationem
1621 3286 1852 3355 primam

280 3372 622 3439 expediatus,
655 3380 711 3427 et
748 3371 1101 3430 classicorum
1155 3375 1487 3444 scriptorum
1529 3378 1855 3433 testimoniis

282 3464 334 3517 iu
365 3463 604 3524 medium
634 3462 889 3520 adductis
917 3465 1352 3535 comprobatuus.
1386 3467 1525 3532 Quid
1565 3469 1709 3538 quod
1761 3484 1855 3522 co-

281 3558 383 3609 dex
443 3571 547 3608 ms.
581 3554 871 3609 Annalium
898 3555 1075 3626 Glycae
1111 3555 1498 3614 Vallicellanus
1540 3561 1852 3630 hujusmodi

285 3649 499 3702 titulum
561 3647 821 3718 praefert?
875 3648 983 3701 Τοῦ
1027 3649 1364 3716 λογιωτάτου
1418 3652 1514 3704 καὶ
1569 3669 1857 3722 μακαριω-

280 3743 448 3792 τάτου
511 3740 683 3810 κυροῦ
718 3739 936 3809 Μιχαὴλ
966 3741 1061 3792 τοῦ
1088 3741 1271 3794 Γλυκᾶ
1301 3743 1592 3812 Χρονικδν,
1624 3761 1677 3798 κ.
1710 3761 1761 3797 τ.
1802 3745 1852 3800 λ.

282 3832 722 3900 Eloquentissimi
753 3841 801 3887 et
832 3833 1123 3886 beatissimi
1149 3835 1330 3888 domui
1357 3834 1628 3890 Michaelis
1679 3836 1855 3910 Glyco:

281 3926 604 3988 (Ilirouicon,
636 3935 777 3988 etc.,
811 3924 904 3994 qui
940 3924 1080 3980 forte
1111 3941 1219 3980 non
1250 3935 1356 3980 tam
1409 3943 1621 3982 morum
1669 3929 1858 3998 probi-

282 4027 448 4080 tatem
480 4025 536 4070 et
575 4017 1021 4080 sanctitudinem,
1053 4032 1216 4086 quam
1247 4020 1603 4073 monasticam
1649 4019 1856 4090 profes-

281 4109 495 4161 sionem
546 4107 834 4176 designare
883 4122 1043 4177 posse
1092 4108 1364 4163 videatur.
1400 4109 1582 4165 Codex
1636 4126 1854 4181 quoque

279 4199 600 4263 iuonastcrii
656 4197 1190 4261 Fontisebraldcnsis
1243 4201 1432 4270 paucis
1489 4202 1710 4256 mutatis
1774 4203 1855 4258 sic

280 4292 506 4359 incipit:
563 4287 670 4354 Τοῦ
725 4290 1040 4359 σοφωτάτου
1099 4289 1197 4344 καὶ
1238 4293 1684 4362 μακαριωτάτου,
1718 4302 1850 4361 etc.,

279 4383 677 4460 Supientissimi
705 4392 753 4444 et
789 4383 1101 4447 beatissimi,
1125 4392 1235 4438 etc.

351 4473 629 4542 Quidquid
664 4485 845 4537 autem
877 4473 968 4540 sit,
995 4473 1128 4536 illud
1153 4472 1448 4543 explorata:
1481 4474 1602 4529 fidei
1632 4485 1736 4538 est,
1771 4475 1854 4529 vi-

1956 3282 2108 3337 olere
2143 3283 2408 3338 Grmciam
2433 3284 2892 3348 recentissimam,
2925 3284 3072 3355 quod
3103 3285 3194 3339 ille
3222 3284 3306 3339 vel
3358 3295 3536 3339 morte

1958 3373 2042 3426 vel
2073 3373 2304 3442 negotiis
2339 3383 2640 3444 occupatus
2690 3375 2834 3428 ultra
2869 3390 3072 3429 annum
3109 3375 3246 3430 1118
3296 3391 3407 3438 non
3438 3392 3535 3430 ex—

1959 3466 2215 3520 tendcrit.
2246 3465 2430 3536 itaque
2457 3467 2608 3536 juxta
2641 3477 2976 3523 memoratos
3007 3469 3305 3538 scriptores
3338 3468 3534 3540 Glycas

1958 3555 2256 3626 σύγχρονος
2297 3555 2492 3612 fuisset
2543 3557 2763 3613 Macarii
2815 3558 3094 3630 Ancyrani
3148 3560 3532 3628 metropolita:,

1957 3646 2164 3702 Nieolai
2195 3646 2485 3717 Selengias,
2515 3647 2600 3702 Jo.
2629 3648 2812 3712 Ducat,
2849 3649 3190 3718 aliorumque
3223 3648 3384 3717 hujus
3409 3658 3536 3702 teta-

1958 3741 2028 3794 tis
2057 3740 2319 3806 virorum,
2338 3741 2432 3816 qui
2464 3739 2935 3801 lucubrationibus
2960 3740 3123 3795 editis
3145 3755 3344 3795 nomen
3370 3755 3529 3794 suum

1956 3833 2261 3904 posteritati
2288 3822 2831 3892 comme‘ndaverunt.
2873 3831 3073 3891 Verum
3105 3832 3181 3895 id,
3213 3832 3356 3901 quod
3382 3831 3530 3886 litem

1957 3940 2174 3980 omnem
2203 3925 2430 3992 dirimit,
2468 3935 2596 3988 sunt
2644 3924 2899 3994 Epistolas
2930 3923 3106 3996 Glyca:
3137 3923 3226 3990 55,
3257 3924 3326 3980 56
3357 3934 3412 3979 et
3441 3925 3531 3988 4i,

1955 4034 2077 4088 qua:
2132 4017 2200 4071 ad
2261 4017 2645 4087 imperatorem
2693 4017 3119 4078 Constantinum
3206 4017 3530 4088 Palmlogum

1955 4109 2176 4179 scriptae
2199 4119 2356 4175 sunt;
2389 4117 2603 4165 constat
2628 4120 2812 4164 autem
2847 4124 2913 4163 ex
2951 4109 3262 4168 verioribus
3301 4111 3534 4164 chrono-

1954 4201 2092 4272 logis
2141 4200 2562 4255 Constantinum
2623 4199 2980 4272 Palaaologum
3037 4217 3148 4255 non
3222 4211 3348 4255 ante
3429 4217 3532 4256 an-

1955 4306 2084 4345 num
2141 4290 2298 4355 1445,
2333 4289 2416 4345 vel
2465 4291 2622 4361 juxta
2656 4291 2794 4345 alios
2833 4289 2993 4353 1448,
3033 4290 3322 4358 imperium
3344 4304 3532 4345 susce-

1957 4384 2102 4455 pisse
2127 4381 2386 4449 Orientis,
2413 4383 2555 4452 quod
2588 4397 2733 4436 anno
2766 4381 2925 4443 1455,
2972 4382 3025 4435 in
3065 4380 3533 4452 Constantinopo~

1958 4471 2126 4530 litana
2181 4475 2338 4530 clade
2386 4474 2714 4540 exstinctus,
2766 4473 2971 4537 amisit,
3009 4488 3134 4527 cum
3177 4473 3338 4526 annis
3363 4473 3416 4537 8,
3447 4473 3537 4536 vel,

277 4583 399 4620 rum
430 4568 576 4620 hunc
606 4566 907 4620 litterarum
927 4565 1126 4625 studiis
1156 4567 1392 4621 maxime
1417 4567 1684 4630 deditum,
1707 4567 1857 4635 φιλό-
1882 4547 1934 4608 Ῐ)
1955 4568 2108 4639 juxta
2167 4568 2305 4622 alios
2351 4568 2385 4622 5
2438 4567 2541 4622 etsi
2600 4581 2711 4620 non
2747 4564 2972 4635 integris
3024 4564 3366 4633 imperasset.
3411 4563 3530 4633 iam

279 4675 442 4710 πη-,ον
495 4657 588 4709 καὶ
631 4656 930 4726 φιλομαθῆ,
981 4656 1150 4714 fuisse
1199 4659 1522 4732 cunctisque
1557 4659 1698 4720 adeo
1738 4658 1851 4714 fere

276 4750 583 4818 disi-iplzuis
614 4747 930 4801 eruditum:
964 4748 1162 4816 passim
1201 4749 1344 4803 enim
1378 4748 1432 4802 in
1456 4748 1570 4802 suis
1595 4749 1854 4818 operibus

278 4844 595 4908 thmtogmu
616 4838 798 4903 simul,
816 4851 1096 4892 sacrarum
1121 4837 1448 4894 Litterarum
1468 4839 1850 4910 interpretem,

276 4932 555 4994 ualedicunt
588 4930 958 4999 tuatui-alisque
988 4929 1234 4986 scientiae
1264 4931 1639 5000 indagatorem
1673 4932 1851 4988 soler-

277 5025 573 5087 tissimum,
611 5021 1116 5092 peritissimumque
1165 5038 1224 5076 se
1269 5023 1450 5094 prodit
1500 5023 1848 5079 historicum.

275 5117 391 5178 beo
421 5115 746 5183 eloquentia
771 5112 992 5184 quidem
1026 5113 1187 5168 laude
1215 5123 1388 5179 caret,
1421 5125 1478 5169 et
1523 5114 1663 5169 facili
1714 5131 1848 5184 qua-

273 5209 402 5269 datu
432 5221 498 5260 ac
527 5203 684 5275 plana
712 5204 929 5260 dicendi
960 5205 1170 5260 ratione
1207 5207 1464 5261 lectorem
1496 5207 1738 5261 oblectat
1786 5221 1850 5262 ac

272 5299 510 5360 detinet,
575 5295 649 5349 ita
694 5303 754 5349 ut
790 5296 1104 5365 eloquentia
1143 5311 1266 5350 cum
1320 5297 1524 5368 ingenii
1587 5296 1851 5354 facilitate

273 5401 494 5446 certare
519 5388 792 5443 videatur.
822 5387 1009 5458 itaque
1042 5387 1113 5443 ob
1144 5387 1264 5458 ejus
1289 5387 1555 5444 doctrina:
1583 5399 1850 5459 prtestano

277 5484 409 5536 tiam
449 5481 648 5536 merito
697 5479 1026 5547 λογιώτατος
1058 5479 1154 5534 καὶ
1183 5480 1499 5549 σοφώτατος
1547 5481 1851 5551 appellatus

273 5583 381 5638 est,
417 5581 479 5625 ut
520 5586 587 5626 ex
639 5571 757 5639 ejus
800 5570 1169 5640 Epistolarum
1219 5573 1458 5640 generali
1492 5573 1852 5642 inscriptione

277 5672 332 5721 iu
401 5666 589 5721 codice
640 5664 892 5720 Cmsareo
963 5667 1105 5736 apud
1165 5666 1225 5721 P.
1286 5669 1655 5730 Lambecium,
1725 5671 1848 5723 cod.

279 5759 519 5827 theolog.
601 5759 721 5820 139,
755 5758 1118 5827 intelligilur;
1182 5770 1261 5816 est
1337 5764 1484 5816 cnim
1555 5779 1654 5821 ca.
1733 5777 1852 5829 qua:

280 5852 528 5920 sequitur
559 5865 570 5902 ε
611 5849 710 5904 T03
769 5850 1083 5920 ςοςωτάτου,
1114 5856 1204 5908 καὶ
1259 5854 1593 5921 λογιωτάτου
1631 5854 1681 5909 Μ
1711 5853 1849 5922 xui}

1956 4668 2375 4713 memoratarum
2406 4656 2768 4728 Epistolarum
2801 4656 3188 4726 inscriptiones
3220 4656 3272 4709 in
3299 4655 3406 4710 alio
3437 4671 3533 4707 vo-

1953 4748 2161 4803 lumine
2191 4764 2294 4802 una
2319 4764 2442 4803 cum
2476 4749 2706 4802 aliarum
2733 4748 2904 4802 titulis
2929 4746 3250 4816 sileremus,
3280 4757 3336 4801 et
3368 4763 3435 4801 ex
3469 4748 3538 4809 iis

1952 4841 2154 4895 veritas
2177 4841 2264 4895 illa
2287 4856 2450 4910 quam
2465 4839 2756 4905 astruimus
2771 4838 3053 4907 evidenter
3079 4838 3331 4893 elucebit.
3352 4838 3531 4905 Carol.

1953 4931 2174 5002 quidem
2220 4931 2560 5000 Dufresnius,
2602 4931 2683 4992 vir
2717 4930 3092 4994 doctissimus,
3112 4931 3163 4982 in
3195 4928 3533 4999 prmfationc,

1951 5041 2118 5096 quam
2149 5025 2407 5094 operibus
2442 5023 2528 5079 Ju.
2564 5023 2791 5077 Zonarte
2823 5024 3110 5093 prattnisit,
3145 5038 3268 5076 cum
3309 5020 3362 5074 in
3411 5037 3530 5074 eam

1953 5119 2280 5172 sententiam
2316 5116 2680 5182 discessisset,
2731 5131 2854 5185 quae
2900 5115 3014 5170 vult
3063 5116 3223 5170 hasce
3263 5115 3531 5183 Epistolas

1952 5223 2076 5265 esse
2100 5207 2185 5262 Jo.
2224 5207 2454 5262 Zonarte
2510 5206 2706 5270 fetum,
2741 5216 2801 5260 ut
2822 5206 3042 5260 evincat
3073 5221 3186 5271 eas,
3223 5205 3307 5260 vel
3341 5221 3529 5259 earum

1952 5298 2144 5352 saltem
2175 5292 2406 5366 aliquas,
2439 5311 2561 5351 esse
2593 5297 2828 5366 scriptas
2855 5311 2918 5350 ea
2961 5305 3142 5363 aetate,
3177 5309 3282 5366 qua
3332 5297 3421 5350 ille
3455 5299 3532 5350 vi-

1951 5389 2134 5452 vebat,
2156 5388 2366 5441 clarum
2395 5399 2853 5457 perspectumque
2872 5403 2996 5443 esse
3012 5388 3107 5454 ait,
3139 5387 3528 5441 nonnullarum

1953 5487 2256 5541 auctorem,
2317 5479 2364 5533 si
2406 5495 2514 5533 nou
2559 5479 2828 5545 omnium,
2875 5480 3073 5534 vixisse
3128 5479 3231 5534 sub
3278 5479 3530 5533 Manuele

1952 5571 2271 5636 Comueno;
2307 5587 2430 5624 nam
2460 5571 2748 5642 epistolam
2777 5571 2845 5625 58
2879 5573 2931 5625 ἱιι
2957 5572 3135 5626 indice
3161 5571 3527 5627 Lambeciano

1954 5665 2218 5718 Manuelis
2235 5665 2498 5718 Comneui
2521 5665 2864 5733 imperatoris
2883 5681 3001 5720 esse
3021 5666 3338 5730 arbitratur,
3357 5683 3529 5736 quare

1952 5766 2008 5812 .L‘t
2042 5758 2385 5824 subsequens
2434 5756 2950 5824 .iutapologcticum,
2991 5761 3132 5826 quod
3166 5758 3384 5825 quidem
3418 5768 3527 5812 sta-

1957 5858 2053 5904 tim
2086 5849 2333 5904 subditur
2365 5850 2416 5902 iu
2453 5847 2636 5903 LUtilCC
2672 5849 2917 5905 (Itesat‘co
2964 5859 3014 5904 ct
3065 5849 3120 5903 in
3152 5847 3322 5919 licgiu
3380 5850 3528 5906 Pari-
