4214 6442
712 444 771 483 Kl
1938 433 2036 497 DE
2076 435 2307 493 MICIIA
2326 434 2465 493 ELE
2503 436 2737 495 GLYCA
3873 452 3950 491 xu

706 547 895 608 sieusi,
929 543 1123 599 eodem
1170 554 1411 613 tempore
1448 546 1710 615 Scriptum
1746 560 1867 599 esse
1914 547 2103 602 infert.
2151 550 2279 603 Eam
2312 556 2353 611 Α
2384 550 2722 619 aliorumque
2752 547 2973 617 vestigia
3010 564 3071 602 ac.
3122 563 3261 619 pene
3298 548 3462 604 verba
3492 566 3505 602 :
3571 552 3662 620 qui
3726 553 3947 620 quidem

702 646 916 691 aetatem
948 637 1112 690 etiam
1140 637 1318 705 arguit
1348 652 1410 690 ex
1445 637 1575 691 viris
1615 639 1894 706 primariis
1940 641 2075 694 aula:
2139 641 2279 695 Cun-

703 727 1229 795 stantinopolitanze,
1254 728 1450 795 quibus
1478 728 1956 800 aliquotfepistola:
1978 730 2280 785 inscribun-

705 827 829 871 tur:
864 830 1027 887 atque
1074 820 1129 872 in
1168 820 1235 875 iis
1259 819 1469 875 Joanne
1498 821 1644 875 Dura
1681 837 1876 888 inagna
1923 823 2279 878 hetmriarcha

701 920 754 964 ct
788 914 1030 975 sebasto,
1065 912 1223 980 cujus
1248 927 1359 981 pra:
1381 914 1596 967 caeteris
1627 914 1835 967 mentio
1866 916 2108 969 occurrit
2132 914 2278 986 apud

700 998 946 1054 Nic-eram
982 1003 1037 1056 in
1072 1002 1261 1057 Alexio
1290 1002 1561 1056 Manuelis
1590 1001 1698 1067 fil.,
1723 1012 1777 1058 et
1822 1000 2071 1057 Manuele
2116 1003 2279 1059 Com-

704 1110 849 1148 neno
879 1094 1336 1159 sebastocratore,
1378 1094 1471 1165 qui
1498 1110 1609 1149 non
1639 1095 1775 1149 alius
1802 1104 1889 1150 est
1913 1094 1981 1150 ab
2007 1110 2097 1159 eo,
2119 1096 2278 1165 cujus

702 1188 908 1256 pariter
932 1186 1233 1241 Cinnamus
1260 1187 1510 1241 meminit
1542 1186 1736 1253 libxv.
1774 1185 1881 1241 Sed
1913 1196 2060 1242 recte
2089 1187 2280 1241 obser-

705 1289 795 1331 vat
824 1277 948 1331 Cas.
1005 1275 1256 1331 Oudinus
1317 1277 1511 1331 falsum
1548 1293 1670 1333 esse
1724 1277 2095 1340 Dufresnium.
2146 1279 2275 1332 dum

705 1367 926 1419 censuit
961 1366 1248 1435 epistolam
1285 1366 1353 1421 38
1411 1369 1478 1421 ad
1513 1366 1764 1437 Alypium
1790 1366 2123 1422 monachum
2155 1381 2277 1422 esse

704 1456 970 1511 Manuelis
992 1457 1280 1521 Conmeni,
1311 1474 1435 1512 cum
1464 1474 1589 1513 vere
1620 1458 1798 1530 Glycas
1831 1460 1902 1512 sit
1947 1459 2274 1513 monachum

702 1548 852 1600 illum
890 1548 958 1602 ab
1002 1548 1311 1618 astrologiae
1360 1548 1549 1603 studio
1586 1547 1974 1604 tlehortantis:
2024 1549 2277 1605 concedit

702 1648 910 1693 tantum
945 1639 1437 1709 Antapologeticum
1487 1654 1612 1695 esse
1661 1639 1928 1695 Manuelis
1979 1640 2271 1705 Comneni,

698 1734 855 1799 cuius
884 1731 1108 1799 quidem
1140 1746 1341 1791 nomen
1374 1731 1612 1801 praefert,
1644 1739 1699 1785 et
1727 1747 1960 1786 numero
1985 1732 2056 1787 '59
2106 1730 2275 1786 collo—

699 1833 874 1876 vatur.
944 1819 1080 1875 Cum
1126 1824 1274 1878 enim
1316 1820 1542 1891 Alypius
1595 1820 1648 1873 in
1682 1820 1989 1890 astrologiae
2032 1819 2271 1874 studium

2385 656 2577 693 munes
2603 656 2740 709 opus
2771 655 2861 693 scx
2900 641 3130 700 dierum,
3161 640 3305 708 quod
3354 640 3539 695 Grtcra
3593 657 3723 696 voce
3779 644 3952 696 llcxa-

2384 741 2605 779 cmeron
2636 727 2817 781 dicere
2844 726 3383 800 solennis,singuiari
3406 730 3687 798 diligentia
3719 734 3951 784 concin-

2382 826 2599 871 narunt.
2626 817 2731 872 Sed
2760 819 2887 887 quia
2925 829 3145 894 notatur
3174 836 3205 875 ει
3266 820 3373 876 Th.
3420 820 3757 890 Dempstero,
3787 822 3885 877 lib.
3936 841 3949 876 ι

2386 908 2629 977 l’aralip.
2658 914 2725 962 ad
2755 910 3029 975 Rosinum,
3069 926 3191 981 cap.
3226 912 3277 977 1,
3306 908 3459 981 quasi
3490 912 3638 983 leges
3691 914 3954 968 historico

2382 998 2730 1067 praescriptas
2763 1015 2870 1053 non
2903 1001 3227 1068 servaverit,
3264 1002 3352 1055 hic
3388 1003 3708 1070 tempestive
3743 1005 3952 1058 descri-

2381 1089 2557 1143 henda
2591 1090 2847 1145 videntur
2885 1094 3052 1149 verba
3090 1091 3403 1159 Leunclavii
3444 1094 3711 1162 prominio
3743 1094 3796 1146 in
3826 1094 3954 1166 Gly-

2380 1196 2458 1236 cae
2490 1182 2719 1237 Annales
2740 1198 2759 1235 :
2790 1183 2943 1246 Quod
2978 1186 3026 1235 si
3056 1185 3172 1250 quis
3205 1184 3524 1247 arbitratur,
3576 1186 3769 1252 inquit,
3817 1188 3954 1240 hisce

2379 1271 2445 1322 tle
2476 1270 2628 1322 rebus
2659 1272 2874 1325 minime
2911 1272 3272 1325 disserendum
3301 1273 3380 1325 vel
3422 1274 3479 1327 in
3503 1275 3744 1340 historia,
3780 1276 3860 1329 vel
3896 1278 3953 1330 in

2378 1364 2720 1418 adnotatione
2748 1373 3035 1430 temporum
3062 1404 3078 1428 ,
3108 1365 3153 1417 is
3182 1365 3337 1426 sciat,
3362 1365 3593 1433 primum
3631 1367 3741 1419 ha:c
3772 1365 3955 1434 junio-

2378 1456 2521 1509 ribus
2550 1471 2663 1508 esse
2691 1457 3009 1524 perscripta,
3035 1472 3256 1524 quorum
3276 1457 3481 1510 animos
3501 1459 3655 1509 rectis
3681 1459 3952 1511 sententiis

2381 1546 2461 1614 (ut
2492 1544 2654 1614 paulo
2670 1555 2795 1599 ante
2814 1546 3263 1615 signiﬁcabamus)
3292 1547 3457 1600 imbui
3475 1548 3752 1617 permagni
3769 1550 3948 1618 refert.

2378 1636 2578 1692 Deinde
2607 1639 2762 1693 velim
2786 1638 2961 1708 δινσιε
2983 1649 3160 1692 nostra
3190 1640 3269 1693 vel
3299 1640 3451 1694 illam
3506 1640 3570 1694 ob
3606 1656 3827 1695 causam
3883 1641 3952 1694 sit

2378 1730 2598 1799 aequior,
2638 1730 2776 1800 quod
2809 1730 3062 1800 pleraque
3088 1747 3189 1785 non
3218 1733 3297 1785 ita
3327 1732 3553 1801 prolixe,
3592 1748 3684 1786 nec
3714 1733 3950 1800 confuse,

2379 1822 2678 1887 tradiderit,
2710 1832 2766 1875 ut
2797 1821 3090 1877 Cedrenum
3115 1831 3165 1875 et
3196 1822 3332 1877 alios
3367 1824 3645 1892 factitasse
3675 1824 3911 1878 uidemus
3934 1842 3953 1878 :

701 1920 816 1965 toto
844 1912 1083 1981 pondere
1110 1913 1368 1979 ferretur,
1397 1928 1497 1968 nec
1522 1913 1697 1983 Glycte
1723 1911 1966 1967 consiliis
1998 1922 2054 1967 et
2088 1912 2272 1967 horta-
2302 1920 2349 1981 Β
2377 1915 2466 1985 qui
2496 1916 2803 1989 compendia
2823 1915 3067 1983 quaedam
3093 1915 3483 1983 promittentes,
3504 1914 3771 1968 volumina
3803 1930 3955 1984 pror-

701 2002 947 2058 tionibus
976 2004 1371 2072 acquiesceret,
1398 2014 1455 2058 ut
1480 2005 1716 2058 studium
1748 2018 1903 2057 suum
1938 2002 2275 2067 defenderet,

703 2097 837 2148 nihil
874 2097 989 2165 ipse
1022 2099 1271 2168 regessit,
1328 2101 1422 2152 sed
1451 2097 1629 2151 aliena
1674 2096 1972 2165 scriptione
2003 2110 2133 2150 usus
2170 2103 2275 2162 est,

702 2188 924 2241 mittens
961 2204 1059 2257 pro
1090 2191 1455 2258 responsione
1486 2188 1977 2259 Antapologcticum
2013 2186 2278 2241 Manuelis

697 2276 963 2330 (Imnneni
1006 2276 1074 2330 ab
1121 2277 1280 2329 annis
1329 2276 1552 2330 circiter
1584 2276 1689 2330 ’500
1736 2276 1791 2329 in
1824 2274 2056 2346 gratiam
2098 2282 2277 2328 astro-

699 2365 874 2434 logiae,
921 2381 1027 2434 qua
1077 2365 1471 2427 delectabatur,
1512 2364 1916 2434 conscriptum;
1971 2364 2053 2420 vel
2110 2363 2275 2418 alium

700 2457 1006 2511 Mannelem
1062 2456 1405 2511 Comnenum
1461 2456 1631 2511 fuisse
1690 2456 2021 2525 suspicatur.
2081 2455 2160 2508 Ad
2213 2468 2275 2508 ea

702 2567 832 2603 vero
863 2567 982 2620 qua:
1010 2550 1333 2606 Dufresnius
1366 2552 1434 2606 de
1485 2550 1758 2620 primariis
1791 2550 1926 2603 aula:
1956 2546 2275 2602 Constanti—

702 2642 1029 2709 nopolitanae
1058 2641 1192 2696 viris
1223 2642 1467 2703 adducit,
1525 2641 1599 2695 ita
1634 2641 1882 2693 laudatus
1919 2639 2163 2694 Oudinus
2194 2651 2278 2691 re-

700 2736 936 2802 Spundet
965 2753 977 2788 :
1004 2732 1122 2786 Non
1146 2733 1226 2786 his
1258 2733 1553 2787 nominibus
1586 2743 1778 2787 veteres
1802 2724 2274 2799 ltilintelliguntur,

700 2826 791 2878 sed
837 2826 1150 2901 recentiores
1197 2826 1432 2893 ejusdem
1484 2825 1710 2878 nominis
1748 2833 1794 2876 et
1840 2823 2138 2893 dignitatis,
2185 2822 2276 2890 qui

701 2935 839 2971 anno
880 2919 1089 2975 circiter
1123 2916 1261 2971 1450
1315 2918 1368 2970 in
1416 2917 1640 2985 imperio
1683 2914 1946 2984 Orientali
1992 2912 2274 2967 sub'Con-

698 3012 931 3065 stnntina
988 3010 1308 3080 Palwologo,
1358 3009 1546 3064 ultimo
1578 3009 1877 3065 ercorum
1933 3009 2273 3077 imperatore,

703 3105 1047 3175 dignitatibus
1071 3106 1148 3157 his
1178 3104 1574 3173 fungebantur:
1623 3111 1679 3155 nt
1713 3110 1917 3155 constat
1967 3116 2031 3154 ea;
2070 3100 2276 3154 Joanne

705 3198 874 3256 Daca,
906 3197 1055 3264 cujus
1083 3196 1360 3249 historiam
1387 3196 1440 3247 in
1475 3196 1715 3247 manibus
1744 3192 1991 3246 habemus
2015 3207 2034 3245 .'
2066 3191 2157 3260 qui
2178 3189 2279 3243 Mi-

2382 2022 2471 2061 sus
2494 2007 2748 2076 ingentia,
2786 2022 3002 2076 qumque
3044 2009 3158 2060 sine
3208 2007 3362 2060 (ardia
3414 2006 3614 2077 perlegi
3669 2017 3951 2075 nequeunt,

2382 2099 2602 2168 posteris
2627 2097 3081 2169 reliquere.Hujus
3108 2100 3295 2168 operis
3328 2098 3522 2153 titulus
3565 2100 3619 2151 in
3671 2098 3953 2152 codicibus

2382 2190 2732 2249 Vallicellano
2796 2202 2849 2246 et
2906 2190 3405 2246 Fontisebraldensi
3458 2189 3532 2244 ita
3586 2190 3793 2244 habet:
3843 2190 3951 2241 T03

2379 2282 2716 2349 λογιωτάτου
2764 2285 2857 2335 καὶ
2902 2282 3330 2351 μακαριωτάτου
3376 2280 3554 2351 κυροῢ
3604 2280 3821 2351 Μιχαὴλ
3851 2280 3950 2334 τοῦ

2379 2375 2561 2428 Γλυκᾶ
2607 2375 2859 2446 χρονικδν
2909 2375 3017 2426 ἀπὸ
3070 2374 3303 2437 κτίσεως
3352 2373 3564 2443 κόσμου
3606 2371 3952 2438 συνοπτικδν,

2378 2462 2576 2529 διεξιὸν
2608 2463 2733 2515 κατ’
2764 2462 3034 2531 ἐπιτομὴν
3058 2462 3186 2533 περι
3209 2479 3269 2515 τι
3315 2460 3407 2515 τοῦ
3456 2460 3687 2531 οὐρανοῦ
3716 2462 3813 2515 καὶ
3852 2462 3953 2531 τῆς

2379 2557 2508 2625 γῆς,
2548 2556 2677 2624 περῖ
2698 2572 2757 2607 τε
2789 2554 2885 2607 τοῦ
2926 2554 3105 2622 φωτὸς
3150 2554 3339 2619 αὑτοῦ,
3378 2554 3476 2607 καὶ
3511 2556 3731 2609 πάντων
3764 2554 3953 2615 ἁπλῶς

2379 2650 2488 2703 τῶν
2519 2649 2621 2702 ὑπὸ
2651 2649 2789 2701 Θεοῦ
2822 2648 3343 2717 δημιουργηθέντων
3391 2650 3448 2700 ἐν
3480 2648 3718 2718 ἡμέραις
3753 2646 3825 2711 ς’·
3863 2664 3954 2698 πε·-

2383 2744 2436 2809 ρε
2459 2758 2518 2794 τε
2546 2741 2651 2809 τῆς
2680 2739 2934 2803 πλάσεως
2961 2738 3056 2792 τοῦ
3087 2740 3282 2809 mea,
3307 2740 3403 2793 καὶ
3427 2740 3535 2793 τῶν
3562 2739 3768 2791 λοιπῶν
3791 2738 3950 2790 καθε-

2382 2832 2497 2899 ξῆς.
2559 2831 2982 2900 Eloquentissimi
3018 2840 3067 2883 et
3128 2830 3419 2883 beatissimi
3451 2829 3632 2882 damni
3681 2827 3953 2881 Michaelis

2381 2920 2563 2992 Glyco:
2620 2921 2914 2975 Chronicon
2965 2920 3415 2989 compendiariam
3446 2919 3512 2972 ab
3550 2917 3674 2971 orbe
3719 2918 3950 2975 condito.

2380 3016 2604 3069 breviter
2619 3029 2926 3081 percurrens
2953 3028 3035 3076 ea,
3057 3026 3174 3080 qua:
3201 3012 3424 3064 attinent
3446 3011 3627 3063 caelum
3660 3018 3707 3062 et
3732 3016 3953 3076 terram,

2381 3104 2651 3175 lucemque
2684 3104 2821 3168 eius,
2857 3112 2907 3157 et
2942 3103 3141 3164 omnia,
3173 3110 3230 3154 ut
3255 3115 3358 3154 uno
3388 3100 3539 3155 verba
3568 3100 3760 3160 dicam,
3789 3116 3821 3151 a
3847 3097 3956 3150 Deo

2382 3213 2472 3251 sea:
2493 3197 2671 3251 diebus
2699 3196 3016 3266 fabrefacta,
3047 3194 3341 3264 Adamique
3364 3192 3649 3259 ﬁctionem,
3670 3200 3718 3244 et
3739 3201 3952 3251 eretria,

705 3290 898 3341 rhaelis
923 3288 1100 3358 Glyca:
1131 3288 1418 3357 σύγχρονςι
1440 3304 1554 3341 cum
1586 3286 1804 3355 fuerint,
1838 3286 1908 3337 ad
1947 3285 2062 3338 illos
2083 3284 2279 3351 episto-
2302 3265 2347 3329 Ο
2381 3305 2497 3359 qua;
2522 3290 2763 3357 deinceps
2796 3265 3144 3358 contigerunt,

706 3381 784 3433 lus
821 3381 1024 3434 dedisse
1057 3379 1189 3433 nihil
1245 3382 1436 3432 mirum
1473 3379 1754 3431 videbitur.
1797 3379 1973 3446 Atque
2028 3378 2097 3429 ita
2155 3374 2277 3445 qui-

704 3474 828 3527 dem
875 3473 984 3527 ille.
1050 3472 1137 3536 Et,
1175 3480 1234 3525 ut
1259 3472 1489 3533 videtur,
1523 3468 1764 3525 Joannes
1792 3470 1983 3529 Ducas.
2021 3469 2110 3523 ille
2132 3468 2278 3523 idem

704 3576 812 3629 est,
850 3565 942 3633 qui
972 3563 1193 3633 scripsit
1233 3562 1530 3618 llistoriam
1580 3562 2274 3631 ConstantinOpolitanam,

704 3656 927 3724 quando
954 3652 1461 3723 Constantinopolis
1494 3671 1523 3706 a
1548 3652 1859 3705 Mahumete
1895 3651 1938 3704 ll
1973 3650 2277 3704 Turcarum

708 3748 1038 3817 imperatore
1069 3742 1379 3816 expugnata
1414 3754 1518 3805 est.
1566 3758 1738 3813 eaque
1784 3742 1890 3796 illis
1916 3740 2131 3809 imperii
2157 3753 2279 3794 esse

706 3840 866 3893 sedes
906 3838 1092 3908 coepit,
1123 3836 1272 3907 quod
1315 3836 1418 3891 fuit
1470 3851 1617 3890 anno
1656 3835 1870 3905 llegira:
1909 3833 2034 3897 857,
2071 3830 2277 3888 Christi

705 3944 887 3988 autem
915 3932 1071 3996 MSS,
1105 3946 1215 4002 quo
1253 3930 1469 3985 vivebat
1502 3930 1591 3984 ille
1624 3928 1799 3983 Ducis
1829 3943 1894 3982 ex
1930 3927 2131 3995 inclyta
2166 3924 2279 3978 Du-

705 4040 897 4081 carum
928 4024 1136 4079 familia
1170 4022 1463 4083 oriundus.
1510 4021 1608 4076 llic
1655 4021 1724 4076 de
1757 4020 1924 4092 gestis
1974 4017 2277 4072 Turcarum

703 4118 967 4171 adversus
990 4115 1227 4180 Graecos,
1258 4125 1314 4169 et
1337 4112 1814 4182 Constantinopoli
1840 4111 2089 4174 subacta,
2124 4124 2280 4164 com-

707 4208 1011 4264 mentarius
1039 4216 1223 4266 exstat
1284 4222 1390 4261 ms.
1444 4194 1633 4262 Crmce
1667 4205 1720 4259 in
1754 4202 2088 4257 Bibliotheca
2118 4201 2280 4256 Chri-

701 4300 1026 4359 atiauissimi
1054 4300 1391 4371 Francorum
1425 4298 1589 4369 regis,
1618 4311 1780 4366 quem
1811 4310 1914 4349 una
1947 4310 2070 4351 cum
2109 4293 2276 4349 inter-

704 4394 1012 4466 pretatione
1058 4407 1156 4447 sua
1201 4391 1390 4446 Latina
1424 4391 1549 4445 lsm.
1584 4388 1882 4444 Bullialdus
1935 4389 1988 4443 in
2048 4400 2279 4455 corpore

706 4486 1018 4556 Byzantina:
1053 4485 1300 4540 historiae
1334 4481 1612 4538 edendum
1662 4480 1916 4541 curavit,
1965 4488 2022 4533 et
2068 4478 2137 4534 de
2171 4492 2280 4549 quo

2452 3380 2657 3435 Praeter
2691 3379 2924 3433 Annales
2953 3377 3174 3447 scripsit
3222 3376 3415 3448 Glycas
3446 3377 3722 3447 Epistolas
3778 3375 3953 3444 pluri-

2384 3490 2522 3539 mas,
2562 3475 2934 3540 interrogatus
2966 3487 2996 3526 a
3026 3471 3257 3525 diversis
3296 3486 3461 3539 super
3505 3470 3672 3523 variis
3701 3468 3959 3537 quastio-

2384 3568 2546 3622 nibus
2584 3566 2924 3637 theologicis,
2954 3563 3246 3633 dubiisque
3261 3566 3325 3617 ad
3366 3562 3670 3617 caelestium
3705 3559 3958 3627 Scriptu-

2383 3674 2568 3715 rarum
2650 3658 3056 3713 enarrationem
3133 3655 3507 3719 resolvendis;
3582 3668 3720 3723 quas
3796 3651 3956 3706 solita

2381 3752 2601 3806 dicendi
2627 3750 2887 3805 facilitate
2944 3758 3000 3804 et
3021 3748 3322 3820 multiiugis
3342 3747 3668 3802 eruditionis
3699 3744 3955 3810 illecebra

2383 3852 2437 3897 et
2487 3842 2803 3896 amoenitate
2836 3841 3180 3910 conscripsit.
3216 3841 3348 3906 Quae
3376 3840 3599 3910 quidem
3641 3853 3828 3899 earum
3862 3853 3959 3893 cx-

2383 3944 2545 3999 stant,
2572 3934 2714 4005 quod
2741 3935 2933 3999 sciam,
2959 3934 3027 3989 56
3055 3948 3344 3988 numerum
3370 3932 3609 4001 explent.
3636 3930 3959 3984 Lambecius

2384 4036 2564 4081 tamen
2626 4028 2681 4079 in
2732 4026 2921 4080 codice
2978 4026 3215 4095 tbeolog.
3273 4024 3419 4088 9.33,
3472 4023 3566 4077 lib.
3622 4039 3655 4075 v
3713 4022 3957 4080 Comm.

2382 4118 2637 4171 observat
2668 4120 2721 4170 in
2755 4117 2857 4171 hoc
2886 4117 3079 4172 codice
3099 4116 3258 4169 aliter
3282 4114 3554 4184 Epistolas
3574 4112 3752 4178 Clyca:
3772 4112 3954 4180 diSpo-

2386 4210 2463 4274 ni,
2500 4218 2611 4263 tam
2647 4223 2899 4271 numero,
2935 4222 3097 4277 quam
3134 4207 3348 4270 ordine,
3402 4205 3543 4259 adeo
3581 4213 3640 4257 ut
3691 4218 3779 4267 ea,
3834 4219 3958 4271 qum

2384 4303 2439 4358 in
2472 4302 2592 4356 aliis
2640 4302 2919 4358 codicibus
2958 4310 3043 4355 est
3074 4300 3163 4363 55,
3204 4300 3257 4352 in
3310 4298 3412 4353 hoc
3456 4296 3643 4351 codice
3699 4297 3772 4350 sit
3797 4295 3867 4351 64
3903 4305 3961 4349 et

2386 4392 2596 4459 ultima,
2643 4389 2736 4444 Ha:
2770 4406 2963 4446 ouines
3002 4391 3146 4445 enim
3183 4393 3428 4460 quinque
3492 4390 3780 4444 codicibus
3819 4405 3956 4443 mss.

2385 4483 2735 4539 Bibliotheca
2753 4482 3016 4546 Caesarem
3029 4482 3402 4548 continentur,
3422 4491 3479 4536 ut
3510 4482 3651 4550 apud
3676 4479 3960 4535 Pet.l.am-

703 4578 832 4646 Ger.
864 4575 949 4631 .lu.
979 4576 1225 4640 Vossius.
1253 4576 1347 4631 lib.
1377 4592 1430 4630 tv
1479 4574 1551 4627 De
1581 4572 1782 4633 llis-tor.
1821 4569 2015 4635 (Ii-tta,
2039 4584 2161 4638 cap.
2190 4567 2274 4623 l9.

2385 4576 2600 4631 becium
2634 4576 2867 4631 codicib.
2899 4575 3161 4645 Theolog.
3193 4575 3317 4638 l59,
3346 4574 3470 4640 160,
3494 4574 3624 4635 232.
3648 4574 3756 4638 955
3778 4585 3835 4628 et
3855 4574 3963 4627 555

706 4672 933 4737 Exstant
966 4670 1114 4724 inter
1147 4668 1426 4739 Epistolas
1476 4664 1757 4720 Michaelis
1799 4664 1978 4732 Clycu:
2034 4662 2280 4732 cpistola:

700 4768 821 4835 dua:
854 4764 917 4815 ad
956 4765 1101 4817 hunc
1136 4761 1403 4817 Joannem
1436 4760 1660 4823 Ducam,
1686 4773 1885 4827 nempe
1905 4757 1967 4811 2|
2004 4767 2060 4810 et
2091 4756 2180 4809 5‘2.
2208 4756 2281 4810 De

704 4858 911 4935 iuanne
935 4864 1118 4910 autem
1148 4854 1291 4913 Duca
1316 4852 1471 4925 plura
1504 4850 1739 4907 ridenda
1774 4850 1917 4920 apud
1951 4851 2078 4904 (Ias.
2111 4846 2283 4903 Oudi-

700 4964 832 5021 nnm
870 4948 935 5002 ad
968 4961 1169 5001 annum
1202 4946 1360 5010 1460,
1390 4954 1446 4999 et
1483 4943 1536 4997 in
1572 4942 1658 4999 Jo.
1697 4942 1930 4995 Zonara.

768 5044 969 5109 Opera,
1007 5054 1128 5109 quae
1164 5036 1361 5109 Clycas
1392 5035 1639 5107 scripsit,
1673 5043 1805 5093 sunt
1839 5036 1891 5094 in
1924 5033 2118 5103 primis
2166 5032 2281 5087 An-

701 5138 873 5205 nales,
914 5133 1376 5205 patriarcharum,
1429 5116 1619 5202 regum
1659 5140 1826 5201 atque
1882 5132 2280 5200 imperatorum

701 5250 789 5292 tes
815 5242 1013 5304 gestas,
1048 5231 1449 5301 historiamque
1484 5244 1705 5284 onmem
1740 5226 2047 5290 Judaicam,
2076 5224 2281 5285 Roma-

703 5338 829 5387 nam
880 5339 944 5378 ac
978 5321 1667 5391 ConstantinOpolitanam,
1716 5318 1793 5374 ita
1828 5317 2279 5387 complectentes,

708 5429 765 5475 ω
808 5416 1001 5471 eodem
1056 5423 1318 5471 contextu
1364 5424 1751 5470 controversas
1812 5411 1953 5465 inter
2000 5408 2284 5478 theologos

707 5508 1173 5583 philusophosque
1226 5508 1560 5577 qurestiones
1585 5505 1896 5577 agitaverit,
1930 5520 1993 5558 ae
2027 5505 2093 5558 de
2122 5503 2283 5557 rebus

709 5604 991 5667 munibus,
1030 5618 1152 5671 qua:
1182 5602 1237 5655 in
1279 5601 1440 5667 coelo,
1474 5616 1622 5665 aere,
1669 5610 1812 5654 terra
1846 5615 1910 5654 ac
1952 5598 2088 5652 mari
2126 5598 2281 5659 fiunt,

703 5697 771 5754 de
800 5696 1016 5760 avibus,
1044 5694 1305 5763 piscibus,
1332 5694 1680 5755 animalibus,
1717 5694 1963 5757 homine,
1991 5700 2154 5760 atque
2185 5706 2282 5743 an-

708 5785 861 5851 gelis,
880 5785 1228 5849 disseruerit,
1247 5793 1468 5838 secutus
1487 5794 1731 5837 veterum
1753 5783 1971 5836 Patrum
1989 5779 2216 5836 Eustath
2245 5780 2279 5841 i,

709 5879 907 5935 Basilii.
981 5878 1233 5951 Nysseni,
1288 5878 1688 5949 Chrysestomi,
1758 5877 2002 5943 Sinailar,
2065 5874 2279 5944 Pisidae,

2384 4665 2573 4721 videre
2615 4674 2721 4720 ost.
2753 4662 2933 4735 Glycaa
2973 4664 3191 4733 quidem
3220 4662 3477 4734 Epistolas
3506 4676 3704 4732 magno
3750 4661 3802 4713 in
3837 4676 3964 4730 pre-

2387 4756 2461 4811 tio
2498 4756 2696 4810 habitae
2735 4765 2867 4810 sunt
2923 4771 2951 4809 a
2988 4755 3120 4808 viris
3155 4754 3351 4818 doctis,
3390 4763 3446 4819 et
3498 4753 3741 4823 plerique
3793 4754 3961 4808 etiam

2384 4849 2588 4921 publici
2615 4849 2757 4919 juris
2787 4848 2966 4904 facere
2996 4848 3179 4902 conati
3230 4855 3396 4915 sunt;
3449 4846 3545 4905 sed
3596 4845 3680 4899 vel
3731 4845 3963 4915 integris

2384 4942 2665 4997 codicibus
2692 4941 2956 5006 destituti,
2988 4939 3076 4994 vel
3109 4950 3283 4994 morte
3315 4938 3600 5007 praeventi,
3638 4937 3721 4990 vel
3753 4936 3859 4990 alia
3893 4937 3964 4990 de

2384 5051 2549 5094 causa
2581 5035 2847 5105 impediti,
2888 5035 2941 5088 id
2974 5043 3232 5104 prrcstare
3263 5049 3371 5086 non
3415 5040 3728 5101 potuerunt.
3762 5030 3962 5098 Earum

2384 5129 2608 5198 quidem
2632 5129 2877 5184 codicem
2907 5126 3105 5197 Georg.
3155 5126 3334 5180 Dousa
3363 5122 3843 5192 Constantinopoli
3879 5132 3963 5175 at-

2386 5219 2605 5285 tulerat,
2637 5218 2729 5274 sed
2773 5217 2978 5273 recenti
3011 5224 3067 5272 et
3128 5231 3318 5286 parum
3374 5214 3479 5268 tida
3527 5229 3716 5275 manu,
3749 5222 3808 5266 ut
3846 5212 3963 5280 ipse

2386 5322 2640 5377 testatur,
2677 5313 3027 5381 exscriptum,
3093 5312 3203 5364 imo
3252 5319 3309 5363 et
3354 5306 3603 5361 nmtilum
3658 5304 3960 5371 interdum,

2386 5419 2444 5462 ut
2476 5421 2543 5461 es
2573 5404 2804 5475 cpistola
2839 5404 2927 5467 13,
2960 5416 3123 5474 quam
3172 5416 3235 5456 ex
3266 5415 3332 5455 eo
3362 5400 3550 5454 codice
3590 5386 3731 5451 Bon.
3761 5396 3961 5450 Vulca-

2386 5502 2513 5554 nius
2546 5498 2736 5564 edidit,
2768 5505 2936 5559 patet.
2966 5495 3100 5550 Nam
3127 5492 3262 5547 Bon.
3300 5491 3616 5555 Vulcanius,
3655 5505 3780 5545 cum
3820 5490 3960 5542 Dou-

2388 5609 2461 5648 επ
2488 5592 2731 5647 codicem
2765 5601 2955 5645 nactus
2982 5596 3153 5652 esset,
3188 5595 3300 5641 tres
3326 5600 3390 5640 ex
3428 5585 3539 5638 illis
3568 5582 3819 5653 epistolis
3846 5581 3964 5635 edi-

2386 5686 2469 5742 dit
2501 5700 2608 5741 una
2633 5699 2758 5739 cum
2786 5698 2885 5738 sua
2910 5680 3103 5736 Latina
3146 5678 3605 5750 interpretatione
3636 5677 3688 5730 in
3710 5674 3865 5730 Notis
3895 5673 3963 5727 ad

2388 5779 2444 5835 S.
2466 5778 2749 5850 Cyrillum,
2772 5777 2967 5829 (.‘ontra
2987 5772 3567 5844 Anthmpomorphitas.
3591 5784 3713 5825 cum
3740 5766 3963 5821 interim

2388 5872 2631 5932 Omnium
2658 5872 2849 5927 harum
2875 5868 3239 5939 Epistolarum
3263 5866 3559 5923 editionem
3584 5862 3963 5923 meditaretur,
