4214 6442
1539 434 1880 495 JOANNES
1924 434 2232 494 LAMIUS.
3431 437 3514 474 xiv

287 563 346 610 nt
381 557 432 608 in
463 553 700 606 laudatis
729 551 872 605 notis
898 550 1146 604 allirtnat.
1183 549 1315 605 Tres
1350 559 1527 602 autem
1563 547 1840 616 Epistolae,
1878 549 1921 604 A
1952 556 2004 600 et
2055 548 2278 614 integra:
2307 545 2676 614 perh-gentur.
2724 541 2958 610 Denique
2990 539 3304 606 fragtnentis
3333 553 3517 591 carum

285 663 422 714 quas
470 645 612 716 typis
657 643 932 698 mandavit
970 642 1281 704 Vulcanius,
1334 641 1526 693 ordine
1572 648 1700 692 sunt
1761 639 1844 700 il),

291 737 374 798 l5,
409 735 497 788 '52.
532 733 646 787 Jac.
684 747 897 802 quoque
945 732 1223 786 Pontanus
1254 730 1389 783 duas
1421 745 1485 782 ex
1524 729 1670 781 hisce
1707 728 1850 780 litte-

288 829 388 888 ris,
420 841 556 896 quas
585 825 652 878 ab
678 824 891 878 Andrea
927 824 1155 877 Schorto
1192 821 1477 881 habuerat,
1514 819 1702 873 Latinc
1733 835 1759 872 a
1793 834 1849 872 se

287 930 578 969 conversas
601 914 945 968 excudendas
963 911 1194 975 curavit,
1215 926 1334 979 quae
1359 910 1520 964 hodie
1536 909 1589 963 in
1613 908 1851 962 Maxima

294 1002 516 1056 Patrum
559 1002 897 1067 Bibliotheca,
926 1011 981 1054 et
1011 1001 1062 1053 in
1097 998 1385 1053 Annalium
1413 998 1587 1067 Glycw
1612 997 1854 1051 editione

292 1083 584 1149 Parisiensi
619 1110 645 1146 a
703 1092 954 1161 Philippo
989 1089 1204 1146 Labbeo
1240 1090 1498 1144 adornata
1544 1089 1849 1144 habentur:

290 1186 386 1241 sed
417 1200 516 1238 nec
553 1193 760 1240 textum
794 1183 1042 1238 Grrecutn
1089 1182 1379 1251 apposuit,
1410 1189 1466 1236 et
1505 1181 1730 1234 alterius
1764 1179 1852 1233 vix

288 1275 508 1329 dimidia
539 1291 662 1344 pars
695 1286 799 1339 est,
831 1276 992 1344 quam
1022 1273 1211 1338 edidit,
1241 1274 1376 1348 adeq
1402 1287 1654 1326 mancum
1685 1281 1738 1325 et
1764 1271 1854 1325 dc-

292 1376 604 1420 trunt-atum
650 1366 814 1420 fuisse
847 1375 1063 1436 oportet
1115 1365 1380 1429 codicem,
1414 1380 1523 1432 quo
1568 1379 1697 1419 usus
1747 1374 1851 1418 est.

290 1441 534 1512 Tandem
568 1457 680 1511 Leo
712 1457 938 1512 Allalius
979 1457 1051 1511 De
1078 1457 1341 1512 Consensu
1371 1457 1644 1525 utriusque
1677 1454 1858 1508 Eccle-

289 1553 400 1612 εἰη»,
426 1557 606 1601 contra
636 1549 1034 1618 Creigthoncm;
1061 1548 1134 1601 De
1159 1548 1306 1601 libris
1332 1547 1689 1601 ecclesiasticis
1709 1546 1857 1601 Grat-

289 1659 425 1705 cor.;
459 1641 545 1693 lib.
574 1643 637 1693 de
673 1641 958 1711 Purgator.
986 1650 1041 1694 et
1076 1641 1162 1693 lib.
1188 1641 1438 1693 adversus
1465 1640 1853 1709 Hottingerum,

291 1731 454 1786 hasce
485 1733 742 1801 epistolas
769 1747 912 1801 saepe
934 1733 1134 1796 laudat,
1166 1740 1223 1786 et
1245 1733 1544 1802 fragmenta
1595 1730 1853 1800 plurima,

289 1838 388 1874 nec
410 1821 808 1876 contemnenda
840 1822 1079 1891 quidem,
1123 1836 1310 1876 earum
1347 1820 1605 1884 adducit;
1660 1822 1768 1877 imo
1796 1823 1851 1876 in

287 1913 614 1982 quibusdam
652 1914 780 1968 locis
804 1913 1092 1968 nonnullas
1117 1913 1280 1968 etiam
1300 1913 1540 1982 integras
1567 1913 1850 1970 describit.

360 2004 468 2056 t\'os
501 2003 663 2071 igitur
721 2004 919 2057 horum
975 2004 1213 2059 virorum
1278 2005 1853 2073 praestantissimorum

287 2094 630 2161 propositum
663 2092 936 2148 laudabile
965 2095 1160 2159 secuti,
1194 2094 1488 2149 nonnullas
1515 2093 1695 2165 Glycze
1726 2090 1854 2164 Epi-

287 2184 454 2238 stolas
482 2185 534 2238 in
565 2185 740 2238 lucem
773 2186 937 2240 edere
964 2187 1207 2240 animum
1256 2187 1589 2252 induxitnus,
1631 2196 1854 2241 nostra:-

286 2291 394 2345 que
444 2276 746 2330 ἁνεκδῦτων
802 2277 1143 2333 collectionis
1188 2279 1338 2333 velut
1387 2279 1442 2332 in
1501 2279 1620 2348 ipsa
1677 2277 1857 2334 fronte

287 2369 658 2431 constituere;
694 2385 815 2424 cum
842 2371 913 2424 ob
946 2380 1326 2441 argumentum
1359 2370 1541 2428 nobile
1574 2379 1628 2426 et
1679 2371 1859 2427 excel-

288 2461 427 2525 lens,
481 2471 668 2530 utpote
708 2462 1114 2534 theologicum,
1171 2470 1282 2517 tum
1333 2463 1389 2518 in
1428 2469 1856 2519 memoratorum

288 2557 620 2624 Scriptorum
686 2557 860 2611 laudis
917 2566 970 2613 et
1019 2558 1390 2614 venerationis
1451 2570 1854 2630 argumentum.

262 2649 422 2702 lium
477 2650 621 2703 enim
669 2649 723 2703 in
773 2664 877 2706 ms.
935 2650 1280 2705 bibliothecae
1327 2651 1718 2719 Riccardianae,
1769 2654 1857 2708 cui

287 2752 549 2808 praesum,
569 2740 812 2796 codicem
834 2741 1028 2811 quinto
1047 2741 1258 2796 decimo
1277 2743 1518 2813 quidem,
1549 2753 1608 2798 ut
1623 2745 1856 2812 videtur,

285 2831 510 2897 saeculo,
557 2833 653 2887 sed
703 2833 920 2904 egregie
969 2841 1272 2903 exacteque
1324 2835 1661 2907 descriptum
1720 2838 1859 2892 inci-

286 2923 516 2989 dissem,
572 2939 683 2990 quo
743 2927 934 2980 harum
992 2926 1364 2996 Epistolarum
1413 2930 1855 2999 .quatuordecim

225 3081 232 3085 _
286 3015 660 3082 continentur,
688 3017 788 3075 bas
813 3019 1004 3074 saltem
1033 3019 1249 3090 publico
1302 3037 1411 3077 non
1465 3023 1710 3080 invidere
1745 3041 1860 3081 me-

287 3123 413 3162 cum
455 3109 570 3177 ipse
599 3107 923 3177 deliberavi,
954 3112 1198 3182 adeoque
1228 3112 1490 3185 exscripsi
1541 3131 1662 3173 mea
1692 3133 1858 3174 manu

1954 648 2008 692 et
2042 638 2214 692 titulis
2278 637 2407 691 illud
2439 637 2562 689 novi
2600 635 2791 690 saltem
2820 634 3064 698 accedet,
3097 634 3387 700 quodcum
3423 632 3520 682 litt-

1957 731 2065 784 tina
2101 729 2555 798 interpretatione
2590 727 2911 795 prodibunt.
2956 724 3105 778 Adde
3141 723 3285 792 quod
3318 738 3518 790 oppor-

1957 833 2086 876 tuna
2126 822 2327 876 scholia
2377 821 2668 874 identidem
2701 818 3075 885 ascripsimus,
3107 825 3160 868 et
3193 813 3516 883 perpetuum

1955 929 2123 983 prope
2148 912 2600 969 commentarium
2645 911 3001 964 attexuitnns.
3044 909 3098 961 ld
3129 909 3278 975 quod
3316 907 3515 958 nurum

1955 1007 2145 1062 saltem
2165 1007 2270 1062 erit
2291 1008 2346 1060 in
2381 1008 2449 1060 iis
2479 1022 2613 1076 quas
2643 1007 2753 1060 Leo
2780 1004 3006 1057 Allatius
3035 1002 3239 1063 edidit;
3275 1017 3396 1052 natu
3429 1016 3519 1050 cas

1955 1107 2008 1152 et
2033 1099 2218 1154 Grazce
2242 1109 2297 1153 et
2327 1095 2537 1164 Latine,
2569 1107 2622 1151 ct
2651 1096 3119 1162 castigatissimas,
3150 1108 3270 1161 qua:
3298 1093 3399 1144 fuit
3423 1091 3518 1142 viri

1955 1190 2236 1258 diligentia
2297 1199 2352 1244 et
2399 1189 2653 1256 eruditio,
2690 1187 2983 1258 evolgavit.
3021 1184 3134 1240 Non
3167 1187 3308 1253 quod
3349 1184 3516 1235 nostri

1955 1283 2221 1353 propositi
2280 1299 2406 1352 pars
2451 1281 2540 1348 sit,
2587 1281 2724 1335 adeo
2772 1279 3072 1348 ircqtteutia
3131 1286 3186 1331 et
3232 1275 3522 1345 prolixiora

1955 1377 2116 1432 etiam
2150 1376 2355 1432 scholia
2407 1376 2472 1430 ad
2502 1391 2564 1430 ea
2601 1389 2787 1443 Opera,
2819 1387 2942 1440 qua:
2987 1372 3039 1424 in
3073 1371 3392 1424 collectione
3429 1384 3524 1419 tto-

1956 1479 2066 1525 stra
2102 1470 2303 1539 publici
2335 1469 2475 1538 juris
2509 1467 2701 1521 facturi
2745 1481 2954 1526 sumus,
2989 1462 3368 1523 commentari,
3430 1459 3523 1512 scd

1957 1560 2012 1614 in
2049 1560 2289 1614 editione
2321 1560 2512 1612 harum
2541 1557 2903 1626 Epistolarum
2931 1555 2980 1607 id
3010 1551 3379 1608 necessarium
3403 1566 3524 1602 esse

1957 1651 2257 1704 arbitratus
2285 1665 2428 1704 sum.
2463 1649 2600 1704 Cum
2632 1649 2777 1702 enim
2807 1647 3000 1716 Glycas
3034 1655 3226 1700 noster
3256 1644 3526 1710 sequiori-

1959 1742 2061 1797 bus
2091 1741 2303 1796 saeculis
2342 1740 2556 1801 vixerit,
2600 1749 2655 1793 et
2682 1741 2900 1809 quando
2928 1737 3096 1791 Graeci
3134 1737 3383 1789 homines
3409 1735 3524 1787 sine

1957 1835 2116 1903 nugis
2176 1844 2230 1888 et
2276 1834 2494 1903 ineptiis
2555 1834 2645 1887 vix
2679 1832 2976 1899 quidquam
3007 1830 3246 1885 scribere
3291 1828 3527 1896 aggressi

1961 1935 2106 1991 sunt,
2143 1927 2264 1994 ejus
2300 1925 2615 1995 opinionum
2677 1923 2951 1978 licentiam
3011 1931 3066 1976 et
3119 1921 3180 1974 τὸ
3207 1920 3529 1989 ςπαράδοξον

1959 2032 2311 2088 compescere
2362 2016 2633 2071 interdum
2692 2015 2956 2085 oportuit,
3006 2029 3068 2069 ac
3125 2014 3290 2068 certis
3359 2013 3530 2065 frenis

1961 2126 2238 2175 coercere,
2270 2109 2646 2179 theologorum
2704 2109 2900 2163 melius
2950 2108 3359 2178 sapientiusque
3408 2109 3526 2174 epi-

1962 2203 2212 2257 nantium
2267 2201 2514 2256 consulta
2572 2215 2602 2254 e
2663 2201 2911 2271 regione,
2971 2209 3030 2253 ut
3067 2201 3140 2253 ita
3174 2198 3374 2259 dicam,
3419 2207 3533 2249 sta-

1964 2293 2187 2356 tuendo,
2221 2302 2480 2363 tanquam
2510 2292 2774 2346 adversus
2806 2307 2929 2345 cum
2959 2291 3128 2346 aciem
3171 2287 3529 2342 instructissi-

1964 2401 2130 2452 mam,
2187 2393 2350 2454 atque
2403 2384 2478 2438 ita
2537 2383 2836 2453 legentium
2894 2392 3058 2437 recta:
3127 2382 3414 2435 sententiae
3479 2390 3531 2432 et

1964 2469 2243 2525 securitati
2300 2468 2607 2524 consulere.
2650 2465 2770 2520 Non
2821 2467 2968 2521 enim
3028 2482 3247 2534 semper
3297 2467 3531 2533 optimas

1964 2571 2219 2634 ratasque
2245 2562 2568 2624 sententias,
2604 2569 2660 2616 et
2687 2561 3034 2630 antiquorum
3065 2560 3279 2614 Patrum
3309 2559 3532 2626 placita,

1965 2658 2196 2728 seligere
2218 2656 2591 2726 etamplexari
2621 2655 2872 2720 videtur;
2907 2655 2999 2710 sed
3033 2657 3101 2709 de
3133 2656 3278 2724 regia
3315 2655 3531 2722 opinio-

1965 2765 2096 2806 num
2129 2750 2215 2804 via
2240 2749 2314 2802 ita
2342 2748 2586 2818 quaedam
2610 2747 2676 2801 ad
2699 2746 2932 2801 divortia
2967 2746 3254 2802 deflectere
3286 2747 3532 2816 aliquan-

1966 2845 2067 2911 do,
2088 2853 2148 2898 ut
2178 2842 2339 2898 facile
2371 2841 2545 2910 possit
2573 2856 2603 2895 a
2633 2837 3045 2895 delicatioribus
3079 2839 3401 2908 quibusdam
3437 2855 3534 2891 no-

1964 2936 2148 2991 vitatis
2187 2941 2242 2990 et
2283 2932 2616 3000 αὐτομολίας
2687 2930 3017 2986 insimulari.
3073 2932 3152 2984 Ad
3207 2931 3309 2985 hoc
3366 2930 3530 2998 igitur

1964 3026 2156 3081 saltem
2208 3039 2344 3079 mea:
2394 3022 2812 3078 observationes
2864 3021 3207 3084 inservient,
3268 3030 3326 3074 ut
3387 3031 3533 3073 rut-ta

1963 3119 2142 3191 Glyctc
2167 3117 2439 3174 sententia
2469 3115 2714 3185 apertius
2742 3114 3146 3182 dilucidlusque
3175 3114 3527 3182 percipiatur,

286 3197 600 3269 diiigenter,
631 3207 688 3255 et
719 3200 774 3255 in
802 3200 1054 3258 Latinam
1086 3203 1323 3274 linguam
1351 3206 1539 3262 sedulo
1586 3223 1687 3278 pro
1713 3209 1858 3264 virili
1884 3237 1930 3301 ρ
1966 3220 2020 3268 et
2051 3227 2162 3268 non
2199 3211 2356 3267 facile
2387 3211 2765 3280 cujuscunque
2825 3207 3310 3262 criminationibus
3341 3208 3390 3257 in
3424 3207 3529 3268 liis,

286 3301 659 3360 accurateque
681 3293 947 3349 converti.
989 3294 1164 3365 Hujus
1197 3305 1379 3351 autem
1423 3313 1556 3353 meas
1601 3299 1857 3357 editionis

286 3384 566 3452 specimen
596 3384 854 3439 dederam
886 3385 941 3439 in
972 3385 1286 3456 Appendice
1320 3388 1539 3444 illorum
1567 3389 1861 3446 Commen-

287 3478 578 3542 tariorum,
639 3477 838 3546 quibus
879 3476 957 3531 De
990 3487 1133 3532 recta
1186 3479 1610 3535 Christianorum
1667 3485 1725 3537 in
1774 3501 1857 3550 eo,

286 3567 426 3634 quod
452 3567 759 3636 mysterium
791 3568 982 3623 divina
1009 3568 1284 3624 Trinitatis
1321 3573 1531 3635 attinet,
1568 3575 1854 3640 sententia,

288 3658 534 3733 titulum.
578 3659 728 3724 feci,
787 3669 1212 3716 memoratarum
1270 3661 1638 3734 Epistolarum
1698 3669 1857 3724 tertia

285 3745 472 3806 Graece
498 3766 564 3805 ac
591 3751 784 3807 Latine
813 3753 1015 3822 publici
1041 3753 1180 3822 juris
1210 3754 1386 3811 facta:
1416 3757 1601 3829 ibique
1627 3759 1739 3828 jam
1770 3776 1857 3817 me

286 3843 418 3896 olim
455 3844 683 3898 caeteras
715 3859 934 3914 quoque
956 3884 975 3910 ,
1024 3850 1161 3914 q'uas
1190 3846 1534 3916 habuissem,
1577 3851 1857 3906 editurum

286 3948 646 4002 receperam:
707 3948 875 4004 quare
933 3949 1082 3990 nunc
1114 3935 1274 3990 fidem
1306 3937 1500 3993 libero.
1555 3939 1701 3994 lnter
1759 3941 1856 3996 has

282 4027 505 4095 quidem
542 4041 650 4081 non
701 4041 794 4082 eas
854 4036 1063 4082 tantum
1095 4027 1394 4097 proferam,
1430 4045 1550 4100 qua;
1580 4031 1856 4085 ἀνέκδοτοι

282 4127 435 4187 sunt,
464 4120 560 4176 sed
596 4129 655 4175 ut
683 4135 822 4191 opus
848 4121 1150 4190 perlectum
1196 4132 1251 4176 et
1297 4125 1632 4189 absolutum,
1677 4127 1854 4196 quoad

282 4212 398 4267 lieri
426 4221 627 4282 potest,
664 4213 912 4278 exsistat,
964 4216 1033 4272 iis
1085 4232 1186 4273 suo
1227 4217 1344 4271 low
1375 4227 1430 4272 et
1460 4218 1598 4284 illas,
1634 4224 1753 4288 quae
1787 4218 1855 4274 ab

280 4305 409 4360 aliis
438 4305 598 4359 etlitre
632 4304 870 4372 fuerunt,
905 4307 1226 4365 interseram
1258 4325 1272 4362 :
1310 4309 1609 4380 fragmenta
1666 4311 1851 4376 etiam,

279 4397 655 4466 undecunque
730 4397 1020 4454 corradere
1072 4400 1308 4470 licuerit,
1347 4400 1600 4469 adjiciam
1629 4417 1643 4453 :
1678 4411 1732 4454 et
1761 4401 1853 4455 ubi

278 4490 408 4559 plus
433 4498 691 4558 praestare
726 4505 834 4544 non
872 4488 1110 4559 dabitur,
1144 4491 1334 4547 saltem
1385 4491 1718 4561 reliquarum
1746 4508 1851 4546 nu-

1963 3305 2016 3359 in
2054 3303 2254 3375 quibus
2311 3302 2536 3356 minime
2590 3311 2853 3364 meretur,
2894 3300 3163 3354 obnoxius
3219 3297 3434 3352 evadat.
3475 3299 3530 3350 In

1961 3396 2286 3468 quibusdam
2318 3393 2568 3449 excusari
2601 3400 2694 3447 aut
2718 3391 2935 3447 defendi
2965 3406 3074 3444 non
3109 3397 3310 3459 potest.
3343 3398 3534 3458 utpote

1961 3487 2135 3543 Graeci
2175 3485 2487 3540 schismatis
2513 3484 2698 3546 homo,
2739 3492 2793 3537 et
2829 3482 3188 3536 erraticarum
3226 3480 3370 3535 illius
3399 3498 3532 3551 gen-

1963 3577 2032 3632 tis
2063 3574 2382 3646 opinionum
2427 3574 2717 3642 aliquando
2751 3581 3147 3643 propugnator,
3185 3583 3245 3626 ut
3272 3574 3530 3626 ostende-

1964 3679 2051 3724 tur
2081 3667 2334 3723 inferius.
2391 3665 2508 3720 Non
2546 3675 2728 3721 tamen
2766 3666 2891 3721 ideo
2926 3666 3276 3735 spernendus
3338 3679 3531 3719 auctor

1961 3765 2051 3818 hic
2080 3762 2352 3827 videatur;
2394 3776 2518 3814 nam
2551 3769 2607 3814 et
2640 3775 2704 3814 ex
2753 3759 2840 3814 his
2871 3758 3139 3829 sequioris
3169 3759 3267 3813 aevi
3303 3759 3533 3827 scripto-

1961 3855 2113 3910 ribus
2137 3853 2339 3910 Graecis
2370 3867 2619 3922 magnam
2644 3852 2927 3906 catholicae
2951 3851 3208 3907 Ecclesia:
3238 3852 3532 3906 utilitatem

1959 3949 2250 4018 provenire
2277 3945 2645 4016 cognoscitur,
2673 3945 2788 4000 sive
2813 3955 2873 3999 ut
2903 3945 3130 4000 historia
3160 3945 3530 4000 ecclesiastica

1957 4040 2278 4110 locupletior
2331 4038 2681 4106 exactiorque
2735 4038 3025 4103 habeatur,
3083 4038 3200 4093 sive
3262 4048 3322 4093 ut
3358 4039 3530 4092 (ἔτευρί

1957 4133 2270 4188 schismatis
2325 4145 2542 4186 errores
2596 4130 2813 4185 facilius
2880 4129 3239 4191 refellantur,
3303 4130 3417 4183 sive
3476 4140 3534 4182 nt

1956 4231 2271 4280 nostrorum
2301 4229 2608 4293 temporum
2639 4223 2860 4278 sectarii
2893 4222 3154 4276 falsarum
3209 4223 3529 4290 opinionum

1957 4325 2339 4385 certorumque
2363 4317 2849 4370 deliramentorum
2907 4314 2985 4367 rei
3023 4313 3313 4367 manifeste
3343 4313 3527 4366 revin-

1957 4417 2150 4464 cantur
2176 4425 2189 4460 :
2216 4407 2270 4460 id
2301 4407 2445 4476 quod
2471 4415 2658 4475 aperte
2683 4405 2862 4459 elucet
2889 4417 2952 4458 ex
2979 4403 3066 4458 Jo.
3098 4403 3319 4465 Morini,
3355 4401 3528 4456 Leon.

1959 4498 2164 4562 Allatii,
2198 4498 2342 4552 Petri
2376 4497 2619 4563 Arcudii,
2648 4497 2739 4550 Fr.
2807 4494 3143 4558 Combefisii,
3193 4494 3532 4561 aliorumque

279 4579 382 4634 dos
411 4578 714 4648 titulos(l),
747 4587 807 4634 ut
833 4594 930 4634 eos
965 4579 1291 4637 Lambecius
1315 4590 1565 4636 recenset
1595 4591 1650 4636 et
1694 4582 1850 4636 exitio
1880 4561 1931 4628 Ι)

1880 4561 1931 4628 D
1956 4591 2399 4646 doctissimorum
2431 4586 2717 4643 hominum
2747 4585 3247 4647 lucubrationibus,
3278 4599 3417 4651 quos
3452 4586 3532 4636 in-

281 4669 398 4734 bet,
431 4670 486 4724 in
522 4670 758 4725 medium
813 4670 1100 4726 adducam.
1131 4672 1450 4743 Quanquam
1490 4683 1546 4728 et
1575 4689 1686 4736 cas,
1735 4689 1856 4743 quae

280 4761 423 4815 alias
449 4758 610 4814 editae
637 4759 812 4825 fuere,
862 4760 1204 4830 ἀνεκδότους,
1238 4771 1292 4816 et
1322 4777 1472 4817 nunc
1523 4763 1761 4832 primum
1792 4764 1850 4817 in

280 4852 567 4922 publicum
592 4851 812 4921 prodire
845 4853 1022 4908 visum
1055 4853 1121 4908 iri
1159 4855 1605 4924 prudentioribus
1660 4869 1854 4924 spero;

281 4959 411 4997 nam
459 4943 546 4996 vel
576 4943 880 4998 exactiores
907 4953 963 4998 et
991 4946 1421 5012 emendatiores,
1453 4944 1540 4999 vel
1595 4945 1856 5017 integrio-

280 5050 404 5100 res,
437 5036 524 5088 vel
551 5035 871 5105 primigenia
904 5050 1001 5090 sua
1026 5036 1232 5107 lingua,
1283 5043 1391 5106 qua
1453 5046 1688 5091 exarata:
1736 5037 1854 5092 fue-

279 5132 432 5188 runt,
467 5124 809 5180 emittentur.
846 5127 986 5183 Ecce
1010 5128 1157 5182 enim
1193 5125 1471 5183 Pontanus
1499 5128 1692 5183 Latine
1727 5140 1851 5182 tan-

280 5228 420 5281 tum,
455 5217 790 5289 alteramque
830 5219 1072 5274 mutilam
1118 5220 1376 5275 excudit:
1436 5218 1552 5289 ipse
1606 5220 1852 5276 Graecum

277 5318 595 5364 contextum
629 5302 920 5379 apponam,
951 5320 1007 5366 et
1036 5326 1373 5382 quaecunque
1410 5311 1626 5373 desunt
1672 5328 1735 5368 ex
1767 5328 1858 5366 co-

279 5403 402 5456 dice
459 5402 826 5459 Riccardiano
885 5403 1170 5475 supplebo.
1217 5405 1514 5462 Bonave‘nt.
1558 5405 1854 5462 Vulcanius

280 5493 469 5550 Graece
502 5495 722 5562 quidem
757 5512 821 5551 ac
877 5495 1068 5551 Latine
1100 5511 1225 5552 suas
1254 5497 1510 5568 vulgavit,
1546 5497 1642 5552 sed
1696 5503 1853 5552 men-

279 5590 416 5642 doso
475 5589 662 5644 codice
716 5601 867 5655 usus,
930 5603 1091 5642 unam
1144 5592 1307 5644 etiam
1361 5590 1634 5659 ἀκέφαλον
1693 5592 1858 5647 edere

276 5687 507 5736 coactus
534 5690 618 5736 est
644 5698 658 5736 :
723 5682 916 5736 inhac
948 5679 1190 5737 editione
1221 5691 1276 5737 et
1305 5685 1608 5738 emendatae
1637 5699 1852 5750 omnes,

881 5788 915 5802 ο

1955 4691 2038 4736 ter
2062 4680 2450 4734 memorandus
2495 4680 2770 4748 prtecipue
2819 4675 2988 4729 Nicol.
3021 4675 3335 4729 Comnenus
3391 4673 3531 4740 Pap-

1955 4770 2275 4842 padopolus,
2307 4772 2401 4839 qui
2463 4785 2605 4824 anno
2631 4768 2767 4824 1697
2815 4768 3013 4821 librum
3071 4767 3212 4835 typis
3251 4766 3532 4819 mandavit

1958 4859 2185 4928 Patavii,
2212 4863 2286 4916 ita
2332 4861 2704 4931 inscriptum:
2767 4859 3126 4913 Prwnotiones
3162 4857 3530 4926 mystagogica'

1959 4969 2021 5007 ea:
2043 4953 2170 5022 jure
2192 4955 2470 5018 canonico,
2508 4956 2614 5006 sive
2641 4940 2907 5020 Responsa
2945 4967 3055 5016 sex,
3105 4951 3158 5003 in
3193 4950 3381 5019 quibus
3422 4966 3529 5001 una

1962 5047 2273 5116 proponitur
2321 5046 2575 5100 Ecclesia:
2623 5046 2911 5113 utriusque,
2965 5041 3163 5096 Graecae
3194 5052 3241 5095 et
3295 5041 3524 5103 Latium,

1961 5137 2273 5208 suffragium
2310 5136 2372 5190 de
2402 5136 2487 5199 iis,
2540 5151 2656 5206 qua:
2715 5134 2927 5187 omnino
2986 5131 3354 5197 pra’mittenda
3406 5140 3526 5184 sunt

1960 5223 2228 5279 ordinibus
2251 5225 2440 5289 sacris,
2473 5233 2632 5294 atque
2661 5225 2823 5278 obiter
2844 5231 2891 5276 et
2920 5221 3126 5276 ercia
3158 5222 3404 5274 adversus
3439 5240 3528 5274 ca-

1958 5299 2300 5372 lumniatores
2353 5316 2672 5387 defenditur,
2707 5328 2755 5369 et
2806 5315 3085 5385 praecipuis
3141 5312 3527 5367 Photianorum

1955 5407 2170 5477 ineptire
2191 5407 2523 5479 refelluntur.
2555 5408 2632 5462 lbi
2666 5408 2934 5464 innumeri
2971 5409 3271 5477 scriptores
3330 5406 3527 5470 Graeci,

1955 5498 2309 5569 proximioris
2335 5501 2641 5570 praesertim
2673 5501 2872 5566 aetatis,
2909 5501 2963 5555 in
2993 5501 3234 5555 medium
3273 5499 3528 5565 Ialierun-

1956 5603 2065 5656 tur,
2094 5592 2187 5663 qui
2216 5593 2450 5648 maxima
2479 5609 2607 5663 pars
2637 5593 2806 5663 ignoti
2834 5594 2992 5649 nobis
3024 5601 3202 5658 erant,
3235 5601 3298 5647 ut
3337 5591 3531 5646 scribit

1955 5686 2444 5755 praestantissimus
2473 5685 2901 5742 Monsfalconius
2935 5683 3228 5740 DiarJtal.
3261 5699 3384 5753 cap.
3436 5684 3528 5737 28.

342 5859 414 5917 tl)
442 5859 504 5910 Et
537 5861 629 5910 hoc
654 5859 800 5912 etiam
848 5874 940 5911 non
985 5863 1233 5923 praestitit.
1285 5862 1415 5923 quod
1465 5864 1570 5924 ejus
1597 5863 1704 5914 loco
1729 5863 1953 5915 fecimus.
1983 5865 2118 5915 Eon.
