4214 6442
680 436 741 472 »εν
1888 430 1985 488 DE
2029 425 2420 487 MlCllAELE
2460 426 2697 485 GLYC.\

3818 436 3908 476 ινι

743 542 1011 596 (Steterunt
1035 556 1179 597 nunc
1201 544 1535 599 monendum
1563 553 1666 609 est,
1705 544 1759 599 in
1788 546 2112 613 quibusdam
2144 559 2245 598 co-
2275 546 2317 602 A
2348 543 2555 597 schelio
2615 558 2683 595 ex
2741 540 3071 596 bibliotheca
3127 540 3435 611 Augustana
3491 541 3682 594 eodem
3736 542 3914 603 titulo,

679 633 889 686 .licilms
930 634 1093 690 hasce
1130 627 1401 704 Epistolas
1436 650 1545 690 non
1586 635 1837 690 Michaeli
1890 636 2090 707 Glyczc,
2145 634 2243 692 sed

681 723 756 775 lo.
790 724 1017 778 Zonarte
1052 726 1241 789 tribui,
1274 734 1334 781 ut
1366 726 1419 780 in
1450 726 1639 783 codice
1692 725 1882 799 Regio,
1918 727 2074 797 cujus
2123 741 2242 781 mc-

678 832 705 864 ιι
732 814 834 867 iuit
911 813 1226 870 Dul‘resnius
1253 855 1269 878 ,
1342 831 1655 887 quanquam
1685 826 1694 835 ‘
1724 817 2017 873 recentiori
2078 832 2245 872 manu

678 904 902 975 scripto,
935 918 1078 961 anno
1134 908 1343 963 scilicet
1399 909 1588 963 mundi
1640 909 1791 980 iuxta
1840 908 2056 964 Graecos
2103 908 2246 965 6996

678 996 901 1061 (Christi
937 989 1120 1067 ηδε),
1156 997 1347 1056 indict.
1376 999 1431 1055 ϐ.
1467 998 1628 1056 llunc
1656 1000 1806 1056 enim
1839 998 2056 1056 titulum
2107 1016 2248 1071 prte-

676 1084 783 1138 ierl.
830 1100 846 1138 :
928 1085 1245 1140 Ἐπιστολαὶ
1296 1086 1467 1160 κυροῠ
1533 1090 1787 1145 Ἰωάννου
1859 1092 2094 1161 Ζωναρᾶ
2149 1091 2246 1145 καὶ

680 1175 1171 1249 ἐτρωτοασηκρῆτις
1197 1182 1292 1232 καὶ
1334 1179 1703 1251 δρουγγαρίου
1738 1181 1838 1251 τῆς
1872 1181 2093 1252 Βίγλης.
2124 1181 2249 1252 Epi-

680 1268 826 1321 stola!
848 1267 1027 1322 domui
1071 1269 1295 1324 Joannis
1322 1269 1572 1347 Zonarw,
1624 1281 1675 1325 et
1721 1274 2141 1341 protoasecretis,
2197 1280 2248 1327 et

679 1357 910 1425 prmfecti
963 1355 1215 1426 Vigilum.
1282 1358 1510 1415 Zonaras
1556 1376 1775 1431 quoque
1823 1362 1921 1417 has
1979 1361 2249 1431 Epistolas

679 1448 985 1502 ascribebat
1004 1449 1203 1515 codex,
1235 1466 1396 1520 quem
1425 1450 1623 1523 Georg.
1662 1454 1838 1507 Douza
1865 1452 2250 1508 Constantino-

681 1537 787 1604 r'oii
813 1538 1087 1603 attulerat,
1114 1550 1398 1611 exstatque
1431 1543 1596 1597 modo
1626 1544 1680 1597 in
1710 1543 2048 1599 Bibliotheca
2106 1543 2251 1617 Lug-

679 1628 1092 1696 duno-Batava;
1134 1648 1305 1702 quare
1331 1642 1383 1688 et
1437 1633 1562 1699 illac,
1594 1650 1730 1704 quas
1754 1651 1821 1689 ex
1851 1651 1917 1690 co
1947 1636 2118 1692 edidit
2150 1636 2251 1693 Bo-

679 1734 806 1773 nuv.
832 1719 1150 1789 Vulcanius,
1185 1724 1363 1780 eidem
1397 1725 1621 1782 Zonara:
1655 1728 1993 1783 tribuuntur.
2024 1729 2253 1784 Zonaras

683 1811 889 1880 pariter
917 1812 1159 1868 vindicat
1188 1813 1357 1870 Index
1389 1814 1706 1871 Graecorum
1740 1816 2004 1872 librorum
2058 1831 2125 1873 ex
2162 1834 2253 1873 co-

2345 631 2469 687 cod.
2492 631 2583 697 65,
2609 641 2664 687 et
2687 647 2717 686 a
2746 632 2861 689 Jac.
2896 632 3164 699 Pontano,
3198 634 3290 700 qui
3327 633 3538 703 priores
3566 633 3701 687 duas
3725 633 3915 688 Latine

2345 722 2614 777 convertit
2646 730 2811 790 atque
2838 714 3168 778 edidit.'Sed
3198 731 3253 779 et
3289 726 3387 779 has
3420 726 3525 779 sub
3576 724 3753 795 Glyczn
3820 741 3919 777 no-

2346 817 2495 872 mine
2514 816 2690 871 citant
2706 816 3058 873 Casaubonus
3078 817 3309 879 Exercit.
3328 819 3384 872 in
3401 818 3599 872 Baron.
3621 819 3708 881 16,
3734 835 3790 872 ιι.
3813 818 3916 878 49ς

2348 908 2616 962 Antonius
2667 906 3019 973 Passerinus,
3073 918 3207 964 tom.
3240 909 3285 963 ll
3325 910 3629 978 Apparatus
3668 911 3831 970 sacri,
3864 918 3921 962 et

2346 997 2434 1053 Jo.
2464 998 2703 1068 Baptista
2749 999 3057 1054 Cotelerius
3087 1000 3141 1055 in
3172 999 3326 1055 Notis
3349 1001 3414 1055 ad
3442 998 3618 1070 Opera
3675 1000 3774 1054 SS.
3819 999 3920 1051 Pa-

2354 1096 2498 1145 trum
2550 1091 2644 1160 qui
2678 1092 3016 1161 temporibus
3064 1094 3383 1163 apostolicis
3435 1094 3756 1149 ﬂoruerunt.
3827 1093 3917 1145 ubi

2353 1183 2564 1253 inquit:
2603 1183 2737 1250 Qui:
2793 1186 2953 1239 etiam
2978 1186 3111 1240 citat
3168 1185 3397 1241 Michael
3446 1186 3635 1256 Glycas
3689 1186 3744 1237 in
3789 1184 3922 1237 libro

2351 1276 2638 1346 posteriore
2662 1277 2834 1345 operis
2866 1277 2947 1339 ιίς
2978 1277 3047 1329 τὰ
3071 1275 3255 1347 ἄπορα
3284 1278 3385 1345 τῆς
3413 1278 3653 1347 Γραφῆςι
3686 1292 3804 1344 cap.
3829 1277 3918 1329 δὲ.

2356 1364 2549 1420 Exstat
2573 1366 2628 1419 id
2657 1382 2785 1436 opus
2816 1382 2916 1419 ms.
2956 1367 3013 1419 in
3037 1366 3347 1420 bibliotheca
3384 1360 3627 1429 Thuana,
3668 1366 3923 1434 contpmi-

2354 1467 2564 1524 tumque
2588 1466 2664 1510 est
2692 1473 2757 1511 ea:
2780 1456 3071 1511 orthodoxa
3102 1458 3205 1523 ﬁde
3233 1456 3292 1511 S.
3328 1457 3557 1510 Joannis
3586 1456 3922 1514 Damusmii.

2352 1548 2573 1618 adjectis
2613 1548 2884 1603 nonnullis
2937 1548 3171 1602 aliorum
3224 1547 3469 1602 Patrum.
3533 1548 3641 1602 Sed
3694 1557 3748 1601 et
3795 1548 3921 1607 Gul.

2352 1636 2565 1690 Caseus
2590 1635 2644 1690 in
2678 1635 2889 1692 Joanne
2912 1636 3128 1691 Zonara
3160 1651 3257 1694 eas
3280 1637 3463 1708 Clycae
3492 1638 3675 1707 potius
3708 1639 3922 1706 adiudi.

2352 1727 2555 1783 caudas
2575 1728 2871 1784 existimat.
2890 1727 2966 1782 Ex
2993 1728 3098 1791 his,
3116 1744 3236 1799 qua:
3259 1730 3524 1784 hactenus
3544 1729 3923 1788 disseruimus.

2355 1818 2629 1884 cons'itit,
2662 1819 2919 1884 arbitror,
2948 1835 3056 1873 non
3084 1829 3293 1874 tantum
3318 1824 3413 1876 has
3444 1821 3713 1890 Epistolas
3737 1824 3926 1890 genui-

681 1903 801 1957 dice
832 1918 935 1959 ms.
985 1903 1152 1976 Regio
1180 1904 1341 1960 2813.
1395 1904 1682 1977 Philippus
1729 1922 1944 1978 quoque
1981 1900 2251 1974 Labbeus,
2286 1923 2327 1979 ῃ
2357 1925 2489 1965 num
2521 1925 2646 1966 esse
2677 1910 2958 1967 Michaelis
2986 1910 3166 1982 Glycaa
3216 1911 3383 1966 l‘etum
3408 1953 3424 1975 ,
3486 1926 3677 1968 verum
3734 1915 3924 1974 etiam.

684 2009 818 2050 tom.
856 1996 876 2050 Ι
935 1995 1011 2051 De
1062 1998 1321 2068 Scriptor.
1354 1998 1581 2066 Eccles.,
1622 2003 1676 2057 in
1723 2001 1923 2074 Georg.
1979 2002 2250 2065 Cedrcuo.

682 2093 847 2145 hasce
878 2090 1142 2158 Epistolas
1167 2092 1396 2148 Zonaras
1421 2093 1605 2164 potius
1633 2110 1754 2150 esse
1784 2095 2085 2158 existimat.
2114 2110 2254 2166 quas

680 2194 895 2237 exstare
925 2192 1131 2238 tantum
1169 2199 1397 2240 numero
1431 2186 1499 2241 46
1535 2181 1769 2243 aliirmat
1791 2228 1807 2252 ,
1841 2196 1897 2242 et
1940 2190 2254 2259 su~picatur

681 2274 760 2327 cis
797 2274 1008 2330 additas
1040 2276 1252 2344 aliquot
1285 2276 1457 2334 fuisse
1485 2277 1719 2350 alicujus
1770 2273 2056 2350 scriptoris
2083 2270 2252 2352 Glyca

684 2365 1009 2420 recentioris
1042 2367 1324 2437 epistolas.
1386 2369 1491 2434 Qui
1517 2370 1657 2423 enim
1689 2369 1808 2437 ﬁeri
1834 2370 2025 2438 potuit,
2054 2370 2257 2439 inquit,

682 2464 739 2509 ut
772 2456 834 2509 de
861 2456 1093 2510 (.‘edreuo
1116 2474 1181 2511 ne
1215 2457 1423 2535 verbum
1465 2460 1675 2530 quidem
1707 2461 1891 2529 fecerit
1917 2461 1971 2515 in
2025 2449 2255 2514 Annali-

684 2548 778 2601 bus
808 2548 915 2601 suis
945 2548 1155 2619 Glycas,
1184 2552 1272 2621 qui
1289 2540 1552 2606 Joannem
1580 2552 1875 2623 Scylitseu,
1897 2553 2257 2619 Joaunemque

683 2639 950 2697 Zonaram
1001 2653 1110 2698 tam
1143 2661 1282 2713 sa'pe
1305 2646 1583 2716 appellat?
1648 2646 1781 2712 Quae
1843 2648 2062 2718 quidem
2119 2648 2257 2703 ratio

686 2735 817 2789 mihi
855 2735 1166 2806 languidula
1220 2737 1434 2793 videtur
1483 2753 1547 2793 ac
1576 2738 1768 2794 futilis.
1821 2739 2070 2796 Labbeus
2126 2755 2258 2796 usus

687 2829 903 2883 videtur
921 2829 1109 2884 codice
1136 2845 1239 2883 ms.
1268 2826 1675 2886 Claromontani
1701 2832 1911 2902 collegii
1935 2830 2257 2889 Parisiensis

686 2922 964 2976 societatis
998 2921 1152 2987 Jcsu,
1182 2922 1273 2993 qui
1322 2921 1583 2993 epistolas
1614 2924 1684 2979 46
1742 2925 1988 2980 continet
2035 2926 2259 2980 Zonarze

688 3014 941 3069 tributus.
973 3011 1114 3069 iiinc
1137 3013 1341 3069 factum
1373 3024 1477 3080 est,
1515 3026 1573 3071 ut
1597 3015 1907 3087 promiscue
1935 3018 2096 3072 hasce
2129 2999 2260 3087 Epis

686 3106 855 3160 stolas
884 3106 987 3161 sub
1021 3107 1248 3162 nomine
1273 3106 1520 3175 Zonaras,
1559 3116 1655 3163 aut
1693 3108 1894 3182 Glycaa,
1935 3097 2121 3165 laudet
2162 3110 2259 3171 Al-

689 3200 881 3265 iatius;
914 3216 1226 3271 quanquam
1253 3210 1444 3257 contra
1484 3202 1885 3273 Creigthonum
1914 3203 2165 3259 scribens
2197 3202 2253 3257 in

690 3308 805 3346 eam
830 3293 1135 3348 concedere
1159 3294 1486 3349 sententiam
1512 3295 1750 3361 videtur,
1779 3306 1836 3349 ut
1856 3294 2036 3367 Giycae
2079 3297 2263 3367 potius

691 3400 851 3453 quam
883 3384 1111 3441 Zonarze
1146 3385 1264 3441 illas
1292 3388 1555 3442 attribuat
1584 3405 1601 3444 :
1638 3387 1713 3443 ibi
1745 3387 1893 3443 enim
1919 3389 1991 3442 ita
2022 3388 2217 3444 scribit
2246 3406 2260 3444 :

694 3475 818 3529 "(ec
849 3487 897 3530 et
928 3476 1041 3531 alia
1074 3476 1305 3533 Michael
1327 3478 1537 3549 Clycas,
1562 3480 1785 3551 epistola
1804 3480 1936 3534 satis
1965 3480 2172 3549 prolixa
2193 3482 2264 3534 ad

693 3565 1028 3623 .loannicium
1070 3568 1407 3637 monachum,
1438 3581 1544 3626 etc.
1579 3572 1646 3625 Et
1695 3572 1836 3626 idem
1889 3584 2108 3641 quoque
2138 3570 2267 3625 facit

694 3656 895 3724 passim
940 3657 994 3710 in
1028 3668 1195 3727 opere
1234 3658 1307 3713 De
1367 3669 1616 3730 perpetuo
1672 3675 1926 3713 consensu
1995 3659 2267 3730 utriusque

696 3744 965 3814 Ecclesirc,
994 3759 1126 3815 etc.,
1158 3756 1214 3805 cl.
1236 3751 1290 3817 in
1323 3750 1799 3807 dissertationibus
1828 3750 1905 3805 De
1930 3742 2074 3804 libris
2105 3750 2269 3804 eccle-

695 3842 920 3898 siasticis
956 3842 1258 3899 Graecorum
1292 3859 1509 3914 quoque
1563 3854 1620 3899 ut
1648 3845 1944 3915 plurimum
1971 3829 2149 3914 Glycze
2170 3857 2266 3898 eas

695 3938 955 3994 vindicat.
994 3939 1058 3993 Et
1091 3951 1239 3995 recte
1269 3938 1514 4009 quidem,
1555 3946 1615 3992 ut
1664 3938 1926 4000 arbitror,
1967 3935 2040 3991 ita
2100 3936 2269 3991 sentit

696 4034 778 4085 vir
812 4032 1316 4087 illc-doctissimus.
1350 4031 1636 4098 Quomodo
1683 4031 1829 4084 enim
1894 4028 1980 4085 Jo.
2039 4030 2267 4084 Zonarte

700 4124 881 4179 atlscri
915 4133 1145 4194 possunt
1172 4123 1276 4178 illac
1307 4122 1586 4193 Epistolas),
1619 4138 1756 4192 quas
1779 4112 2125 4177 Constantini
2168 4121 2269 4176 Pa-

694 4214 900 4286 ieologi
936 4225 1094 4271 aetate
1141 4216 1374 4284 scriptas
1430 4214 1597 4268 luisse
1652 4214 1949 4283 exploratae
1998 4209 2123 4266 lidci
2156 4222 2263 4275 est.

693 4318 752 4361 ut
784 4308 1039 4376 superius
1082 4305 1460 4361 ostendimus?
1526 4301 1766 4359 Zonaras
1798 4304 1946 4360 enim
2005 4319 2113 4358 non
2164 4304 2267 4357 sub

694 4396 797 4457 hoc
856 4402 1123 4473 principe,
1160 4413 1339 4470 neque
1386 4400 1592 4454 saeculo
1619 4414 1709 4461 xv,
1765 4396 1859 4453 sed
1917 4395 2020 4449 sub
2076 4393 2269 4450 Alexio

694 4497 988 4558 iiomucno,
1008 4510 1080 4547 xn
1098 4492 1350 4547 videlicet
1364 4488 1583 4554 saeculo,
1608 4489 1677 4550 ab
1698 4501 1845 4544 anno
1868 4478 1923 4541 ll
1938 4486 2002 4541 l0
2043 4485 2111 4540 ad
2130 4485 2153 4538 i
2169 4484 2267 4541 120

2357 2017 2519 2070 quem
2550 2017 2628 2057 ea:
2659 2001 2715 2058 in
2743 2002 2975 2058 diversis
3017 2003 3303 2059 codicibus
3341 2003 3556 2058 titulum
3613 2004 3926 2073 praeferant.

2358 2091 2570 2160 Quibus
2592 2093 2718 2150 addi
2751 2102 2933 2164 potest
2963 2094 3252 2165 inscriptio
3277 2095 3482 2151 codicis
3512 2095 3813 2163 Augustam
3839 2095 3929 2155 57,

2357 2199 2479 2254 qua:
2518 2184 2593 2240 ita
2624 2185 2828 2242 habet:
2882 2185 3164 2241 Michaelis
3202 2185 3382 2257 Glyco:
3432 2186 3806 2254 explicationes
3845 2188 3929 2238 οὐκ

2357 2292 2635 2332 scurorum
2668 2277 2901 2332 locorum
2925 2296 3094 2333 sacra:
3122 2278 3434 2351 Scriptum.

2428 2366 2697 2423 Caeterum
2726 2369 2939 2438 aliquot
2966 2368 3102 2425 alios
3139 2379 3405 2424 tractatus
3433 2370 3696 2426 hactenus
3754 2370 3929 2422 inedi-

2362 2468 2448 2515 tos
2483 2469 2733 2514 recenset
2765 2457 2878 2515 Leo
2907 2460 3157 2524 Allatius,
3228 2458 3304 2513 De
3358 2474 3615 2515 consensu
3663 2462 3931 2529 utriusque

2360 2551 2630 2617 Ecclesiae,
2660 2552 2758 2606 lib.
2794 2568 2856 2617 tt,
2896 2567 3018 2621 cap.
3056 2552 3145 2616 18,
3178 2568 3394 2621 nempe,
3428 2553 3625 2607 librum
3660 2552 3725 2605 ad
3760 2552 3932 2606 Maxi-

2360 2659 2509 2697 tnum
2542 2643 2882 2699 Smeniotem
2915 2644 2989 2699 De
3010 2646 3339 2714 processione
3365 2643 3593 2713 Spiritus
3616 2645 3805 2707 sancti,
3838 2654 3932 2698 cu-

2356 2736 2447 2806 jus
2478 2736 2840 2807 fragmentum
2892 2737 3054 2792 habet
3089 2736 3289 2792 ibidem
3327 2738 3422 2791 lib.
3453 2753 3533 2801 m,
3574 2751 3696 2805 cap.
3722 2735 3787 2788 »2.
3849 2734 3930 2789 Ad

2359 2832 2636 2893 eumdem,
2667 2846 2736 2883 an
2765 2829 3003 2884 Christus
3058 2844 3245 2901 azyma
3272 2830 3327 2883 in
3355 2842 3598 2896 suprema
3629 2842 3776 2881 ctena
3804 2841 3930 2877 usus

2358 2921 2445 2974 sit.
2476 2920 2553 2974 Ad
2582 2920 2775 2976 Isaiam
2820 2921 3148 2975 monachum
3190 2920 3265 2974 De
3292 2920 3574 2974 animabus
3627 2935 3661 2971 a
3717 2933 3933 2986 corpore

2361 3014 2645 3080 separatis.
2696 3013 2902 3068 Verum
2951 3012 3008 3067 hi
3043 3027 3236 3067 omnes
3284 3019 3543 3066 tractatus
3592 3008 3728 3063 nihil
3785 3007 3933 3061 aliud

2365 3104 2498 3158 mihi
2536 3120 2660 3159 cum
2692 3103 2913 3160 Oudino
2942 3117 3065 3160 esse
3120 3101 3401 3167 videntur,
3456 3114 3621 3170 quam
3676 3097 3934 3167 Epistolas

2364 3182 2642 3250 Michaelis
2668 3194 2868 3267 Glycae,
2897 3195 2953 3250 in
2979 3193 3179 3264 quibus
3207 3192 3505 3261 Scriptura:
3539 3190 3659 3245 loca
3689 3190 3935 3260 quaedam

2290 3258 2334 3320 θ
2368 3288 2623 3350 obscura,
2659 3288 2743 3343 vel
2771 3297 3147 3353 controversa,
3176 3285 3266 3340 ille
3302 3282 3558 3354 explicat.

2440 3377 2547 3432 Sed
2583 3378 2711 3448 quia
2752 3376 2821 3431 ad
2865 3375 3069 3433 calcem
3100 3373 3307 3429 codicis
3366 3371 3519 3443 Regii
3552 3370 3938 3427 describuntur

2368 3485 2557 3527 eorum
2587 3468 2810 3524 nomina
2826 3482 3059 3538 quorum
3090 3466 3418 3521 auctoritate
3453 3477 3585 3519 usus
3611 3469 3697 3519 est
3721 3463 3938 3533 Episto-

2370 3566 2543 3619 larum
2576 3564 2810 3632 scriptor
2834 3602 2849 3625 ,
2877 3576 2997 3617 eam
3034 3560 3124 3615 hic
3151 3560 3466 3614 describere
3488 3571 3666 3627 opera!
3705 3557 3938 3626 pretium

2369 3669 2491 3709 esse
2531 3653 2881 3711 existimavi:
2945 3650 3364 3721 Συγγράφοντες
3395 3650 3491 3702 καὶ
3537 3647 3940 3717 συμμάρτυρες

2368 3745 2467 3814 τῆς
2517 3745 2702 3813 βίϐλου
2731 3744 2911 3805 αὐτοὶ,
2970 3742 3009 3794 Γ
3017 3743 3273 3811 ρηγόριος
3316 3744 3344 3793 6
3386 3738 3669 3807 Θεολὸγος,
3708 3742 3737 3791 6
3769 3739 3941 3807 μέγας

2373 3837 2673 3900 Βασίλειος,
2700 3835 3007 3905 Γρηγόριος
3041 3833 3292 3901 Νύοσης,
3336 3830 3590 3901 Ἰωάννης
3622 3832 3652 3883 6
3706 3831 3941 3899 χρυσορο

2372 3930 2584 3999 ρήμων,
2630 3931 2659 3981 6
2709 3926 2883 3997 μέγας
2920 3925 3261 3989 Ἀθανάσιος,
3293 3926 3322 3977 6
3374 3922 3666 3994 Κύριλλοςς
3704 3923 3734 3974 6
3768 3919 3943 3989 μέγας

2383 4021 2724 4090 Ἐπιφάνιος,
2785 4018 3143 4080 Ἀναστάσιος
3195 4017 3224 4068 6
3279 4014 3558 4084 Σιναϊτης,
3615 4012 3864 4081 Ἰωάννης
3915 4012 3945 4064 6

2371 4113 2755 4183 Δαμασκηνὸς,
2788 4110 3091 4180 Γρηγόριος
3114 4110 3144 4161 6
3190 4106 3470 4175 Διάλογος,
3502 4104 3757 4175 Ἀνδρέας
3790 4104 3947 4172 Κρή-

2370 4221 2489 4273 της,
2524 4202 2732 4272 Πέτρος
2780 4200 2875 4253 καὶ
2920 4198 3129 4261 Παῦλος
3184 4199 3235 4252 οι
3266 4197 3578 4262 ἀπόστολοι,
3631 4194 3945 4264 Νικηφόρος

2372 4297 2722 4368 πατριάρχης
2750 4311 2765 4328 ο
2800 4294 2898 4347 σὺν
2924 4294 3137 4356 τούτοις
3159 4295 3255 4347 καὶ
3277 4291 3480 4359 Μωσῆς
3509 4289 3603 4343 καὶ
3626 4287 3811 4349 Δασὶδ,
3848 4285 3946 4338 καί

2370 4404 2454 4449 τις
2502 4388 2530 4439 6
2560 4384 2811 4453 φωτίζων
2849 4382 3100 4447 τούτους,
3158 4381 3252 4446 καὶ
3303 4380 3513 4450 μάρτυς
3562 4376 3824 4447 ἀψευδὴς,
3884 4376 3946 4427 ἰδ

2371 4477 2593 4547 Πνεῦμα
2615 4483 2675 4531 τδ
2741 4478 2915 4545 ἅγιον.
2949 4474 3053 4540 Qui
3095 4474 3253 4529 simul
3293 4474 3642 4543 scripserunt;
3694 4467 3950 4538 simulque

695 4578 895 4654 lim-uit,
927 4602 990 4642 ac
1016 4574 1201 4657 paucis
1231 4593 1355 4655 post
1381 4582 1543 4638 annis
1570 4576 1779 4637 Joanne
1811 4579 1986 4635 Alexii
2016 4578 2126 4633 lilio
2162 4579 2266 4632 im-
2297 4585 2353 4642 D,
2376 4580 2527 4626 testes
2547 4571 2702 4638 hujus
2728 4568 2847 4649 libri
2872 4568 3036 4637 fuere,
3067 4578 3189 4622 sunt
3211 4567 3300 4620 hi:
3324 4564 3607 4657 Gregorius
3636 4561 3946 4657 Theotoqus,

694 4684 918 4749 parante
950 4689 1159 4733 natura:
1187 4676 1482 4732 concessit.
1516 4675 1742 4743 Insuper
1775 4673 1887 4725 duo
1908 4669 2141 4726 Caesarei
2178 4686 2269 4724 co-

696 4776 865 4836 tliccs,
906 4788 1047 4840 quos
1082 4770 1179 4825 lib.
1216 4787 1267 4824 tv
1303 4766 1839 4823 Commentariorum
1892 4764 2078 4819 laudat
2104 4763 2269 4817 Lant-

697 4866 905 4929 becius,
944 4877 1175 4932 quorum
1211 4861 1365 4930 prior
1417 4858 1683 4927 epistolas
1735 4844 1825 4922 50,
1861 4856 2001 4909 alter
2035 4852 2104 4909 56
2135 4869 2272 4908 con-

698 4959 853 5017 tinet.
889 4946 1208 5010 Michaeletu
1236 4952 1455 5022 Glycam
1486 4962 1769 5005 auctorem
1806 4950 2126 5019 praeierunt,
2167 4950 2271 5001 hoc

698 5054 998 5104 lemmate:
1055 5045 1162 5100 Τοῦ
1202 5044 1521 5111 σοςωτάτου
1567 5042 1664 5096 καὶ
1714 5040 2049 5109 λογιωτάτου
2098 5037 2269 5108 κυροῦ

699 5143 917 5215 Μιχαὴλ
977 5142 1071 5195 τοῦ
1135 5140 1315 5193 Γλυκᾶ
1383 5138 1467 5201 είς
1525 5137 1623 5200 τὰς
1676 5134 1913 5206 ἀπορίας
1970 5135 2071 5203 τῆς
2118 5131 2271 5195 θείας

699 5238 937 5307 Γραφῆς.
985 5232 1375 5304 Sapientissimi
1409 5248 1457 5285 et
1490 5228 1899 5300 eloquentissimi
1945 5226 2125 5279 domui
2164 5222 2270 5276 hli-

698 5329 886 5385 chaelis
911 5328 1085 5399 Glyco:
1111 5329 1162 5381 in
1187 5326 1375 5381 divina:
1401 5322 1690 5395 Scriptura:
1709 5320 2083 5375 dubitationes.
2116 5317 2184 5372 Et
2203 5315 2271 5370 ad

699 5426 901 5479 calcem
934 5421 1140 5476 crdicis
1172 5418 1494 5489 pOSIcrioris
1554 5416 1671 5470 haec
1701 5408 2060 5469 scribuntur:
2102 5412 2275 5463 Τοῦτο

699 5514 904 5583 βιϐὶίον
935 5514 1169 5581 ὑπάρχει
1201 5510 1425 5579 Μιχαὴλ
1452 5507 1546 5562 τοῦ
1575 5506 1779 5559 Γλυκᾶ.
1842 5504 1945 5559 llic
1969 5503 2173 5558 libellus
2198 5510 2273 5557 est

702 5603 975 5657 Michaelis
1049 5601 1243 5670 Clytie.
1306 5599 1412 5653 Sed
1476 5608 1532 5653 et
1593 5596 1775 5651 Codex
1839 5593 2271 5657 Iliccardianus.

699 5710 806 5764 quo
841 5696 1064 5754 utimur,
1098 5694 1170 5745 ita
1199 5690 1521 5748 inscribitur
1551 5705 1566 5743 :
1620 5685 2018 5758 Γραμματικοῦ
2058 5681 2273 5753 Μιχαὴλ

698 5787 791 5839 τοῦ
824 5786 1020 5838 noxa.
1056 5782 1403 5836 Crammnlici
1427 5780 1698 5835 Michaelis
1731 5778 1925 5849 Clycar.
1959 5775 2275 5830 Laudantur

698 5880 861 5935 etiam
895 5893 923 5932 a
954 5874 1199 5932 Gesnero
1226 5876 1329 5929 sub
1365 5872 1585 5928 nomine
1613 5871 1813 5932 Circae.
1856 5880 1912 5925 ut
1944 5878 2000 5924 et
2049 5869 2117 5923 ab
2149 5866 2274 5923 llo:-

2374 4664 2597 4733 Maguus
2630 4646 2886 4727 Basilius,
2922 4660 3205 4737 Gregorius
3240 4658 3534 4729 Nysseuus,
3570 4654 3802 4707 Joannes
3832 4649 3942 4702 Λιι-

2376 4759 2587 4829 riﬂuus,
2624 4771 2846 4825 magnus
2883 4754 3226 4815 Athanasius,
3255 4749 3505 4819 Cyrillus,
3548 4760 3771 4816 magnus
3810 4742 3945 4809 Epi-

2374 4850 2621 4918 phanius,
2646 4848 2965 4901 Anastasius
2994 4843 3246 4906 Sinaites,
3271 4840 3508 4895 Joannes
3569 4837 3949 4891 Damascenus,

2378 4943 2659 5012 Gregorius
2714 4939 2989 5009 Dialogus,
3038 4938 3276 4992 Andreas
3335 4932 3617 4994 Cretensis,
3673 4928 3862 4982 Petrus
3902 4933 3950 4978 et

2378 5032 2582 5087 Paulus
2630 5030 2876 5101 apostoli,
2913 5027 3240 5096 Nicephorus
3263 5020 3598 5092 patriarcha,
3629 5030 3849 5086 cumque
3871 5015 3950 5068 his

2378 5124 2553 5180 Moses
2573 5132 2622 5178 et
2652 5122 2841 5188 David,
2873 5129 2945 5183 et,
2968 5120 3058 5189 qui
3083 5120 3233 5172 hosce
3294 5113 3565 5169 illuminat
3596 5109 3839 5176 testisque
3876 5114 3952 5160 est

2377 5217 2592 5273 mentiri
2617 5216 2840 5279 nescius,
2871 5206 3120 5282 Spiritus;
3136 5217 3371 5263 sanctus.

2455 5308 2658 5365 Verum
2690 5317 2988 5377 antequam
3021 5304 3089 5360 de
3120 5303 3301 5374 Glycae
3338 5299 3602 5371 Epistolis
3634 5310 3794 5368 agere
3850 5295 3951 5350 dc-

2378 5404 2649 5467 sinamus,
2678 5400 2748 5455 de
2776 5399 2968 5455 codice
3006 5395 3373 5451 Biccardiano
3418 5393 3684 5447 lectorem
3716 5388 3951 5443 cdocere

2379 5495 2488 5552 fert
2508 5490 2748 5550 animus.
2783 5489 2969 5546 Codex
2999 5489 3087 5544 hic
3115 5490 3439 5543 chartaceus
3465 5493 3568 5547 est,
3601 5488 3821 5536 notatus
3845 5494 3952 5557 ηυγ

2376 5601 2531 5645 mero
2552 5586 2641 5653 19,
2673 5585 2867 5641 Pluteo
2904 5583 2975 5649 K,
3004 5581 3200 5638 ordine
3232 5579 3275 5643 1,
3332 5577 3478 5630 inter
3520 5573 3707 5629 Cra-ca
3764 5584 3955 5625 manu-

2379 5680 2602 5749 scripta.
2624 5678 2879 5734 Continet
2904 5676 3135 5746 primum
3156 5670 3429 5741 Epistolas
3446 5668 3621 5737 Glyca:
3643 5661 3950 5722 nonnullas,

2380 5770 2579 5828 deinde
2604 5767 2939 5825 Christoduli
2977 5764 3251 5825 monachi,
3296 5778 3392 5817 seu
3424 5756 3654 5814 Joannis
3675 5754 3951 5810 Cantacu-

2382 5864 2531 5922 zeui.
2582 5862 2826 5919 dialoeos
2876 5860 2907 5913 8
2955 5859 3220 5913 adversus
3269 5852 3481 5909 ludit-os
3529 5864 3688 5904 mauu
3739 5846 3953 5902 diversa
