4214 6442
307 428 418 471 XVII

1577 424 1911 485 JOANNES
1958 426 2266 489 LAMIUS.

3399 441 3532 485 XVIII

298 541 569 587 exaratos.
599 531 762 588 Primi
793 540 975 589 autem
1035 533 1224 589 titulus
1278 535 1350 590 ita
1386 535 1548 591 habet
1577 555 1588 590 :
1627 538 1859 608 Χριστο-
1892 543 1934 596 Α
1965 555 2102 602 mus,
2134 542 2487 609 perscrutari,
2519 541 2718 611 quibus
2771 543 2860 598 ille
2889 542 3215 598 Christianae
3252 543 3533 614 religionis

297 625 489 677 δούλου
545 625 784 694 μοναχοῦ
847 626 987 680 κατὰ
1041 624 1314 681 Ἰουδαίων
1379 626 1534 696 λόγος
1590 628 1660 682 α’.
1711 628 1864 684 Chri-

297 712 489 766 stoduli
521 715 761 769 monachi
783 715 1032 771 adversus
1087 715 1300 771 Jndteos
1347 733 1516 771 sermo
1563 716 1613 772 I.
1671 716 1864 786 Incipit

297 817 468 858 vero:
502 802 616 856 Οὐκ
666 800 764 856 οἷδ’
800 805 1060 874 ὁπότερον
1114 806 1332 859 κάλλιον
1381 808 1538 876 φαῖεν
1581 808 1646 862 ἄν
1698 824 1889 871 τινεςγ

295 892 610 963 ἐπιγράψας
653 893 738 965 τῷ
758 896 984 966 τοιούτῳ
1029 897 1373 968 συντάγματι
1413 899 1553 952 κατὰ
1592 892 1867 954 Ἰουδαίων

295 985 483 1054 ἄρα,ῆ
518 985 716 1054 μᾶλλον
743 987 882 1058 ὑπὲρ
915 987 1116 1054 αὐτῶν,
1155 1007 1210 1043 κ.
1240 1006 1295 1045 τ.
1325 989 1375 1044 λ.
1409 990 1505 1045 Est
1552 991 1606 1044 in
1653 991 1760 1046 line
1813 998 1869 1045 et

293 1075 440 1130 aliud
471 1078 735 1147 perbreve
763 1078 1107 1148 opusculum,
1141 1079 1247 1134 alia
1290 1095 1510 1150 quoque
1564 1096 1753 1148 manu,
1810 1093 1868 1138 ut

297 1167 534 1229 videtur.
566 1168 920 1238 exscriptum,
945 1169 1032 1227 cui
1065 1170 1360 1242 praeligitur
1383 1187 1399 1226 :
1421 1171 1678 1242 Δόγματα
1707 1172 1867 1243 ὀρθό-

294 1257 442 1323 δοξα.
467 1257 612 1330 ᾇπερ
641 1259 887 1325 ὲξέϐιντο
931 1263 982 1315 οι
1024 1263 1170 1334 ἅγιοι
1221 1265 1531 1333 ἀπόστολοι,
1554 1267 1648 1320 καὶ
1671 1268 1872 1332 πάντες

292 1348 346 1399 οἱ
377 1348 522 1427 ἅγιοι
555 1351 818 1420 Πατέρις,
849 1352 944 1406 καὶ
969 1354 1342 1425 οἱκουμενικοὶ
1364 1357 1694 1414 διδάσκαλοι.
1726 1357 1871 1429 Dog-

294 1451 438 1493 mata
484 1441 771 1496 orthodoxa
804 1459 922 1513 qut:
950 1457 1298 1514 exposuerunt
1331 1449 1506 1502 sancti
1544 1449 1788 1517 apostoli,
1820 1458 1870 1503 et

292 1547 473 1585 omnes
533 1534 704 1587 sancti
733 1532 944 1602 Patres,
998 1543 1049 1590 et
1092 1539 1400 1593 mcumenici
1455 1541 1713 1596 doctores.
1764 1540 1872 1596 ini-

292 1621 430 1681 tium
453 1633 634 1678 autem
675 1623 794 1694 ejus
827 1634 911 1681 est
955 1644 971 1682 :
1023 1627 1358 1699 Πιστεύομεν
1379 1669 1397 1696 ,
1426 1629 1612 1695 καθὼς
1643 1630 1874 1686 ἐϐαπτί-

296 1712 534 1783 σθημεν,
569 1715 650 1779 εἰς
680 1717 924 1786 Πατέρα,
956 1718 1052 1770 καὶ
1105 1718 1234 1773 Υῑδν
1283 1721 1380 1776 καὶ
1427 1719 1584 1790 ἅγιον
1629 1722 1874 1794 Πνεῦμα,

301 1805 396 1860 τὸν
423 1807 520 1861 ἕνα
551 1805 706 1872 Θεὸν,
733 1825 787 1862 κ.
818 1826 872 1864 τ.
902 1809 954 1866 λ.
984 1803 1180 1866 Omnia
1215 1821 1397 1867 tamen
1424 1811 1540 1868 haec
1568 1826 1733 1882 opera
1767 1827 1866 1870 Ste-

292 1899 423 1955 eulo
456 1913 527 1954 xv
556 1899 835 1970 descripta
860 1915 987 1957 esse
1036 1902 1312 1968 videntur,
1356 1904 1456 1959 etsi
1484 1904 1678 1960 nullibi
1708 1905 1858 1972 anni,

293 1990 381 2044 vel
407 1990 690 2060 temporis,
721 2005 830 2062 quo
850 1991 1052 2063 scripta
1081 1993 1325 2059 fuerunt,
1344 1995 1626 2052 adnotatio
1648 2007 1860 2066 pareat.

291 2077 474 2151 (Ἄγραι
499 2089 681 2138 autem
705 2081 965 2154 Epistolas
989 2097 1202 2152 omnes,
1238 2099 1359 2155 quae
1388 2087 1493 2142 hoc
1522 2087 1714 2144 codice
1768 2089 1865 2142 ba-

295 2173 517 2237 bentur,
547 2174 958 2243 quatuordecim
992 2183 1201 2231 tantum
1243 2187 1394 2244 sunt,
1424 2193 1653 2248 quarum
1689 2179 1863 2250 prima

292 2261 358 2315 ad
390 2261 658 2318 Joannem
707 2263 975 2320 Sinaitam
1008 2266 1214 2337 scripta
1241 2277 1348 2334 est,
1397 2280 1561 2340 prout
1587 2269 1642 2323 in
1679 2269 1864 2326 indice

291 2353 683 2423 Lambeciano,
724 2365 780 2412 et
821 2367 1028 2415 caetera;
1078 2359 1243 2416 etiam
1295 2362 1489 2418 eodem
1544 2361 1738 2419 ordine
1792 2377 1857 2419 ac

290 2447 458 2512 serie,
481 2462 584 2517 qua
603 2449 660 2502 in
680 2459 983 2506 memorato
1003 2450 1182 2508 indice
1227 2452 1670 2525 progrediuntur.
1686 2453 1866 2511 Unum

293 2547 504 2594 tantum
539 2539 814 2614 singulare
862 2541 1025 2598 habet
1066 2543 1160 2599 hic
1207 2543 1402 2614 codex,
1443 2546 1591 2617 quod
1650 2545 1865 2604 numeri

291 2629 575 2688 adnotatio
610 2629 838 2698 indicat,
865 2645 985 2689 eam
1030 2633 1317 2705 epistolam
1351 2650 1462 2693 nou
1513 2652 1636 2695 esse
1686 2637 1868 2710 Glycae

294 2719 552 2787 primam,
581 2716 678 2777 sed
705 2720 960 2788 tertiam;
989 2721 1065 2778 ita
1101 2730 1159 2778 ut
1186 2731 1380 2794 quarta
1413 2724 1625 2784 decima
1656 2725 1868 2784 decima

291 2826 468 2878 sexta,
501 2829 732 2870 numero
761 2814 1023 2887 ascripto,
1058 2814 1417 2888 significetur.
1476 2819 1748 2878 Caeterum
1782 2829 1869 2879 est

293 2905 584 2961 admodum
612 2915 894 2964 correctus
935 2916 990 2964 et
1012 2910 1333 2966 emendatus
1355 2949 1372 2978 ,
1417 2913 1629 2985 integer
1647 2927 1868 2984 quoque

241 3060 246 3066 ,
291 3008 347 3052 et
383 2997 661 3070 eleganter
702 3008 981 3067 exsratus,
1023 3009 1083 3058 ut
1113 3002 1339 3074 plurimi
1401 3003 1688 3065 faciendus
1742 3021 1867 3066 esse

294 3089 569 3146 videatur.
1641 3104 1651 3112 '

370 3180 481 3237 Sed
515 3183 624 3254 iam
669 3183 724 3240 in
753 3185 859 3243 alia
887 3185 1065 3258 Glycte
1093 3200 1259 3258 opera
1296 3186 1656 3260 inquiramus,
1689 3191 1868 3264 deque

295 3271 364 3327 iis
399 3271 709 3343 loquentem
738 3275 1024 3333 audiamus
1068 3277 1198 3335 Cas.
1227 3279 1502 3336 Oedinum
1563 3281 1620 3337 in
1658 3281 1867 3354 Glyca:

297 3363 451 3419 Inter
477 3381 601 3421 mss.
635 3368 858 3434 codices,
893 3368 1089 3440 inquit,
1130 3369 1434 3428 Bodleianw
1460 3372 1655 3430 Oxouii
1671 3375 1727 3429 in
1763 3373 1872 3430 An-

293 3455 402 3521 glia
425 3453 747 3512 bibliothecis
776 3458 890 3513 cod.
918 3458 1042 3526 720,
1077 3459 1133 3513 in
1162 3475 1285 3516 mss.
1319 3462 1580 3517 codicibus
1603 3462 1871 3520 Guillelmi

295 3542 469 3597 Laudi
496 3544 602 3599 litt.
627 3561 675 3598 c.
699 3547 820 3602 cod.
838 3546 927 3614 77,
959 3547 1138 3606 Graec
1163 3556 1372 3606 exstant
1394 3550 1665 3608 Michaelis
1698 3552 1872 3624 Glyca:

293 3649 558 3690 sermones
593 3637 769 3692 uarii:
798 3648 848 3694 et
887 3640 1077 3696 ibidem
1109 3644 1226 3697 cod.
1261 3643 1364 3700 723
1393 3646 1450 3700 in
1494 3648 1868 3718 manuscriptis

293 3727 556 3784 codicibus
577 3730 809 3800 ejusdem
828 3731 1016 3787 ibidem
1040 3735 1154 3788 cod.
1174 3735 1264 3803 91,
1285 3750 1337 3789 n.
1363 3735 1418 3805 9.,
1439 3747 1608 3793 exstat
1635 3737 1870 3794 Michae-

295 3819 360 3873 lis
387 3817 564 3890 δινσιε
581 3829 874 3900 tractatus,
892 3825 986 3895 qui
1011 3825 1068 3879 in
1080 3827 1239 3881 ’ναι-ἔα
1267 3829 1446 3897 capita
1469 3829 1724 3884 dividitur
1745 3839 1866 3897 etc.,

293 3908 385 3977 qui
434 3908 566 3963 liber
597 3926 737 3965 anno
764 3927 888 3968 certe
934 3912 1256 3970 Grccanicte
1305 3917 1446 3974 6978
1495 3918 1722 3989 scriptus
1762 3936 1871 3976 esse

293 3998 510 4064 dicitur,
552 4000 649 4056 hoc
679 4009 776 4067 est,
804 4018 946 4058 anno
974 4001 1173 4062 Christi
1197 4005 1312 4062 nati
1344 4007 1502 4063 1470.
1539 4007 1778 4079 Denique
1812 4011 1869 4065 in

291 4088 538 4159 catalogo
584 4089 910 4147 bibliothecis
964 4091 1282 4165 Marquardi
1323 4097 1518 4165 Gudii,
1576 4100 1666 4169 qui
1712 4101 1869 4171 regite

291 4179 784 4249 majestatisDanits
798 4185 1135 4241 consiliarius
1150 4189 1248 4258 fuit
1276 4188 1330 4245 in
1352 4205 1594 4260 supremo
1613 4192 1868 4247 tribunali

287 4274 513 4326 ducatus
546 4269 918 4343 Sleswicensis,
960 4293 1100 4332 anno
1133 4278 1273 4335 1706
1315 4279 1522 4338 Kilonii
1548 4283 1687 4338 edito
1717 4284 1774 4340 in
1807 4285 1864 4349 ι,

288 4364 436 4434 apud
464 4364 813 4421 Bartholdum
835 4366 1176 4436 Reutherum,
1217 4388 1340 4441 pag.
1374 4373 1499 4438 533,
1553 4376 1690 4429 inter
1733 4394 1862 4433 mss.

288 4456 491 4512 codices
514 4457 724 4515 Grmcos
749 4460 807 4515 in
836 4461 892 4526 4,
923 4460 1040 4518 cod.
1075 4463 1167 4529 50,
1207 4461 1485 4520 Michaelis
1520 4466 1694 4537 Glycc
1747 4487 1863 4524 ser-

1966 631 2234 700 dogmatis
2259 634 2567 688 censendus
2588 634 2678 698 sit,
2703 635 2844 704 quod
2868 636 3086 705 quidem
3113 649 3179 689 ex
3208 635 3380 704 ipsius
3402 637 3536 688 scri-

1967 725 2077 792 ptis
2095 726 2396 780 eruendurn
2421 727 2654 783 videtur.
2674 728 2892 798 Giycam
2917 729 3136 798 quidem
3168 729 3533 781 orthodoxam

1966 816 2104 872 Phil.
2135 816 2381 873 Labbeus
2423 819 2718 875 arbitratur
2743 860 2759 885 ,
2806 821 2902 874 sed
2927 819 3200 875 evidentia
3251 820 3368 888 ipsa
3401 835 3536 872 con-

1969 907 2196 962 trarium
2240 907 2657 964 demonstravit.
2686 908 2982 980 Antiquum
3010 909 3158 964 enim
3190 910 3428 966 schisma
3482 918 3538 961 et

1971 997 2085 1066 ipse
2138 997 2349 1063 fovens,
2391 999 2636 1068 quzedam
2693 1010 2881 1056 contra
2927 999 3146 1054 Latinos
3208 999 3533 1067 composuit.

1970 1086 2104 1140 Nam
2158 1088 2379 1157 scripsit
2419 1087 2655 1154 primum
2712 1089 2779 1143 ad
2838 1088 3132 1169 Maximum
3179 1086 3538 1146 Smeniotent,

1972 1176 2159 1248 Εὶχρὴ
2190 1179 2480 1249 προσέχειν
2501 1180 2614 1244 τοῖς
2633 1180 2907 1248 λέγουσιν,
2938 1181 3020 1232 ὅτι
3050 1178 3231 1232 λαϐὼν
3260 1178 3540 1248 ὀΧριστὺς

1972 1269 2184 1340 ἄζυμον
2207 1270 2266 1323 ὲν
2289 1274 2356 1341 τῇ
2397 1271 2609 1342 ἑσπέρα
2633 1271 2732 1341 τῆς
2765 1271 3008 1341 μεγάλης
3034 1272 3294 1340 Πέμπτης
3323 1271 3398 1332 ὡς
3430 1270 3539 1321 τῶν

1971 1362 2072 1431 τῆς
2101 1361 2294 1431 ἑορτῆς
2319 1362 2412 1415 τοῦ
2441 1363 2650 1433 Πάσχα,
2676 1361 2974 1431 τηνικαῦτα
2996 1363 3155 1432 δῆθεν
3178 1364 3287 1424 τοῖς
3319 1363 3540 1422 οἰκείοις

1975 1453 2034 1506 τὸ
2072 1453 2267 1523 Πάσχα
2304 1453 2574 1510 ἐτέλεσενο
2611 1455 2695 1507 An
2751 1455 3040 1507 dicentibus
3073 1454 3442 1508 attendendum
3472 1455 3538 1504 sit

1975 1543 2240 1598 Christum
2266 1560 2475 1613 vespere
2510 1560 2716 1616 magna:
2745 1546 2893 1614 ferite
2926 1562 2979 1609 ν,
3028 1561 3142 1598 cum
3170 1546 3382 1598 Pascha
3406 1545 3541 1597 cele-

1975 1634 2236 1701 braretur,
2271 1636 2526 1703 accepisse
2550 1652 2820 1705 azymum,
2862 1646 2910 1689 et
2934 1636 3010 1688 sic
3046 1635 3156 1689 suis
3195 1644 3304 1688 tum
3337 1634 3538 1688 Pascha

1977 1727 2280 1783 tradidisse.
2348 1725 2681 1797 Principium
2731 1736 2911 1781 autem
2963 1736 3086 1782 est:
3153 1723 3213 1779 '0
3257 1727 3384 1795 περὶ
3432 1727 3542 1777 τῶν

1977 1817 2204 1888 ἀζύμων
2239 1818 2416 1886 λόγος,
2437 1811 2482 1873 ὦ
2505 1817 2628 1872 θεία
2661 1819 2755 1872 καὶ
2785 1817 2909 1887 ιερὰ
2937 1817 3172 1887 κεφαλὴ,
3202 1817 3296 1869 καὶ
3330 1816 3542 1877 πολλοῖς

1963 1908 2189 1980 ἔφθασε.
2218 1908 2450 1980 Scripsit
2482 1908 2678 1964 deinde
2704 1910 2843 1979 Περί
2878 1926 3042 1962 τινων
3089 1909 3356 1980 χρήσεων,
3384 1909 3464 1960 ὅτι
3483 1910 3543 1959 ἐκ

1967 2000 2132 2072 μόνου
2163 1999 2258 2054 τοῦ
2306 1999 2536 2069 Πατρδς,
2585 2000 2646 2052 οὐ
2679 1999 2786 2069 μὴν
2808 1999 2865 2053 δὲ
2923 2001 3016 2052 καὶ
3048 2000 3113 2052 ὲκ
3160 1997 3253 2050 τοῦ
3303 1997 3431 2050 Υἱοῦ
3482 2000 3543 2048 τὸ

1967 2092 2191 2163 Πνεῦμα
2227 2091 2289 2148 τὸ
2318 2092 2471 2161 ἅγιον
2505 2092 2899 2162 ἐκπορεύεται,
2948 2091 3043 2145 καὶ
3098 2092 3182 2144 ὅτι
3239 2091 3298 2144 οὑ
3347 2091 3541 2143 ταυτὸν

1965 2185 2240 2258 ἀποστολὴ
2261 2187 2356 2239 καὶ
2388 2185 2744 2255 ἑκπόρευσις·
2786 2184 2862 2239 De
2907 2184 3178 2238 nonnullis
3215 2183 3434 2236 Patrum
3469 2194 3543 2235 tc-

1967 2278 2251 2340 stimoniis,
2280 2277 2462 2348 quibus
2486 2277 2754 2347 probatur,
2781 2292 2846 2330 ea:
2880 2276 2990 2331 solo
3021 2274 3210 2343 Patre,
3237 2291 3339 2329 nan
3368 2285 3543 2328 autem

1967 2381 2016 2425 et
2047 2387 2110 2425 ea:
2127 2367 2578 2439 Filio,-Spirilum
2604 2377 2846 2424 sanctum
2871 2368 3146 2438 procedere
3170 2384 3188 2422 :
3217 2378 3266 2421 et
3293 2384 3393 2421 non
3432 2384 3544 2421 esse

1965 2462 2104 2518 idem
2135 2463 2437 2518 missionem
2482 2469 2533 2516 st
2574 2461 2977 2531 processionem.
3023 2459 3544 2531 Principium,'i‘18£

1971 2570 2055 2608 σοι
2089 2553 2185 2608 καὶ
2213 2555 2466 2625 περὶτῆς
2503 2553 2745 2626 ἀρρήτου
2775 2552 2870 2606 τοῦ
2903 2553 3174 2622 παναγιου
3226 2546 3545 2621 Πνεύματος

1968 2644 2371 2717 ικιιορεύσεως.
2411 2644 2615 2703 Verum
2651 2654 2835 2701 tamen
2871 2654 2956 2701 est
3014 2661 3138 2701 eum
3171 2661 3270 2718 pro
3331 2645 3545 2700 Latinis

1969 2753 2186 2811 quoque
2214 2748 2400 2796 contra
2446 2754 2573 2797 suos
2599 2739 2820 2796 Graecos
2882 2739 3172 2810 scripsisse
3229 2738 3297 2795 ad
3351 2740 3545 2794 Isaiam

1970 2831 2317 2899 nronachum,
2382 2832 2520 2902 Περὶ
2563 2831 2659 2886 τοῦ
2712 2835 2893 2887 ὁποῖον
2957 2833 3175 2904 ἀπαντᾷ
3221 2834 3375 2896 τέλος
3424 2835 3546 2893 ταῖς

1969 2916 2169 2990 ψυχαῖς
2198 2917 2602 2990 χωριζομὲναις
2647 2919 2744 2974 τοῦ
2781 2919 3056 2991 σώματος,
3084 2922 3179 2975 καὶ
3220 2922 3354 2974 ὅπου
3384 2920 3547 2974 αὑταὶ

1970 3009 2327 3080 ἀπέρχονται.
2355 3008 2493 3075 Quid
2521 3010 2590 3065 sit
2623 3009 2687 3066 de
2719 3011 3020 3074 animabus.
3043 3023 3324 3083 postquam
3357 3013 3547 3083 fuerint

1972 3118 2006 3157 a
2036 3116 2250 3170 corpore
2271 3110 2552 3172 separatae,
2585 3110 2766 3173 etquo
2797 3104 2908 3158 illa:
2931 3105 3164 3161 abeant?
3190 3105 3548 3174 Principium,

1895 3217 1942 3279 ο
1972 3192 2083 3249 Καὶ
2106 3193 2364 3265 περὶτῶν
2401 3194 2498 3264 μὲν
2519 3195 2767 3262 δικαίων,
2799 3195 2856 3250 τί
2882 3197 2990 3268 χρὴ
3025 3200 3122 3252 καὶ
3152 3198 3357 3267 λέγειν.
3407 3198 3548 3251 inibi

1975 3286 2170 3357 probat
2202 3285 2632 3343 luculentissime
2668 3287 2724 3342 iu
2755 3288 2954 3344 cmlum
2991 3302 3084 3343 eas
3116 3288 3320 3344 deferri
3347 3332 3361 3356 ,
3391 3290 3546 3344 ideo-

1975 3393 2082 3449 que
2115 3387 2413 3450 preesentes
2442 3379 2612 3436 Deum
2649 3380 2940 3438 manifeste
2994 3381 3218 3448 intueri,
3245 3391 3411 3452 atque
3473 3383 3547 3435 ita

1975 3485 2189 3527 summa
2213 3470 2476 3527 beatitate
2527 3471 2810 3543 gaudere:
2853 3481 2913 3527 ut
2940 3471 3070 3528 hinc
3114 3489 3311 3544 arguas
3357 3488 3549 3528 omnes

1974 3561 2285 3620 Graecorum
2308 3576 2548 3628 errores,
2577 3562 2711 3633 ipsis
2740 3564 2905 3618 etiam
2931 3562 3158 3630 Graecis,
3184 3565 3276 3633 qui
3310 3565 3547 3619 sehisma

1972 3652 2248 3720 foverunt,
2297 3669 2409 3710 non
2447 3655 2639 3710 eodem
2702 3654 2823 3711 loco
2861 3654 3054 3711 fuisse.
3090 3655 3191 3712 ilic
3239 3668 3549 3726 postremus

1975 3761 2154 3804 sermo
2196 3745 2424 3803 decimae
2448 3754 2655 3803 octavae
2697 3746 2946 3817 epistolae
3002 3747 3184 3801 locum
3226 3747 3438 3802 obtinet
3494 3749 3546 3801 in

1972 3837 2158 3895 indice
2183 3837 2571 3906 Lambeciano,
2601 3854 2764 3910 aqua
2815 3853 2928 3894 non
2977 3839 3210 3894 multum
3265 3840 3548 3894 dissimilis
3602 3896 3607 3899 .

1972 3929 2278 4002 argumenti
2315 3928 2533 3986 videtur
2555 3944 2676 3986 esse
2702 3945 2793 3995 ea,
2840 3945 2962 4001 quae
3003 3932 3276 4002 sequitur,
3315 3935 3549 3988 undevi-

1971 4020 2199 4087 cesima,
2228 4020 2410 4078 eidem
2457 4022 2730 4077 monacho
2770 4023 2994 4092 scripta.
3049 4024 3156 4079 Alii
3195 4033 3380 4080 autem
3439 4028 3548 4080 duo

1936 4156 1941 4160 .
1972 4120 2240 4170 tractatus
2265 4112 2532 4169 adversus
2556 4111 2781 4169 Latinos
2817 4123 2946 4169 sunt
2975 4114 3236 4170 vicesima
3290 4118 3544 4186 septima.

1971 4215 2026 4262 et
2051 4205 2534 4272 duodeuicesima,
2568 4205 2814 4277 epistolae
2875 4206 2932 4261 in
2980 4205 3163 4262 Indice
3225 4219 3545 4269 memorato,

1969 4309 2131 4366 quem
2160 4305 2286 4366 post
2309 4295 2569 4367 epistolas
2599 4297 2668 4350 ad
2699 4296 2883 4365 operis
2907 4297 3137 4361 calcem,
3170 4306 3227 4350 ut
3260 4297 3370 4367 jam
3401 4299 3548 4352 dixi.

1968 4400 2112 4452 mus,
2165 4399 2291 4442 cum
2335 4385 2455 4443 aliis
2518 4384 2889 4457 fragmentis,
2944 4389 3269 4457 tempestive
3320 4389 3544 4444 exhibe-

1968 4482 2167 4538 bimus.

288 4566 492 4616 mones,
525 4554 804 4608 chartaceo
849 4556 1024 4610 codice
1072 4557 1221 4612 bonte
1267 4567 1427 4626 notae,
1478 4553 1629 4630 quem
1674 4563 1860 4617 titulus
1892 4551 1940 4608 Ῑ)
2035 4574 2155 4629 Jam
2185 4587 2316 4629 vero
2352 4573 2489 4644 quid
2518 4575 2587 4632 de
2614 4575 2793 4648 Glycag
2832 4577 3164 4644 eruditione,
3194 4579 3429 4650 judicio,
3457 4580 3541 4633 di-

242 4708 243 4711 η
288 4641 602 4708 σοφώτατον
659 4644 756 4697 καὶ
794 4646 1122 4714 λογιώτατον
1158 4650 1368 4716 laudat,
1429 4652 1515 4706 ubi
1550 4664 1860 4725 argumenta

285 4746 586 4786 sermonum
649 4744 984 4790 recensentur
1041 4742 1628 4814 summatim,~singulis
1662 4761 1754 4814 per
1776 4762 1864 4801 or-

288 4823 467 4878 dinem
506 4825 649 4890 operi
670 4826 972 4894 prcemissis.
1010 4829 1133 4886 limo
1172 4833 1390 4903 quidem
1421 4835 1535 4893 ille.
1575 4835 1689 4894 Sed
1746 4839 1862 4896 huic

288 4913 404 4970 fere
427 4915 610 4970 omnia
650 4916 726 4970 nil
762 4917 908 4974 aliud
933 4920 1061 4975 mihi
1095 4935 1214 4978 esse
1239 4924 1516 4996 videntur,
1546 4943 1706 5000 quam
1735 4931 1862 5001 ipsae

286 5004 468 5075 Glycaa
535 5005 822 5076 Epistolas,
873 5025 994 5079 quae
1047 5012 1233 5081 Λόγοι,
1256 5013 1532 5073 Sermones
1584 5019 1860 5077 interdum

287 5098 697 5178 inscribuntur,
720 5111 781 5157 ut
817 5104 1040 5173 quidem
1101 5106 1398 5178 aliquando
1450 5109 1508 5165 lit
1560 5111 1614 5166 in
1667 5113 1860 5169 codice

287 5187 670 5245 Riccardiano.
689 5175 848 5248 'Guil.
873 5195 1094 5264 quidem
1120 5175 1334 5254 cavens
1364 5201 1420 5255 in
1438 5202 1534 5258 sua
1561 5201 1854 5261 Litteraria

286 5280 598 5349 scriptorum
632 5282 1105 5342 ecclesiasticarum
1163 5288 1400 5346 Historia
1425 5294 1691 5365 scriptum
1721 5296 1858 5351 reli-

287 5371 427 5440 quit,
453 5373 644 5428 codice
670 5375 1047 5448 philosophica
1078 5380 1180 5436 105
1205 5383 1550 5443 bibliothecae
1574 5388 1858 5455 Caesareae,

287 5465 546 5520 nonnulla
578 5466 756 5538 Glycae
783 5470 959 5540 capita
989 5473 1361 5546 philosophica
1396 5482 1667 5537 asservari
1693 5499 1708 5539 :
1762 5486 1859 5541 sed

287 5558 400 5626 eius
423 5558 679 5616 inimicus
702 5570 758 5617 et
775 5563 1076 5621 insectator
1092 5567 1416 5638 acerrimus,
1437 5570 1562 5629 Cas.
1589 5574 1856 5646 Oudinus,

287 5648 336 5702 id
367 5647 489 5704 falsi
519 5653 699 5724 arguit
752 5652 1110 5728 afﬁrmatque,
1147 5674 1270 5716 cum
1299 5666 1683 5733 consuluisset,
1719 5671 1857 5727 nihil

287 5754 343 5796 se
382 5742 488 5798 tale
518 5747 790 5815 reperisse

353 5832 474 5889 Jam
508 5845 744 5912 tempus,
785 5855 932 5918 cum-
969 5846 1036 5902 de
1064 5847 1242 5916 Glycu:
1293 5851 1510 5917 scriptis
1537 5854 1646 5912 late
1679 5857 1855 5924 egeri-

1967 4665 2185 4736 ligentia
2223 4675 2279 4721 et
2337 4665 2693 4737 opinionibus
2747 4669 3041 4726 dicendum
3095 4679 3147 4727 et
3189 4674 3539 4728 sentiendum

1965 4757 2055 4826 sit,
2076 4756 2227 4824 alibi,
2256 4758 2385 4814 licet
2408 4758 2779 4831 perfunctorie
2795 4770 2854 4833 et,
2877 4762 3075 4829 obiter,
3099 4766 3507 4821 enuntiavimns
3528 4810 3541 4832 ,

1964 4863 2133 4920 quare
2162 4849 2278 4906 haec
2314 4850 2369 4906 iu
2396 4851 2683 4922 praesentia
2710 4852 2962 4922 pluribus
2990 4854 3250 4911 diducere
3285 4871 3384 4926 pro
3412 4857 3539 4910 inu-

1969 4940 2046 4997 tili
2096 4956 2162 4998 ac
2212 4957 2621 5014 supervacaneo
2668 4944 2858 5000 haberi
2923 4955 3127 5017 posset.
3177 4947 3274 5003 ilic
3331 4956 3540 5003 tantum

1966 5034 2238 5092 ascribere
2282 5050 2313 5092 e
2343 5051 2402 5092 re
2446 5036 2565 5093 fore
2595 5023 2837 5094 arbitror
2885 5040 3196 5111 catalogum
3230 5050 3542 5105 auctorum,

1964 5126 2057 5196 qui
2084 5125 2137 5181 in
2167 5126 2343 5199 Giycae
2369 5129 2659 5199 operibus,
2691 5145 2814 5185 cum
2845 5131 3127 5202 Epistolis,
3155 5141 3267 5187 tum
3315 5133 3544 5186 Annali-

1964 5217 2088 5284 bus,
2115 5219 2375 5288 citantur,
2414 5229 2471 5276 et
2495 5236 2564 5276 ex
2615 5221 2814 5292 quibus
2864 5221 3053 5279 omnia
3109 5238 3207 5279 sua
3256 5223 3542 5293 collegisse

1967 5311 2269 5379 compilans
2297 5311 2387 5366 ille
2407 5312 2645 5382 videtur,

2035 5398 2317 5472 Floriferis
2354 5411 2412 5456 ut
2443 5420 2567 5472 apes
2591 5405 2644 5458 in
2669 5406 2890 5462 saltibus
2922 5408 3097 5462 omnia
3136 5409 3324 5464 libant.

2035 5492 2192 5549 Hunc
2215 5495 2435 5565 quidem
2461 5508 2659 5566 praeter
2675 5499 2894 5555 brevem
2930 5502 3079 5556 illum
3103 5511 3417 5561 auctorum,
3448 5504 3542 5570 qn?

1965 5586 2020 5640 in
2050 5585 2304 5656 Epistolis
2329 5587 2642 5656 laudantur,
2676 5607 2834 5660 quem
2860 5595 3022 5660 paulo
3049 5595 3300 5663 superius
3332 5593 3509 5646 deseri

1963 5676 2194 5746 psimus,
2228 5678 2319 5732 alii
2348 5695 2565 5749 quoque
2593 5681 2996 5738 concinnarunt
3023 5700 3037 5747 ;
3068 5685 3184 5750 sed,
3223 5700 3383 5754 quem
3421 5685 3539 5751 ipse

1960 5771 2242 5836 contexui,
2270 5773 2634 5842 copiosiorem
2658 5776 3161 5848 absolutioretnque
3182 5793 3302 5832 esse
3329 5777 3538 5830 inﬁcia-

1958 5860 2106 5918 bitur
2141 5879 2328 5924 nemo.
