4214 6442
694 401 827 441 λ.ἵὶἶ1

1913 396 2010 453 DE
2059 395 2453 453 iiIiIIIAELE
2493 396 2726 453 GLYCA

3807 401 3948 439 ικιγ

692 499 950 557 Massam:
1003 519 1103 572 pro
1166 507 1447 558 tnonarhis
1502 505 1699 559 Graecis
1726 544 1740 568 ,
1801 518 1894 556 seu
1950 504 2227 573 Cal'tgeris
2252 545 2266 566 ,
2301 512 2339 564 Α
2372 502 2620 558 Grmcum
2657 503 2948 559 Annalium
3000 504 3176 575 Glyco:
3209 505 3452 561 codicem
3486 517 3586 557 ms.
3642 502 3695 556 in
3731 500 3947 555 Biblio-

690 608 791 647 con
827 596 866 649 ti
895 610 978 649 uti
1014 598 1333 665 praeceptori
1381 612 1558 649 annua
1587 596 1838 650 mercede
1868 609 2159 650 aureOrum
2199 596 2267 649 80

691 683 757 735 de
792 699 1002 737 camera
1059 684 1319 737 solvenda
1347 702 1374 737 a
1407 684 1756 738 monasteriis
1788 683 2099 746 Basilianis,
2154 685 2266 738 eri-

690 787 973 839 geruntur;
1009 778 1151 844 quod
1186 777 1528 830 exsecutioni
1560 776 1929 830 mandandum
1978 775 2264 831 Bes~arion

689 862 910 917 Ordinis
945 876 1221 932 protector
1276 868 1473 922 litteris
1528 868 1711 921 limine
1761 884 1906 923 anno
1957 871 2264 938 insequenti

686 951 827 1005 datis
883 956 1089 1015 (nlixit.
1148 960 1448 1010 Athanasio
1512 959 1770 1027 cpisc0po
1838 959 2149 1013 IIieract-nsi
2211 972 2265 1013 et

686 1044 1008 1111 quibusdam
1050 1048 1337 1101 abbatibus
1401 1051 1669 1107 scribens.
1703 1052 1843 1106 IIinc
1862 1052 2265 1107 Constantinus

688 1132 931 1189 Lasraris
989 1136 1091 1189 (ΣΡ.
1138 1155 1200 1191 ex
1236 1139 1432 1194 litteris
1480 1144 1806 1211 protectoris
1845 1143 2070 1198 Ordinis
2126 1146 2264 1198 datis

688 1223 874 1279 limine
906 1228 1082 1293 pridie
1117 1228 1244 1284 Idus
1285 1232 1596 1287 Decembris
1636 1234 1798 1301 H67,
1844 1252 1966 1289 cum
2012 1238 2262 1290 mercede

684 1332 866 1369 annua
896 1332 936 1368 si
959 1328 1231 1373 utatortnn
1266 1321 1357 1383 80,
1390 1338 1509 1389 qua:
1549 1326 1763 1380 solvere
1798 1335 2119 1380 tenerentur
2144 1342 2262 1381 mo-

687 1408 924 1461 nasteria
988 1409 1174 1465 Cra-ca
1243 1412 1467 1479 Sicilire,
1501 1417 1759 1471 docenda:
1808 1418 2006 1486 linguae
2063 1419 2262 1475 Grzccze

688 1498 996 1565 πυγιδέὶςιιιιιικ
1035 1503 1193 1555 Anno
1230 1505 1361 1559 1478
1394 1508 1791 1564 Constantinus
1809 1509 2053 1565 Lascaris
2084 1513 2263 1567 adhuc

686 1590 737 1640 in
766 1588 949 1643 Sicilia
989 1585 1261 1659 docebat,“
1296 1605 1348 1649 et
1380 1598 1483 1651 hoc
1519 1613 1684 1661 anno.
1715 1600 1869 1667 jussu
1920 1601 2118 1669 Egidii
2158 1602 2263 1655 Ro-

687 1683 825 1734 mani
860 1683 1068 1737 abbatis
1101 1688 1415 1742 monasterii
1446 1688 1546 1743 SS.
1568 1688 1715 1745 Petri
1742 1702 1793 1745 et
1814 1690 1970 1745 Pauli
2002 1693 2068 1746 de
2094 1694 2260 1764 Agre,

685 1786 715 1825 ρ
749 1772 941 1829 Grzeco
972 1776 1023 1828 in
1055 1775 1307 1833 Latinum
1344 1782 1614 1836 convertit
1647 1784 1970 1851 primmvum
2018 1784 2257 1853 diploma

684 1864 1019 1919 fraudationis
1058 1876 1113 1920 et
1141 1868 1437 1926 delationis
1466 1871 1611 1926 illius
1645 1873 1877 1928 caenobii
1916 1875 2103 1929 datum
2160 1892 2259 1929 an-

686 1972 757 2006 no
787 1958 971 2012 mundi
1008 1959 1171 2024 (5625,
1204 1961 1508 2017 indictione
1551 1964 1605 2020 9.
1644 1968 1804 2019 Auno
1852 1969 2061 2035 pariter
2118 1967 2257 2021 1499

693 2045 837 2098 idem
875 2045 1123 2104 Lascaris
1190 2049 1379 2106 Latine
1418 2035 1953 2111 'rcdiliditGrmeum
2009 2056 2255 2127 Diploma

685 2137 904 2203 Rogerii
940 2142 1178 2207 comitis,
1218 2158 1325 2211 quo
1356 2143 1401 2197 is
1430 2153 1660 2198 testatur
1690 2157 1841 2216 parta
1868 2146 1934 2201 de
1970 2148 2260 2202 Saracenis

684 2230 913 2286 victoria
945 2233 1209 2302 templum
1256 2245 1310 2290 et
1358 2236 1671 2291 ccrnobium
1709 2237 1924 2293 Sancta:
1977 2238 2156 2294 Mariae
2194 2240 2260 2295 de

686 2320 797 2375 Blili
818 2323 1133 2393 aedificasse,
1152 2336 1207 2380 et
1233 2327 1279 2381 ei
1303 2326 1617 2383 llicltaelem
1641 2330 1892 2385 abbatem
1927 2332 2110 2401 prtefet
2129 2334 2258 2398 isse,

683 2414 867 2469 datum
907 2431 1050 2470 anno
1081 2418 1269 2473 mundi
1303 2419 1461 2484 6600,
1494 2421 1582 2474 die
1616 2422 1677 2477 10
1726 2423 2060 2491 Decembris,
2117 2425 2259 2480 indi-

683 2506 863 2561 cfiotte
900 2507 983 2573 Η,
1017 2508 1219 2564 Christi
1260 2511 1419 2565 1092.
1459 2512 1562 2567 Sed
1612 2514 1697 2567 vix
1729 2514 1983 2570 dubitare
2018 2531 2259 2585 possunt,

681 2601 811 2667 quin
850 2600 935 2653 hic
970 2601 1085 2670 ipse
1116 2601 1361 2659 Lascaris
1396 2613 1449 2659 et
1487 2616 1613 2659 ante
1646 2605 1759 2659 lucc
1793 2615 2037 2675 tempora
2073 2609 2125 2660 in
2172 2608 2262 2662 Si-

682 2688 803 2741 cilia
835 2700 890 2743 et
922 2690 1169 2745 Calabria
1207 2704 1455 2749 versatus
1487 2695 1577 2761 sit,
1631 2712 1755 2751 cum
1788 2698 2000 2753 videam
2028 2714 2158 2753 eum
2195 2686 2262 2753 li-

684 2783 840 2834 brum
878 2783 948 2837 De
992 2782 1238 2839 Calabris
1269 2797 1317 2840 et
1362 2785 1560 2841 Siculis
1590 2790 1935 2857 scriptoribus
1989 2806 2262 2853 exarasse,

680 2880 733 2923 rt
772 2872 1052 2942 Alpltonso
1086 2877 1387 2946 Neapoleos
1422 2879 1556 2950 regi,
1592 2880 1683 2948 qui
1716 2896 1863 2935 anno
1894 2881 2029 2935 1458
2056 2893 2264 2937 natura:

680 2970 977 3033 concessit,
1015 2973 1459 3039 nunrttpavisse;
1515 2972 1773 3039 quiliber
1837 2972 2070 3028 habetur
2121 2976 2264 3045 apud

685 3056 1017 3121 Fabricium,
1077 3070 1207 3116 tom.
1254 3060 1368 3115 XIV
1405 3062 1746 3117 Bibliotheca:
1802 3063 2023 3118 Grrera’.
2087 3064 2264 3134 Atque

2372 594 2530 648 theca
2560 595 2839 651 Saibantis
2872 594 3100 667 Veronae
3129 594 3419 655 asservari,
3454 601 3513 646 ut
3540 591 3722 661 prodit
3755 592 3809 643 in
3839 604 3948 643 Sua

2385 684 2585 737 Verona
2613 685 2878 738 illustrata
2914 686 2993 741 vir
3010 686 3274 740 doctrinae
3297 694 3349 738 et
3370 680 3690 737 eruditionis
3712 681 3951 734 immen-

2370 790 2443 829 sae
2473 775 2656 844 Scipio
2687 774 2931 831 Maﬂ'eius
2953 777 3216 830 tnarchio.

2438 864 2618 935 Glycm
2664 865 2919 932 Epistolas
2948 866 3103 936 juxta
3166 864 3479 920 Fabricium
3535 877 3826 917 numerum
3871 860 3945 913 53

2366 957 2608 1026 explent,
2640 968 2773 1026 quot
2805 958 2894 1011 ille
2924 958 3154 1012 credita
3178 956 3469 1011 Lambecio
3507 956 3814 1017 recenseri;
3840 952 3939 1007 sed

2369 1050 2538 1104 multo
2572 1049 2778 1118 [plures
2821 1049 2910 1103 ille
2956 1058 3263 1113 memorat,
3316 1057 3369 1100 et
3417 1047 3481 1100 ad
3527 1060 3817 1098 numerum
3870 1044 3942 1098 GI

2365 1141 2658 1196 ascendere
2682 1142 2932 1205 afﬁrmat,
2954 1142 3131 1210 utjam
3156 1141 3208 1194 in
3232 1139 3405 1209 prima
3428 1139 3741 1207 praefatione
3763 1139 3931 1193 anim-

2366 1234 2594 1287 adverti.
2630 1234 2770 1300 Quin
2833 1235 2949 1304 ipse
2994 1233 3275 1288 Fabricius
3342 1234 3595 1287 observat
3624 1231 3850 1286 Parisiis
3878 1233 3932 1284 in

2365 1324 2690 1379 hilliotheea
2728 1325 2893 1395 Regia
2918 1324 3175 1395 epistolas
3198 1325 3267 1379 92
3290 1323 3567 1377 Michaelis
3599 1322 3775 1393 Glyca:
3800 1338 3935 1376 mss.

2365 1416 2666 1480 asservari;
2703 1416 2817 1484 ipse
2844 1430 2975 1470 vero
3007 1415 3307 1469 addiderim
3339 1414 3516 1486 Glycae
3567 1414 3933 1477 Epistolarum

2365 1508 2629 1570 codicem,
2666 1522 2829 1561 manu
2862 1517 3168 1569 exaratum.
3200 1506 3365 1576 quiin
3395 1507 3703 1576 Augustana
3728 1505 3933 1559 Bibliv—

2366 1601 2520 1653 theca
2570 1608 2767 1662 exstat,
2820 1608 2875 1653 et
2921 1599 3077 1667 cujus
3130 1597 3259 1652 alibi
3314 1597 3647 1651 mentionem
3681 1595 3933 1657 fecimus,

2367 1690 2499 1743 mihi
2525 1689 2752 1742 missum
2775 1697 2828 1743 et
2859 1688 3265 1742 commodatum
3299 1686 3389 1751 iri,
3422 1687 3464 1741 si
3510 1687 3692 1748 velim,
3730 1693 3787 1740 ut
3821 1700 3888 1738 0n
3912 1712 3939 1722 -

2368 1795 2463 1833 nes
2521 1780 2848 1845 describam,
2908 1794 3058 1848 sper.
3096 1780 3292 1833 fecisse
3320 1780 3402 1832 vir
3428 1764 3778 1834 clarissimus
3817 1776 3934 1831 Jac.

2366 1868 2638 1924 Brnkerus
2691 1868 3062 1939 Augustalius,
3130 1869 3523 1940 Caufbyrensis
3579 1867 3830 1922 minister
3880 1876 3938 1920 rt

2361 1961 2680 2015 scholarcha
2731 1960 2974 2015 doctrina
3019 1962 3173 2029 juxta
3241 1976 3304 2015 ac
3344 1959 3680 2015 humanitate
3714 1957 3937 2026 pracci-

2363 2054 2514 2119 Icns;
2546 2070 2707 2124 quem
2738 2054 2959 2122 quidem
2978 2053 3220 2108 nondum
3254 2062 3505 2108 senatum
3526 2051 3677 2105 illum
3708 2049 3933 2119 amplis-

2358 2146 2559 2199 simum
2594 2146 2749 2216 petii,
2776 2146 2921 2215 quod
2954 2161 3146 2200 omnes
3180 2146 3287 2201 illa:
3316 2145 3402 2200 his
3429 2144 3747 2198 Deliciarum
3784 2156 3937 2196 mea-

2363 2253 2479 2290 rum
2508 2239 2775 2306 angustiis
2802 2238 3195 2308 comprehendi
3219 2252 3324 2293 non
3351 2237 3582 2307 possint,
3608 2247 3664 2290 ut
3683 2234 3938 2289 materia-

2362 2348 2480 2386 rum
2517 2331 2747 2387 varietas
2775 2330 2827 2385 in
2864 2332 2932 2386 iis
2962 2331 3231 2401 promissa
3262 2339 3534 2385 servetur.
3584 2326 3936 2383 Memorabile

2361 2437 2417 2482 et
2442 2427 2657 2496 insigne
2682 2427 3016 2496 exemplum,
3043 2424 3187 2494 quod
3220 2425 3424 2478 multos
3447 2422 3636 2494 patriae
3670 2422 3935 2491 ingratos,

2363 2518 2559 2573 litteris
2594 2518 2867 2580 exitiales,
2926 2518 3139 2586 sibique
3187 2526 3244 2570 et
3294 2531 3408 2569 sure
3471 2513 3627 2569 famae
3680 2511 3937 2566 inimicos

2365 2611 2582 2664 homun~
2606 2610 2779 2671 iones.
2807 2610 2897 2677 qu?
2928 2607 2995 2661 ad
3031 2607 3254 2661 inutiles
3275 2606 3380 2660 sibi
3411 2618 3539 2658 suas
3571 2600 3938 2657 bibliothecas

2363 2702 2498 2756 viris
2535 2701 2711 2756 doctis
2757 2700 2963 2754 aditum
3008 2698 3340 2768 praecludere
3381 2696 3696 2773 sustinent,
3744 2692 3941 2747 merito

2364 2793 2573 2864 pudore
2614 2791 2916 2848 suﬂ‘uudat.
2974 2789 3231 2860 Epistolas
3287 2790 3319 2843 5
3379 2788 3584 2858 Glycae,
3639 2800 3776 2854 quas
3828 2785 3938 2838 hoc

2366 2884 2643 2939 volumine
2669 2882 2872 2953 publici
2892 2883 3031 2952 juris
3058 2882 3221 2949 facio,
3245 2880 3440 2950 partim
3469 2877 3663 2933 Joanni
3702 2876 3942 2947 ASpiota

2366 2974 2658 3040 monacho,
2685 2973 2881 3041 partim
2918 2971 3073 3026 Isaias
3125 2971 3334 3040 pariter
3382 2968 3654 3023 monacho
3685 2966 3943 3022 scribun-

2370 3074 2478 3121 tur.
2505 3064 2638 3131 Quis
2676 3064 2745 3119 sit
2772 3062 3012 3117 Joannes
3060 3062 3150 3116 ille
3188 3061 3442 3132 Aspiotas
3474 3062 3662 3131 ignoro
3695 3072 3936 3128 prorsus.

685 3154 799 3204 bu-e
837 3153 1016 3220 quoad
1072 3152 1250 3224 Glyco:
1292 3162 1505 3209 re‘tatcm
1543 3168 1595 3209 et
1656 3156 1884 3225 patriam
1936 3157 2078 3211 dieta
2132 3157 2258 3210 sint.
2291 3173 2335 3233 ε
2370 3156 2515 3210 Idem
2555 3155 2857 3225 proferrem
2889 3155 2957 3209 de
3006 3154 3277 3207 monacho
3325 3152 3500 3218 Isaia,
3530 3152 3637 3207 nisi
3668 3150 3793 3205 Cas.
3822 3149 3939 3205 Ou-

686 3238 863 3305 Nunc,
892 3242 1052 3297 aliam
1093 3244 1467 3311 praefationem
1495 3250 1662 3300 etiam
1704 3247 1758 3301 in
1794 3248 1897 3301 hoc
1927 3247 2257 3315 suppleturi,

685 3333 1112 3387 memorabimus
1144 3334 1426 3390 Michaelis
1463 3335 1641 3407 Glyete
1681 3337 1755 3390 De
1790 3336 2112 3392 Paenitentiu
2149 3339 2261 3391 Su-

687 3421 911 3476 lomonis
974 3433 1313 3489 tractatum,
1368 3442 1538 3480 unum
1600 3428 1813 3481 illorum
1872 3429 2262 3498 Opusculorum

689 3512 882 3578 fuisse,
928 3530 1049 3585 ειυιθ
1106 3515 1338 3570 All-alius
1380 3518 1519 3571 libro
1552 3534 1608 3571 tv
1662 3533 1887 3572 suorum
1940 3516 2264 3588 Symmicton

682 3604 929 3661 inserere
961 3608 1351 3686 meditabatur,
1383 3621 1441 3664 ut
1469 3611 1613 3681 apud
1647 3610 1957 3665 Fabricium
1981 3611 2070 3665 lau
2098 3612 2263 3665 Tatuin

683 3699 852 3755 citato
903 3711 1050 3758 tumo
1097 3703 1291 3757 videre
1320 3712 1444 3764 est;
1486 3703 1578 3773 qui
1631 3702 1773 3757 forte
1831 3702 1905 3756 nil
1962 3702 2108 3755 aliud
2158 3712 2263 3765 est,

683 3808 844 3861 quam
892 3811 995 3849 una
1028 3810 1093 3850 ex
1142 3794 1319 3866 Ωιι-(τω
1367 3794 1648 3865 Epistolis.
1700 3794 1931 3864 Insuper
1980 3809 2265 3848 monemus

718 4026 751 4037 ιιι
761 4028 1018 4037 ’σι-νσ--“-.-
1030 4029 1197 4039 ...ων-ι,
1210 4029 1520 4040 α-α-οοοορ“ο
1531 4028 1701 4040 ﬂ“-..

2362 3248 2528 3303 dinus
2568 3246 2778 3314 opinari
2831 3245 3114 3299 videretur
3164 3259 3305 3299 esse
3337 3244 3591 3298 eumdem
3640 3257 3704 3295 ac
3740 3240 3937 3295 Isaiam

2361 3342 2535 3404 illum,
2562 3339 2718 3407 cujus
2762 3338 3060 3408 Epistolam
3093 3346 3282 3392 contra
3318 3335 3601 3391 Nicolaum
3633 3333 3937 3403 Selengiam

2362 3431 2445 3485 De
2491 3430 2819 3499 proccssione
2866 3429 3097 3498 Spiritus
3161 3429 3354 3489 sancti,
3409 3426 3661 3497 producit
3710 3424 3941 3479 Allatius

2366 3530 2497 3575 tem.
2536 3520 2556 3575 I
2594 3520 2815 3574 Gra'cia:
2865 3520 3210 3585 orthodoxae;
3239 3530 3295 3573 et
3323 3519 3416 3587 qui
3466 3532 3608 3572 anno
3642 3515 3775 3570 “30
3816 3530 3941 3583 pro-

2362 3612 2616 3667 babiliter
2644 3612 2890 3674 ﬂorebat,
2920 3622 2975 3666 ut
3000 3611 3300 3666 observant
3330 3608 3629 3665 Wartonus
3666 3617 3720 3662 et
3752 3606 3944 3660 Fabri-

2362 3705 2503 3757 cius.
2542 3704 2640 3757 Hic
2668 3702 2833 3756 Isaias
2866 3703 3179 3770 appellatur
3213 3702 3380 3756 etiam
3436 3717 3613 3755 mona-
3635 3700 3739 3753 bus
3768 3706 3823 3753 et
3843 3697 3942 3752 do-

2364 3793 2645 3857 ntesticus,
2687 3805 2746 3847 ut
2780 3794 2891 3863 jam
2925 3794 3230 3849 innuimus.

1844 4191 2801 4311 DISSERTA'I‘IO

1407 4418 1514 4478 DE
1553 4416 1847 4480 JETATE
1886 4419 1986 4477 ET
2031 4417 2377 4480 SCRIPTIS
2427 4417 2866 4480 MICHAELIS
2908 4419 3224 4481 GLYCE.

1614 4584 1740 4646 (Cas.
1774 4584 1946 4634 Ouum.
1981 4584 2045 4634 De
2072 4581 2242 4645 script.
2264 4583 2455 4644 eccies.,
2492 4592 2608 4635 tom.
2641 4584 2726 4643 III,
2761 4586 2857 4637 col.
2890 4583 3054 4648 9.521.)

1279 4884 1663 4943 PROLOGUS.

762 4986 989 5041 .‘Iicbacl
1024 4983 1236 5055 διδ-ως,
1279 4981 1499 5033 natione
1531 4975 1770 5037 Siculus.
1813 4989 1919 5028 non
1961 4975 2063 5027 sub
2081 4973 2271 5028 Alexio

693 5090 740 5134 et
779 5077 988 5133 Joanne
1049 5073 1344 5129 Comnenis
1412 5068 1829 5139 inperatoribtts
1887 5066 2313 5122 Constantino---

693 5172 948 5244 politanis
982 5171 1191 5232 vivens,
1232 5176 1291 5220 ιιι
1325 5165 1480 5233 \ulgo
1535 5164 1794 5226 creditur,
1850 5161 1944 5245 sed
1992 5162 2093 5217 sub
2125 5162 2271 5217 Con-

694 5265 933 5319 stantino
960 5261 1259 5325 Patmolugo
1287 5258 1476 5311 ultimo
1535 5256 1626 5309 illo
1660 5256 1988 5324 imperatore
2046 5255 2113 5307 ad
2174 5270 2273 5307 an-

695 5373 823 5413 num
858 5357 993 5411 I150
1026 5355 1227 5416 clarus,
1279 5350 1494 5420 scripsit
1524 5362 1668 5404 anno
1713 5347 2054 5417 incomperta
2082 5348 2267 5399 Anna-

696 5462 765 5505 t‘rs
796 5449 1238 5522 quadripartitos,
1301 5459 1438 5513 opus
1506 5456 1613 5495 non
1665 5440 1825 5494 modo
1890 5439 2270 5508 theologicam,

696 5545 790 5598 sed
824 5552 877 5597 et
914 5540 1199 5613 physicum
1233 5545 1288 5592 et
1318 5535 1662 5591 historicum.
1723 5530 1903 5585 Prima
1952 5540 2104 5602 parte
2164 5531 2273 5599 agit

701 5641 767 5691 .le
802 5649 967 5702 opch
1001 5649 1092 5687 sex
1137 5632 1369 5685 dierttm.
1425 5628 1608 5681 Altera
1656 5625 1723 5680 de
1771 5626 1935 5680 rebus
1986 5624 2153 5694 gestis
2206 5624 2273 5677 ab

697 5727 827 5783 orbe
881 5725 1102 5779 condito
1133 5736 1302 5793 usque
1333 5720 1396 5773 ad
1424 5718 1703 5774 Christum
1728 5727 1938 5772 natum.
1972 5715 2151 5769 Tertia
2189 5731 2272 5767 ri-s

700 5832 879 5892 gestas
912 5836 938 5873 ιι
972 5818 1193 5874 Christo
1223 5830 1391 5886 usque
1461 5811 1529 5867 ad
1558 5813 1973 5866 Consmetinum
2026 5809 2273 5880 Magnum

2294 4885 2347 4944 D
2375 4885 2737 4958 prosequitur.
2760 4886 2959 4951 Quarta
2992 4899 3077 4939 res
3099 4850 3293 4937 tracta't
3322 4878 3735 4950 Byzantinorum
3766 4879 3942 4951 impe-

2372 4988 2611 5033 ratorum
2638 4992 2805 5046 usque
2834 4978 2898 5030 ad
2930 4977 3143 5030 obitum
3164 4974 3336 5029 Alexii
3367 4972 3651 5036 Comneni,
3680 4975 3772 5042 qui
3799 4990 3942 5027 anno

2376 5070 2794 5132 IIl8moriens,
2857 5069 3125 5123 Joannem
3175 5066 3514 5122 Conmenum
3568 5080 3948 5121 successorem

2371 5162 2575 5216 habuit.
2613 5161 2816 5214 Exinde
2842 5174 3012 5229 usque
3040 5160 3106 5213 ad
3135 5170 3347 5227 captam
3378 5173 3404 5209 a
3441 5156 3647 5210 Latinis
3673 5155 3944 5210 Constan-

2371 5251 2650 5322 tinopolim
2678 5251 2987 5321 perstringit
3020 5265 3106 5303 res
3143 5249 3465 5319 Byzantinas
3485 5246 3725 5302 Joannes
3762 5245 3945 5301 Lenn-

2377 5343 2601 5407 clavius,
2629 5343 2720 5414 qui
2753 5352 2805 5395 et
2831 5342 3038 5410 primus
3070 5339 3245 5409 Glyrm
3300 5338 3808 5409 interpretationem
3841 5355 3942 5391 no-

2374 5436 2458 5492 bis
2487 5434 2653 5500 dedit,
2696 5433 2941 5499 Basileze,
2977 5431 3297 5498 ann01572,
3326 5433 3380 5485 in
3409 5430 3462 5496 8,
3498 5429 3635 5501 typis
3668 5430 3942 5501 Episc0pii

2373 5529 2597 5584 editam.
2633 5526 2873 5582 Habetur
2902 5535 3083 5579 autem
3143 5524 3331 5578 eadem
3380 5522 3615 5579 Historia
3652 5522 3840 5581 Grtcce
3890 5535 3946 5580 ct

2377 5622 2565 5676 Latine
2593 5621 2648 5675 in
2703 5618 2832 5673 folio
2872 5619 3011 5672 inter
3049 5615 3356 5672 Historicos
3414 5615 3742 5688 Byzantinos
3783 5615 3943 5671 Pari-

2375 5714 2473 5770 siis
2500 5728 2565 5768 ex
2598 5709 2951 5782 typograpltia
2987 5709 3172 5780 Regia,
3226 5724 3348 5763 cum
3398 5708 3842 5778 interpretatione
3892 5719 3945 5763 et

2377 5808 2518 5861 notis
2550 5804 2783 5874 Philippi
2820 5802 3044 5867 thbbei.
3081 5801 3146 5856 de
3183 5816 3289 5871 quo
3322 5811 3430 5855 tam
3466 5816 3609 5871 smpe
3647 5800 3941 5868 loquimur.
