4214 6442
244 462 388 503 ιιιιιη

246 555 339 613 lib.
399 576 427 609 ν
483 552 1019 609 (Lounnentatiotum
1084 554 1175 603 tul.
1219 550 1285 601 50
1359 543 1540 600 laudat
1587 545 1787 598 Latrbc
1849 548 1892 605 Λ

244 653 386 713 eius,
427 664 657 717 quorum
708 644 854 714 prior
884 640 1151 711 Epistolas
1186 657 1237 703 ι,
1270 639 1406 691 alter
1429 652 1512 689 ιιι
1543 635 1809 696 continet,

248 736 807 807 tlichaelemGlycam
831 744 1111 789 auctorem
1174 732 1489 797 praeferunt,
1544 730 1646 781 hoc
1680 729 1816 780 lem-

248 851 278 884 ιι
304 842 432 885 ate:
469 828 573 881 Τοῦ
619 827 931 894 σοφωτάτου
964 826 1058 876 καὶ
1109 821 1442 890 λογιωτάτου
1487 816 1657 887 κυροῦ
1685 816 1814 883 ,Μι-

243 919 385 987 χαὴλ
446 915 533 969 τοῦ
580 915 763 967 Γλυκᾶ
795 915 874 975 εἰς
929 913 1027 972 τὰς
1055 911 1289 980 ἀπορίας
1336 910 1431 978 τῆς
1485 908 1634 968 Θείας
1676 906 1815 973 Γριι-

246 1011 379 1078 eiu.
419 1006 909 1060 Laudanturetiam
932 1020 960 1057 a
981 1004 1224 1058 Gesncro
1245 1001 1347 1055 sub
1367 999 1586 1053 nomine.
1618 997 1814 1066 Glycai,

246 1109 389 1169 utet.
419 1102 488 1153 ab
518 1098 821 1152 “LBsCllCliO
875 1112 938 1149 ex
982 1094 1306 1147 bibliotheca
1352 1094 1670 1159 Augustana
1725 1101 1816 1139 co-

245 1192 371 1245 dem
398 1190 576 1250 titulo,
619 1200 671 1241 et
695 1204 723 1239 a
754 1186 959 1239 Jatobo
993 1184 1260 1244 Pontauo,
1288 1182 1378 1250 qui
1422 1182 1631 1249 priores
1685 1179 1820 1235 duas

248 1283 439 1336 Latine
473 1279 724 1334 reddidit.
766 1277 870 1331 Sed
903 1287 956 1329 et
987 1274 1052 1329 ad
1080 1274 1283 1327 calcem
1362 1270 1568 1325 codicis
1637 1280 1821 1338 posm-

252 1375 421 1425 rioris
486 1370 718 1423 Caesarei
782 1368 898 1420 ha-c
952 1367 1319 1419 scribuntur:
1392 1362 1561 1413 Τοῦτο
1620 1358 1822 1427 βιόλίον

250 1456 489 1530 ὑπέρχει
526 1460 743 1530 Μιχαὴλ
772 1459 866 1510 τοῦ
920 1458 1117 1509 Duxi.
1157 1454 1470 1509 l’rotuiscue
1501 1467 1627 1505 vero
1658 1451 1822 1504 hasce

251 1554 521 1622 l-‘pistolas
546 1555 646 1605 sub
679 1549 899 1603 nomine
949 1547 1175 1601 Zonara:
1232 1546 1348 1599 sive
1378 1544 1553 1613 Glyco:
1608 1557 1824 1610 semper

248 1647 428 1698 laudat
458 1644 687 1697 Allalius
711 1642 802 1694 lib.
838 1657 875 1694 ιι
934 1641 1004 1691 De
1030 1654 1280 1691 consensu
1314 1636 1588 1703 utriusque
1636 1632 1822 1686 Eccle-

244 1737 361 1797 siae,
404 1749 523 1801 cap.
561 1732 640 1796 18,
674 1746 823 1783 ιιιιιιι.
878 1729 982 1793 l'l;
1030 1729 1122 1780 hb.
1162 1743 1242 1787 ιιι,
1282 1741 1405 1794 cap.
1463 1725 1548 1785 15.
1583 1739 1734 1776 ιιιιιιι.
1768 1722 1821 1787 8,

245 1826 493 1894 cap.16,
548 1841 702 1878 ιιιιιιι.
728 1823 820 1887 21,
880 1838 999 1890 eap.
1040 1821 1124 1883 18,
1187 1835 1336 1872 ιιιιιιι.
1387 1818 1440 1880 8,
1509 1829 1564 1871 et
1635 1827 1822 1871 contra

1600 435 1751 492 CA5.
1798 427 2174 492 OUD'INUS.

3381 430 3511 468 κμσκ.

1995 543 2101 595 Nec
2132 542 2349 608 juvatur
2392 536 2552 589 etiam
2586 535 2636 586 in
2666 532 2978 600 conjectura
3044 544 3137 581 sua
3175 527 3224 578 in
3267 526 3490 577 Zonaras

1921 637 2143 705 gratiam
2178 632 2315 685 facta
2351 647 2362 681 :
2403 628 2479 681 [ἐχ
2507 629 2630 680 v‘ris
2662 623 2933 694 primariis
2985 620 3125 673 aula:
3188 617 3491 672 Constanti-

1920 727 2268 794 uopolitante,
2325 721 2509 789 quibus
2563 718 2758 786 aliquot
2812 714 3166 767 inscribuntur
3225 726 3241 762 :
3286 708 3493 761 Joanne

1924 819 2065 869 Daca
2094 831 2277 883 magno
2310 812 2648 866 ΙιειιιονὶαιτΙια
2672 818 2718 861 ct
2776 807 3000 868 srbasto,
3054 804 3202 870 cujus
3232 816 3341 868 pra:
3389 816 3493 851 ca:-

1921 909 2065 969 teris,
2095 918 2147 959 ut
2178 906 2307 957 alios
2334 905 2562 966 omittat,
2587 902 2779 954 mentio
2810 899 3035 952 occurrit
3070 894 3211 964 apud
3252 893 3496 946 Nicctam

1922 1001 1973 1051 in
2022 999 2211 1051 Alexio
2237 994 2501 1050 lllanuxlis
2562 993 2670 1047 lilio
2702 1008 2856 1045 num.
2911 992 2939 1043 7
2976 998 3028 1041 et
3062 987 3119 1051 9,
3150 995 3196 1038 et
3254 984 3495 1037 Manuale

1922 1091 2188 1144 Comneno
2212 1089 2647 1148 scbastocratore,
2708 1085 2796 1154 qui
2837 1099 2938 1136 non
3001 1081 3135 1133 alius
3176 1089 3250 1133 cst
3286 1079 3351 1129 ab
3413 1093 3491 1134 co,
3528 1066 3537 1103 ²

1921 1182 2072 1249 cujus
2105 1181 2307 1247 pariter
2344 1179 2632 1231 Cinnamus
2661 1176 2894 1228 meminit
2928 1174 3061 1225 libro
3091 1188 3121 1222 ν
3156 1188 3304 1224 num.
3342 1169 3404 1220 ll
3448 1177 3495 1219 rt

1926 1272 2009 1324 l5.
2040 1270 2153 1323 Non
2186 1270 2333 1322 enim
2367 1267 2449 1321 his
2479 1266 2791 1320 nominibus
2826 1271 3040 1316 veteres
3067 1261 3120 1313 hi
3178 1259 3491 1325 ἰιιιιιιῖιδιιιι-

1926 1373 2035 1421 tur.
2071 1360 2165 1414 sed
2199 1362 2535 1413 recentiores
2567 1356 2811 1425 ejusdem
2849 1354 3085 1407 neminis
3122 1349 3495 1418 ctdignitati:,

1925 1456 2016 1521 qui
2068 1468 2211 1505 anno
2244 1453 2464 1505 circiter
2508 1448 2643 1503 1450
2693 1448 2746 1501 in
2800 1446 3032 1513 imperio
3084 1443 3342 1497 Orientali
3401 1442 3499 1492 snh

1924 1541 2287 1595 Constantino
2323 1538 2650 1609 Palaeolngo,
2687 1537 2879 1591 ultimo
2899 1536 3208 1590 Gt'tccornm
3262 1532 3500 1599 impera-

1930 1642 2064 1694 tore,
2122 1630 2481 1699 dignitatibus
2544 1629 2629 1682 his
2681 1627 3052 1695 fungebantur
3109 1639 3122 1676 :
3180 1632 3239 1676 ut
3288 1631 3503 1675 constat

1924 1738 1989 1775 ex
2016 1720 2228 1775 Joanne
2266 1719 2432 1783 Duca,
2464 1720 2617 1789 cujus
2655 1718 2937 1773 historiam
2967 1718 3020 1770 in
3053 1715 3301 1770 manibus
3334 1713 3496 1767 habe-

1926 1826 2047 1863 mus
2080 1826 2095 1863 :
2123 1810 2213 1877 qui
2244 1809 2490 1865 Michaeli
2526 1810 2705 1881 Glycae
2761 1809 3059 1879 syncbroni
3117 1823 3240 1862 cmn
3275 1807 3501 1867 literint,

245 1893 629 1986 Creigtbonem
658 1930 780 1982 pag.
820 1912 916 1967 5H
976 1923 1029 1965 et
1066 1911 1187 1965 5M.
1241 1911 1294 1962 ιιι
1358 1912 1557 1977 quibus
1598 1908 1817 1976 quidem
1856 1893 1895 1946 Β
1929 1905 1995 1956 ad
2022 1903 2140 1957 illos
2180 1903 2439 1972 epistolas
2492 1903 2709 1957 dedisse
2754 1904 2891 1956 nihil
2948 1902 3155 1957 mirum,
3208 1901 3501 1955 videbitur.

248 2009 384 2061 locis
416 2006 675 2076 quasdam
706 2023 771 2059 ex
802 2007 873 2060 iis
902 2008 1139 2073 integras
1171 2001 1478 2069 descripsit,
1506 2001 1580 2053 ita
1614 2010 1670 2053 ut
1691 2016 1814 2053 cum

247 2102 542 2163 scribebat,
598 2101 754 2164 cujus
777 2109 957 2152 essent
981 2113 1089 2150 ιιυιι
1120 2095 1346 2149 omnino
1394 2094 1495 2163 ipsi
1532 2109 1629 2162 pro
1657 2093 1819 2146 indu-

247 2194 418 2246 hitatu
450 2192 759 2244 haberetur.
809 2188 865 2243 ld
910 2189 1175 2243 duntaxat
1235 2194 1472 2250 constat,
1526 2183 1821 2239 nonnulla-

247 2298 370 2337 rum
416 2293 716 2347 auctorem,
758 2280 805 2336 si
834 2296 941 2334 non
993 2279 1261 2343 omnium,
1313 2278 1510 2331 vixisse
1549 2276 1652 2331 sub
1706 2275 1820 2329 Ma-

248 2377 412 2429 nnele
470 2374 770 2438 Contneno,
828 2382 940 2427 tum
993 2388 1059 2426 ex
1124 2369 1609 2441 Antapologetieo,
1663 2369 1821 2438 cujus

247 2468 619 2527 meminimus,
664 2476 776 2519 tum
834 2482 895 2519 ex
942 2466 1073 2518 viris
1143 2464 1421 2533 primariis
1478 2464 1615 2516 aulae
1680 2462 1821 2516 Con-

248 2558 799 2627 stantinopolitante,
852 2557 1052 2627 quibus
1131 2557 1339 2623 aliquot
1401 2555 1821 2610 inscribuntur:

224 2662 413 2719 parque
446 2652 496 2704 in
532 2652 618 2714 iis,
669 2650 878 2705 Joanne
934 2649 1078 2703 Daca
1107 2663 1302 2717 magno
1363 2647 1725 2701 hetaeriareba
1773 2659 1827 2701 et

250 2742 493 2806 sebasto,
523 2742 680 2809 cujus
709 2754 815 2808 prae
845 2739 1079 2801 caeteris,
1114 2747 1174 2792 ut
1195 2738 1331 2791 alios
1370 2738 1641 2794 omittam.
1677 2752 1824 2790 men-

250 2834 325 2886 tio
360 2834 602 2887 uccurrit
632 2832 773 2900 apud
810 2831 1052 2885 Nicetam
1105 2830 1156 2882 in
1198 2829 1379 2882 Alexio
1410 2826 1675 2883 Manuelis
1713 2829 1825 2899 ﬁlio

248 2940 402 2977 num.
450 2925 478 2976 7
510 2936 559 2975 et
586 2924 639 2986 9,
674 2934 729 2976 et
763 2921 1010 2975 Manuale
1039 2920 1320 2975 Comneno
1359 2922 1820 2983 sebastocratore,

246 3015 340 3081 qui
376 3030 482 3066 non
520 3015 661 3067 alius
689 3022 771 3067 est
803 3012 870 3065 ab
900 3026 989 3075 eo,
1048 3012 1204 3080 cujus
1257 3011 1462 3079 pariter
1525 3008 1824 3064 Cinnamus

248 3104 503 3160 meminit
531 3104 671 3156 libro
704 3119 757 3168 ι’,
790 3119 941 3155 num.
984 3102 1051 3155 14
1086 3112 1138 3154 et
1168 3102 1253 3156 15.

1926 1995 2049 2050 llaec
2074 1996 2337 2050 adversus
2368 1995 2724 2063 conjecturas
2781 1994 3025 2049 Dnl'renii
3049 2010 3145 2063 pro
3185 1995 3394 2048 Zonara
3422 1992 3502 2046 la-

1923 2096 2059 2140 t'tas.
2111 2085 2311 2141 Contra
2374 2096 2556 2141 autem
2616 2088 2828 2141 illorum
2902 2085 3150 2156 plurima:
3223 2084 3515 2140 Michaelis.

1923 2178 2102 2248 Glyco:
2131 2193 2328 2232 nomen
2364 2194 2689 2249 expressum
2756 2180 2983 2243 habent,
3045 2177 3318 2248 inscriptio
3364 2194 3501 2233 n0n-

1926 2270 2087 2324 nullte
2114 2271 2320 2325 diserto
2349 2269 2696 2325 Constantino
2729 2270 3030 2341 Pala'ologo
3056 2270 3386 2339 imperatori,
3413 2272 3502 2339 qui

1925 2362 1993 2416 ab
2015 2377 2160 2415 anno
2194 2362 2326 2416 HM
2348 2363 2414 2416 ad
2451 2362 2588 2418 1455
2649 2364 2938 2432 imperium
2988 2362 3183 2427 tenuit,
3234 2363 3352 2417 alite
3386 2365 3507 2418 aliis

1925 2455 2168 2523 ejusdem
2206 2456 2469 2524 temporis
2505 2456 2635 2510 viris
2658 2456 2983 2510 illustribus.

2424 2589 2601 2645 (IAPU
2613 2590 2654 2641 Τ
2676 2587 3008 2645 TERTIUM.

1928 2700 2066 2774 Quid
2097 2703 2162 2756 de
2190 2704 2283 2774 his
2303 2701 2533 2769 epistolis
2564 2705 2759 2774 editum
2787 2705 2965 2774 fuerit,
3002 2705 3093 2774 qui
3116 2706 3319 2759 codices
3383 2725 3504 2760 mss.

2000 2772 2323 2842 illarum_in
2353 2774 2580 2825 diversis
2614 2772 2965 2836 bibliothecis,
3014 2772 3079 2828 ac
3138 2782 3200 2828 de
3225 2778 3331 2829 illis
3384 2780 3510 2842 quid

2004 2843 2188 2896 Petrus
2216 2840 2522 2897 Lambecius
2551 2846 2752 2897 scribat
2781 2853 2830 2896 et
2876 2846 3071 2898 sentiat
3109 2845 3257 2900 libris
3311 2865 3363 2901 tv
3396 2840 3447 2900 et
3480 2866 3507 2898 ι’

2002 2912 2516 2966 Commentariorum
2564 2913 2886 2969 bibliotheca:
2932 2913 3190 2970 thsarea:
3257 2916 3509 2971 Viudobo-

2003 2999 2175 3036 nensts
2188 3024 2200 3036 .

2003 3098 2255 3167 Ejusdem
2300 3098 2568 3152 Michaelis
2626 3097 2805 3169 Glyco:
2854 3101 3332 3170 disputatiuncqu
3394 3106 3509 3159 dua:

319 3192 537 3249 Falsum
568 3208 732 3262 porro
759 3203 862 3250 est.
892 3193 1035 3262 quod
1067 3193 1261 3246 scribit
1287 3191 1581 3246 Dulrenius
1606 3192 1825 3257 allatus,
1855 3218 1898 3274 ο
1934 3189 2123 3243 Lazine
2152 3189 2307 3244 factae
2338 3205 2434 3259 per
2452 3188 2715 3245 Jacobum
2751 3189 3061 3247 Pontanum
3088 3208 3201 3249 soc.
3238 3195 3389 3259 .lesu,
3428 3197 3512 3250 ln-

248 3288 537 3356 epistolam
568 3302 765 3351 nempe
800 3286 868 3339 38
930 3287 1091 3354 hujus
1136 3284 1476 3339 CttllOt‘llOlllS
1536 3299 1657 3341 esse
1712 3284 1826 3341 Ma-

246 3380 426 3437 nuclis
452 3381 713 3433 Comueni
746 3377 1093 3446 imperatoris
1108 3377 1172 3429 ad
1198 3376 1445 3447 Alypium
1476 3375 1825 3442 monachum,

246 3488 410 3541 quem
448 3488 476 3525 a
510 3471 691 3526 studio
728 3469 1034 3539 astrologiae
1067 3479 1317 3524 avertere
1366 3468 1680 3522 omnimode
1704 3469 1829 3522 niti-

248 3574 337 3618 tur
377 3583 389 3617 :
425 3563 673 3630 nihilque
728 3562 781 3614 in
823 3562 923 3614 hoc
974 3559 1346 3624 Collectaneo,
1408 3558 1553 3625 qttod
1614 3550 1827 3626 spectet

246 3656 312 3707 ad
364 3656 749 3723 imperatorem
779 3654 943 3717 hunc,
1001 3668 1159 3721 quam
1201 3651 1681 3719 Antapologeticus,
1735 3650 1825 3717 qui

251 3761 457 3800 nomen
490 3744 608 3814 ejus
631 3743 868 3813 praefert,
926 3754 979 3797 et
1010 3744 1128 3799 loco
1158 3744 1224 3798 59
1283 3743 1608 3798 collocatur.
1656 3743 1827 3797 Porro

249 3854 373 3889 cum
406 3838 628 3906 Alypius
664 3836 957 3906 astrologia
1002 3837 1197 3890 mirum
1233 3837 1284 3888 in
1330 3837 1550 3889 modum
1588 3834 1828 3889 allicere-

247 3942 359 3991 tur,
391 3944 492 3981 nec
546 3928 787 3982 studium
829 3929 948 3998 ejus
994 3927 1247 3982 hortante
1315 3927 1576 3982 Michaele
1638 3928 1825 3998 Glyco,

242 4022 375 4073 licet
399 4021 668 4073 monacho
697 4021 875 4075 minus
904 4022 1242 4075 Conveniens
1277 4020 1584 4090 relinquere
1620 4023 1777 4075 vellet
1809 4038 1822 4074 :

247 4109 503 4181 Epistula:
538 4113 812 4167 Michaelis
871 4113 1072 4182 Glyete,
1138 4129 1207 4164 ne
1246 4113 1394 4166 illum
1450 4122 1824 4181 eanpct-arct,

240 4204 579 4271 respondere
626 4202 839 4264 nolens,
875 4217 975 4271 pro
1024 4203 1382 4271 responsione
1419 4202 1592 4262 nAsit,
1627 4201 1693 4255 ad
1739 4204 1823 4258 sui

237 4294 713 4364 justisicatiouem,
745 4292 1237 4364 Antapologeticum
1266 4292 1532 4349 Manuelis
1565 4290 1824 4347 Conmeni

243 4387 603 4453 imperatoris,
632 4401 793 4454 quem
827 4385 968 4438 inter
1011 4384 1228 4439 codices
1259 4398 1388 4439 suos
1442 4383 1699 4446 habebat,
1759 4382 1827 4437 ab

239 4479 406 4531 annis
433 4479 649 4531 circiter
672 4476 776 4530 300
798 4475 1169 4546 conscriptum
1224 4475 1279 4527 in
1317 4475 1543 4544 gratiam
1594 4475 1827 4528 astrolo-

1932 3281 2208 3353 golstadii,
2231 3297 2378 3337 anno
2400 3282 2553 3351 160-1,
2577 3284 2631 3337 in
2654 3284 2705 3350 4,
2727 3300 2848 3339 cum
2884 3285 3105 3356 Dioptra
3131 3287 3362 3358 Philippi
3382 3288 3509 3344 Solin

1934 3375 2078 3438 tarii,
2103 3389 2225 3443 quae
2249 3373 2435 3429 Graece
2461 3391 2681 3445 quoque
2711 3393 2838 3431 mss.
2864 3388 3077 3433 exstant
3100 3380 3154 3433 in
3182 3379 3512 3436 bibliotheca

1929 3464 2175 3519 Caesarea
2212 3463 2498 3521 Viennensi
2547 3476 2602 3521 et
2637 3468 2690 3521 in
2745 3471 3057 3539 Augustana
3101 3473 3225 3525 cod.
3259 3472 3326 3526 57
3360 3491 3372 3525 :
3411 3474 3513 3526 .lli-

1931 3557 2122 3609 chaelis
2143 3556 2318 3625 Glyco:
2337 3559 2707 3626 explicationes
2737 3562 3071 3615 obscurorum
3099 3563 3513 3619 locorumsacrts

1931 3645 2219 3714 Scriptura;
2253 3665 2268 3702 :
2298 3651 2379 3703 vel
2411 3660 2469 3703 ut
2503 3651 2553 3703 in
2581 3653 2954 3720 imperatoria,
2984 3655 3228 3722 ejusdem
3254 3655 3515 3720 Qutestio—

1910 3756 2019 3793 "nes
2065 3749 2111 3793 et
2145 3742 2500 3797 dubitationes
2556 3744 2611 3796 in
2661 3742 3021 3815 Scripturatn,
3070 3762 3190 3815 quae
3248 3748 3514 3807 nomium.

1930 3834 2072 3902 quod
2117 3834 2311 3900 sciam,
2378 3837 2659 3905 impressa:
2697 3848 2870 3891 sunt:
2907 3838 2973 3892 de
3031 3840 3229 3906 quibus
3282 3840 3519 3906 loquitur

1928 3926 2199 3981 Antonius
2235 3926 2569 3982 Possevinus
2591 3938 2736 3982 tonio
2767 3927 2811 3981 ll
2846 3931 3151 3997 Apparatus
3191 3934 3358 3994 sacri,
3392 3950 3515 4003 pag.

1932 4018 2053 4070 112.
2083 4017 2323 4072 Joannes
2352 4017 2598 4088 Baptista
2631 4019 2936 4074 Cotelerius
2972 4022 3023 4074 in
3067 4025 3211 4077 notis
3238 4026 3304 4078 ad
3339 4025 3515 4094 Opera

1928 4107 2028 4163 SS.
2062 4107 2307 4172 Patrum,
2340 4110 2433 4179 qui
2470 4112 2807 4178 temporibus
2837 4115 3159 4181 apustolicis
3183 4116 3512 4183 ﬂoruerunt,

1932 4200 2040 4253 col.
2080 4201 2166 4268 77,
2201 4202 2282 4255 lit.
2345 4200 2383 4254 E
2430 4201 2655 4270 inquit:
2702 4203 2827 4268 Qua:
2875 4206 3038 4257 etiam
3098 4207 3225 4259 citat
3290 4209 3520 4262 .lliclmel

1930 4291 2121 4362 Glycas
2152 4296 2204 4347 in
2230 4294 2365 4347 libro
2392 4296 2681 4361 posteriore
2737 4299 2903 4365 aperi.»-
2936 4299 3027 4361 Εἰς
3073 4300 3141 4351 τὰ
3174 4301 3355 4370 ἄπορκ
3418 4303 3516 4371 τῆς

1931 4384 2179 4454 Γραφῆς,
2212 4400 2331 4454 cap.
2360 4384 2449 4438 52.
2488 4385 2676 4439 Exstat
2698 4388 2751 4440 id
2776 4405 2905 4457 opus
2968 4407 3065 4443 ms.
3108 4393 3162 4443 in
3213 4392 3519 4446 bibliotheca

1934 4476 2179 4541 Tltuana,
2232 4480 2684 4549 compositumque
2718 4489 2792 4532 est
2859 4496 2923 4532 ea:
2970 4483 3259 4537 orthodoxa
3313 4485 3416 4551 [ide
3459 4485 3514 4539 δ.

241 4575 366 4642 gite,
404 4587 508 4641 qua
534 4569 928 4625 delectabatur.
998 4570 1175 4638 Atque
1207 4568 1309 4622 hoc
1367 4568 1529 4622 modo
1582 4568 1821 4621 studium
1859 4566 1901 4620 D
1930 4569 2152 4623 Joannis
2189 4569 2521 4634 Damasceni,
2549 4571 2769 4641 adjectis
2815 4572 3083 4627 nonnullis
3113 4573 3345 4628 aliarum
3410 4577 3520 4630 Pu-

241 4682 406 4719 sunm
442 4662 848 4717 commendavit
903 4660 1221 4726 instantius,
1277 4677 1439 4731 quam
1477 4662 1521 4713 si
1561 4661 1677 4729 ipse
1740 4676 1825 4712 re-

241 4758 601 4821 sponsionem
628 4756 903 4825 propriam
946 4753 1195 4813 Michaeli
1249 4753 1426 4823 Glycae
1484 4753 1822 4807 adornasset.

242 4851 379 4903 Nam
416 4851 519 4903 hoc
556 4851 715 4904 modo
737 4848 1084 4918 astrologiam
1118 4848 1291 4902 multo
1325 4848 1496 4918 magis
1541 4862 1826 4901 commen-

241 4947 431 5005 dabat,
467 4960 630 5012 quam
659 4943 957 5012 imperator
986 4939 1206 4996 Graecus
1242 4951 1367 4994 ante
1409 4948 1689 4994 trecentos
1720 4953 1823 4990 an-

243 5048 346 5091 nos
380 5037 703 5089 defenderat
741 5035 1008 5088 adversus
1072 5033 1474 5103 vituperatores
1531 5043 1589 5085 et
1641 5045 1829 5084 mona-

239 5134 405 5187 chum
440 5128 730 5197 quemdam
784 5127 857 5179 illi
914 5127 1288 5180 insultantem.
1332 5123 1825 5192 Atttapologeticum

238 5225 408 5293 igitur
451 5237 569 5275 esse
604 5221 866 5273 Mannelis
899 5218 1162 5273 COtttuetti
1198 5218 1573 5287 agnoscimus,
1608 5224 1660 5267 at
1705 5215 1825 5284 epi-

238 5312 437 5371 stulam
467 5314 533 5366 58
569 5315 961 5381 princedeutcm
997 5310 1185 5381 Alypio
1233 5310 1503 5363 monacho
1559 5308 1820 5377 scriptam

240 5414 412 5462 l'uzssc
454 5424 480 5459 a
526 5405 791 5459 Michacle
830 5402 995 5475 Glyca
1033 5404 1291 5455 Adversus
1345 5401 1647 5471 astrologia:
1705 5411 1819 5456 stu-

239 5505 391 5553 aiam
425 5508 659 5553 constat.
693 5498 839 5552 Nihil
878 5497 1040 5567 igitur
1064 5495 1307 5550 occurrit
1338 5494 1390 5547 in
1426 5496 1509 5548 his
1551 5494 1819 5563 epistolis,

240 5613 351 5660 quo
380 5593 642 5661 probetur
675 5592 795 5644 illas
819 5592 884 5644 ad
914 5589 1188 5644 Joannem
1222 5589 1488 5643 Zonaram
1516 5587 1820 5657 pertinere,

240 5688 329 5753 qui
362 5684 597 5738 maxime
636 5685 738 5738 sub
772 5683 957 5737 Alexio
983 5682 1282 5749 Gonntcno,
1341 5682 1431 5751 qui
1486 5695 1630 5736 anno
1684 5676 1821 5733 1118

244 5788 502 5833 nortuus
566 5779 787 5847 legitur,
848 5776 1053 5839 lloruit,
1113 5792 1174 5829 ac
1239 5776 1429 5844 paucis
1484 5784 1605 5843 post
1658 5772 1819 5827 annis

242 5869 650 5928 JmnneAlcxii
683 5872 787 5926 libo
834 5870 1137 5939 imperante
1172 5869 1293 5921 latis
1323 5867 1507 5921 cessit.

1933 4670 2097 4714 trum.
2151 4660 2371 4730 Aliquot
2412 4662 2576 4715 etiam
2629 4673 2893 4719 tractatus
2949 4665 3215 4721 hactenus
3280 4670 3519 4723 ineditos

1935 4759 2185 4804 recenset
2219 4749 2330 4803 Leo
2366 4750 2595 4822 Allatius
2622 4750 2701 4804 De
2730 4768 2981 4806 consensu
3017 4755 3293 4823 utriusque
3322 4757 3519 4810 'Iz‘t'clc-

1931 4843 2048 4907 site,
2084 4841 2175 4897 lib.
2201 4858 2259 4907 ll,
2293 4858 2414 4911 «ap.
2454 4842 2539 4908 18,
2569 4858 2783 4914 paragr.
2815 4845 2902 4908 17,
2946 4861 3145 4914 nempe
3175 4846 3388 4899 Librum
3450 4852 3521 4903 ml

1934 4934 2231 4989 Maximum
2262 4934 2575 4989 Sutcniotem
2615 4936 2679 4990 de
2713 4939 3038 5005 processione
3100 4939 3340 5007 Spiritus
3394 4960 3519 4995 sau-

1932 5029 2022 5088 cti,
2049 5027 2210 5094 cujus
2244 5028 2607 5095 fragmentum
2638 5028 2803 5083 habet
2826 5029 3030 5083 ibidem
3067 5030 3161 5084 lib.
3200 5047 3283 5095 Ill,
3311 5049 3429 5102 cap.
3461 5036 3513 5098 Ξ,

1935 5124 1961 5192 §
2000 5123 2050 5175 '5.
2088 5122 2166 5173 Att
2215 5116 2475 5183 citmtlcm,
2526 5138 2595 5175 an
2640 5120 2879 5177 Christus
2935 5141 3122 5193 azyma
3170 5126 3222 5179 iu
3271 5142 3516 5193 suprema

1929 5227 2075 5265 caena
2136 5229 2262 5266 usus
2314 5214 2406 5268 sit.
2445 5215 2524 5267 Ad
2567 5214 2770 5267 Isaiam
2836 5220 3151 5270 monac/tum
3202 5220 3264 5272 de
3307 5223 3513 5273 anima-

1929 5307 2021 5359 bus
2049 5324 2080 5360 a
2110 5324 2329 5374 corpore
2361 5311 2649 5376 separatis.
2690 5309 2892 5364 Verum
2927 5312 2977 5363 hi
3020 5327 3213 5367 omnes
3250 5322 3517 5370 tractatus

1930 5399 2007 5452 nil
2034 5398 2176 5453 aliud
2206 5399 2339 5453 mihi
2364 5415 2484 5454 esse
2515 5400 2785 5467 videntur,
2822 5418 2981 5471 quam
3006 5405 3251 5473 epistolae
3278 5403 3517 5460 Michae-

1929 5491 1993 5544 lis
2029 5490 2227 5561 Glycac,
2261 5492 2533 5561 inquibus
2572 5492 2871 5563 Scriptura:
2897 5496 3013 5549 loca
3038 5496 3259 5566 quidem
3283 5498 3513 5553 obscura

1931 5584 2012 5638 vel
2048 5597 2406 5640 controversa
2465 5588 2725 5657 explicat.
2779 5587 3010 5658 Scripsit
3044 5591 3193 5644 enim
3251 5591 3515 5661 epistolas

1931 5677 2135 5747 plures,
2169 5679 2455 5748 exquibus
2482 5680 2713 5748 plurima
2745 5680 3074 5752 fragmenta,
3133 5700 3234 5740 nec
3262 5697 3515 5741 contem-

1928 5770 2101 5825 nenda
2125 5771 2491 5839 quidetu,non
2533 5772 2712 5825 tmoiu
2745 5772 2865 5827 loco
2892 5773 3115 5829 adducit
3137 5775 3246 5830 Leo
3264 5776 3516 5842 Allatius,

1931 5864 1979 5915 in
2019 5877 2179 5930 opere
2210 5861 2284 5914 lle
2311 5877 2556 5918 consensu
2589 5863 2863 5933 utriusque
2905 5864 3153 5920 Ecclesia:
3193 5865 3511 5923 Occidenta-
