4214 6442
3175 442 3475 468 cm:
3484 445 3568 487 πῇ

409 494 429 501 .-
543 493 660 503 ..α-
674 494 751 504 --
786 490 2191 504 Ἥ-Μῆ-ῇ--α
2217 489 2571 499 ——————.—.
2718 489 2848 499 ...υ-ιι--
2918 491 2945 498 -.
2958 492 3026 498 ρ...
3038 490 3055 497 ι
3066 492 3134 498 _.....
3229 490 3237 494 ι
3352 487 3369 493 ο
3437 486 3447 493 -
3478 488 3482 493 -

1605 618 1835 705 ΤΟΥ
1908 617 2291 705 ΚΥΡΟΥ

1017 810 1948 985 ΜΙΧΑΗΑ
2084 806 2869 979 ΓΛΥΚΑ

1472 1086 2404 1208 ΣΙΚΕΛΙΩΤΟΥ

1165 1321 1763 1457 ΒΙΒΛΟΣ
1893 1320 2710 1454 ΧΡΟΝΙΚΗ.

854 1713 2048 1897 MICHAELIS
2227 1714 3041 1894 GLYCXE

1750 2029 2149 2121 SICULI

1429 2249 2436 2409 ANNALES

653 2524 748 2605 ,A
795 2522 1059 2587 MUNDI
1094 2520 1466 2585 EXORDIO
1512 2520 1773 2595 USQUE
1826 2520 1930 2582 AD
1981 2520 2286 2584 OBITUM
2322 2522 2609 2585 ALEXII
2652 2521 3009 2586 COMNENI
3057 2523 3218 2585 IMP.

1435 2672 1500 2727 IN
1536 2674 1847 2737 QUATUOR
1882 2674 2128 2728 PARTES
2159 2675 2443 2727 TRIBUTI.

310 2812 643 2893 Philippus
675 2814 907 2891 Lsnau,
949 2811 1290 2888 Bituricus,
1327 2813 1473 2875 Soc.
1503 2813 1657 2874 Jesu
1689 2812 2075 2891 Theologus,
2122 2812 2411 2875 Graecum
2454 2817 2694 2874 textum
2717 2858 2732 2887 ,
2778 2826 2855 2874 ex
2885 2809 3173 2890 pluribus
3212 2826 3361 2873 mss.
3399 2808 3577 2872 codi-

388 2915 570 2978 cibus
598 2914 835 2993 primus
862 2913 931 2975 iu
964 2912 1173 2976 lucem
1204 2911 1403 2975 edidit
1439 2928 1455 2973 :
1487 2911 1752 2975 Joannis
1798 2910 2167 2975 Leunklavii
2194 2909 2576 2990 [Amelburui
2612 2910 3200 2990 interpretationem
3264 2910 3584 2971 recensuit

388 3023 583 3095 atque
622 3013 985 3077 emendavit
1025 3029 1040 3073 :
1080 3012 1366 3075 Iudicem
1399 3028 1478 3075 ex
1505 3029 1624 3074 ms.
1659 3011 2244 3074 Fontisebraldensi
2276 3010 2579 3091 praemisit
2608 3012 2957 3090 Latineque
3000 3008 3278 3070 reddidit
3312 3026 3326 3069 :
3359 3010 3580 3070 Adno-

388 3116 659 3179 tationes
688 3113 976 3193 subjecit,
1007 3115 1071 3176 iu
1111 3113 1372 3195 quibus,
1407 3119 1643 3195 printer
1665 3117 1979 3179 variantes
2008 3116 2345 3178 Lectiones
2374 3120 2438 3176 et
2479 3107 2958 3193 Supplementa,
2992 3110 3364 3190 Interpretis
3392 3116 3582 3189 atque

386 3219 657 3284 aliorum
697 3218 1007 3301 plurimos
1045 3234 1295 3282 errores
1347 3220 1648 3292 correxit,
1694 3224 1830 3280 tum
1880 3218 2234 3299 praasertim
2266 3216 2529 3279 Joannis
2573 3214 2856 3289 Meursii,
2892 3213 3002 3293 qui
3052 3218 3298 3290 partem
3336 3212 3474 3276 libri
3510 3232 3582 3274 III

388 3323 731 3386 Annalium
760 3324 998 3406 Glycaa,
1035 3323 1379 3388 Theodoro
1411 3322 1781 3387 Metochitte
1808 3323 1969 3386 falso
2001 3323 2308 3397 attribuit,
2342 3332 2404 3386 et
2457 3323 2810 3383 Historiam
2854 3322 3206 3383 Romanam!
3235 3320 3581 3402 inscripsit,

392 3444 539 3507 quas
570 3426 674 3490 hic
704 3426 949 3505 integra
976 3430 1496 3507 reprmseutatur,
1528 3440 1673 3489 cum
1702 3424 1883 3487 Notis
1906 3430 2097 3504 atque
2125 3421 2449 3485 Iudicibus
2477 3420 2875 3485 necessariis.

1373 3574 1615 3639 (Parisiis,
1639 3588 1703 3626 ex
1729 3576 2072 3640 Typograpbia
2094 3574 2249 3637 Regia
2270 3562 2524 3635 HDCLX.)

876 3871 1301 3963 LABBEI
1417 3872 2360 3969 NUNCUPATOBIA
2439 3875 3018 3968 EPISTOLA

1907 4062 1982 4076 β

710 4196 1407 4263 EMINENTISSIMO
1464 4195 1855 4263 PRINCIPI
1885 4192 2158 4276 :JULIO
2206 4195 2675 4261 CARDINALI
2710 4191 3175 4258 MAZARINO.

388 4360 546 4425 Cum
570 4360 878 4423 redditam
907 4362 1183 4441 Europa:
1227 4380 1467 4440 pacem,
1529 4361 1731 4441 Teque
1774 4370 2034 4424 auctore
2080 4361 2330 4425 tandem
2379 4373 2435 4424 et
2472 4371 2685 4425 actore
2734 4382 2859 4424 uno
2912 4365 3273 4442 perfectam,
3329 4364 3585 4425 ordines

308 4476 517 4519 omnes
546 4459 800 4519 summis
827 4459 1178 4538 gratissimi
1203 4460 1402 4520 animi
1430 4458 2005 4537 signiﬁcationibus
2029 4469 2526 4538 prosequuntur,
2556 4461 2856 4539 princeps
2889 4460 3368 4520 eminentissime
3379 4481 3399 4528 ;
3452 4471 3584 4519 tum

311 4553 671 4617 litterarum
702 4561 792 4614 est
842 4552 1398 4634 doctrinarumque
1451 4556 1749 4630 omnium,
1804 4558 2143 4635 proprium
2191 4558 2308 4618 hoc
2351 4557 2475 4619 sibi
2522 4556 2888 4636 beneﬁcium
2939 4557 3384 4617 immortaliter
3410 4576 3581 4636 pra:-

309 4653 548 4711 dicare.
612 4650 695 4712 Et
748 4660 967 4723 auctos
1022 4660 1227 4712 tamen
1284 4652 1399 4711 hoc
1457 4669 1711 4711 munere
1779 4650 2021 4713 labores
2073 4651 2444 4732 intelligunt
2470 4672 2619 4714 suos
2657 4676 2676 4715 :
2708 4655 3053 4732 meritoque
3092 4652 3411 4724 dubitant,
3471 4655 3584 4732 qui

308 4746 689 4827 respondere
706 4750 841 4827 jam
870 4749 1113 4808 meritis
1143 4749 1272 4811 tuis
1328 4749 1598 4826 possint,
1652 4766 1788 4827 quce
1839 4769 1915 4812 ne
1968 4753 2135 4813 inter
2168 4750 2331 4812 bella
2380 4753 2647 4831 quidem,
2682 4753 2967 4813 ornando
3006 4751 3124 4813 tibi
3153 4768 3343 4830 pares
3378 4762 3579 4814 erant.

308 4844 434 4905 Sed
460 4854 835 4905 recreantur
866 4852 1072 4904 tamen
1097 4845 1211 4905 hoc
1248 4844 1502 4918 solatio,
1535 4844 1701 4923 quod
1742 4840 2046 4908 novarum
2098 4848 2220 4909 sibi
2254 4849 2489 4909 virium
2526 4849 2799 4911 accessio
2832 4850 3003 4928 facta
3047 4856 3136 4908 est
3168 4869 3188 4908 :
3212 4866 3407 4927 neque
3444 4848 3581 4928 jam

308 4942 380 5001 in
407 4939 623 4999 Gallia
647 4946 915 5013 tantum,
956 4939 1065 4999 sed
1097 4941 1285 5000 etiam
1317 4940 1491 5018 apud
1515 4949 1729 5018 gentes
1762 4952 2038 5017 ceteras,
2075 4943 2385 5023 quidquid
2426 4945 2655 5024 ubique
2695 4945 3057 5005 litterarum
3107 4953 3163 5005 et
3213 4942 3579 5022 linguarum

310 5045 422 5110 est,
462 5038 589 5096 tuis
626 5035 969 5113 prwconiis
1001 5034 1344 5096 resonabit.
1388 5035 1541 5095 Cum
1570 5038 1734 5096 enim
1777 5036 1926 5099 belli
1957 5051 2232 5118 tempore
2277 5042 2507 5119 optime
2556 5040 2629 5101 de
2676 5039 2924 5116 Gallia,
2969 5058 3145 5100 secus
3195 5038 3268 5100 de
3294 5041 3391 5102 his
3421 5058 3580 5120 quos

306 5134 515 5209 hostes
555 5142 906 5211 temporum
956 5130 1261 5209 iniquitas
1297 5132 1555 5209 fecerat,
1604 5134 1865 5195 meritus
1900 5152 2056 5193 esses
2090 5157 2109 5196 :
2139 5153 2307 5195 nunc
2330 5136 2604 5214 populos
2660 5154 2869 5196 omnes
2900 5154 3199 5197 concessae
3235 5137 3411 5213 pacis
3444 5154 3579 5197 mu-

307 5246 459 5288 nere
507 5227 885 5303 devinxisti.‘
927 5224 1340 5287 Admirabilis
1398 5236 1488 5289 tot
1539 5246 1781 5303 vocum,
1832 5238 1927 5291 tot
1970 5230 2349 5305 studiorum,
2394 5240 2483 5292 tot
2540 5232 2870 5293 nationum
2902 5243 3237 5293 concentus
3293 5234 3593 5303 exsistet,

204 5343 216 5353 ‘
306 5330 529 5409 gloria:
562 5338 683 5389 tua:
711 5347 956 5407 suaque
1010 5329 1311 5409 felicitati
1356 5333 1822 5409 gratulantium
1852 5357 1871 5395 :
1903 5337 1972 5396 in
1998 5354 2119 5416 quo
2171 5338 2411 5415 primas
2467 5336 2703 5398 eruditi
2732 5337 3059 5411 .tenebunt,
3093 5355 3359 5417 quorum
3409 5348 3579 5399 artes

304 5425 502 5486 veluti
536 5426 821 5487 alumnas
846 5427 1180 5505 perpetuis
1216 5428 1544 5505 complecti
1595 5427 1929 5508 beneﬁciis,
1990 5452 2062 5493 ac
2100 5435 2312 5513 fovere
2358 5452 2487 5494 non
2536 5452 2765 5495 cessas.
2797 5436 3043 5509 Patere,
3072 5436 3373 5514 princeps
3424 5438 3541 5496 emi
3561 5472 3575 5482 -

305 5522 695 5595 nentissime,
735 5539 931 5581 meam
984 5539 1227 5602 quoque
1280 5523 1351 5585 in
1402 5522 1513 5584 illo
1573 5535 1905 5602 concentu,
1965 5540 2078 5592 aut
2136 5534 2352 5608 potius
2407 5531 2729 5592 societatis
2764 5541 2999 5592 nostra:
3053 5550 3261 5593 vocem
3313 5550 3429 5611 per
3483 5552 3578 5593 me

304 5626 723 5692 resonantem,
753 5618 978 5680 audiri
1009 5642 1029 5681 :
1058 5637 1253 5699 neque
1287 5622 1428 5703 jam
1459 5628 1813 5687 communia
1862 5626 1977 5688 illa
2028 5637 2085 5688 et
2116 5630 2184 5691 in
2236 5646 2441 5689 omnes
2498 5647 2719 5708 sparsa
2782 5627 3051 5709 populos
3108 5627 3423 5708 beneﬁcia,
3471 5629 3579 5689 sed

305 5715 689 5777 immortalia
732 5718 801 5777 in
827 5734 944 5778 nos
998 5719 1225 5779 merita
1274 5719 1735 5786 celebrantem:
1766 5727 1874 5803 qui
1948 5735 2002 5786 et
2050 5726 2265 5787 multis
2311 5726 2450 5806 jam
2494 5724 2741 5805 pridem
2798 5726 2914 5788 tibi
2962 5745 3171 5787 sumus
3218 5725 3577 5787 nominibus

593 5823 861 5886 Pnnot.
893 5824 1007 5884 Gn.
1056 5826 1323 5892 CLVIII.
3220 5834 3243 5889 1
