4214 6442
711 381 745 441 3
1852 376 2057 436 PIliL.
2102 376 2191 434 LA
2206 376 2375 435 BBEI
2418 376 2840 440 PREFATIO.
3939 378 3971 443 4

709 489 1020 556 obstricti,
1061 496 1116 548 et
1148 505 1358 549 recens
1394 487 1555 549 illud
1583 507 1936 569 quanquam
1968 489 2243 548 omnium
2292 506 2609 549 commune
2664 492 2843 566 pacis
2900 489 3281 571 bene/icium,
3332 491 3510 553 nobis
3553 492 3813 569 proprie
3846 492 3977 551 col-

706 588 905 649 latum
942 588 1363 664 agnoscimus.
1401 585 1552 646 Cum
1586 589 1749 646 enim
1781 587 2068 666 instituti
2097 584 2307 646 nostri
2341 584 2449 656 sit,
2483 594 2542 645 et
2570 586 2949 664 optimarum
2975 588 3213 649 artium
3258 585 3632 665 disciplinas
3662 586 3975 664 proﬁteri,

706 701 976 763 quarum
1008 682 1239 745 studiis
1272 679 1436 742 nihil
1466 692 1555 743 est
1584 701 1907 744 armorum
1936 683 2211 760 strepitu
2242 681 2538 759 infestius
2560 721 2579 751 ,
2636 689 2692 741 et
2746 682 3103 743 excolendis
3134 682 3451 743 hominum
3498 679 3780 741 moribus
3835 690 3979 740 stu-

707 780 875 851 dere,
909 777 1443 858 profligandtrque
1472 780 1813 858 impietati,
1853 798 1987 857 quae
2030 778 2352 857 impunius
2384 777 2554 837 inter
2581 774 2740 837 bella
2788 790 3121 856 grassatur
3153 801 3171 839 :
3214 780 3309 838 Tu
3341 778 3686 839 constituta
3706 793 3889 855 pace,
3924 783 3979 834 et

707 878 1074 955 languentes
1103 894 1175 934 ac
1201 893 1401 957 prope
1432 878 1828 938 semianimes
1860 877 2111 937 litteras
2146 874 2477 943 excitasti,
2523 880 2583 932 et
2611 871 2908 950 neglectis
2962 892 3033 934 ac
3081 872 3278 934 veluti
3310 875 3606 953 profugis
3634 870 3980 933 virtutibus

707 980 1033 1057 Europam
1072 982 1525 1057 omnem'quasi
1564 978 1864 1058 templum
1901 977 2159 1057 aliquod
2199 975 2536 1056 aperuisti,
2590 975 2658 1035 in
2704 992 2824 1053 quo
2855 975 3060 1053 quiete
3096 974 3388 1052 deinceps
3418 991 3491 1033 ac
3540 972 3787 1051 placide
3820 969 3981 1031 colc‘

703 1088 952 1135 rentur.
991 1074 1074 1136 Et
1105 1074 1351 1137 habebit
1387 1086 1592 1136 tamen
1631 1077 1695 1135 in-
1730 1074 1843 1135 illa
1876 1072 2342 1152 tranquillitate
2392 1072 2598 1131 hostes
2659 1089 2807 1131 suos
2856 1072 3107 1149 religio,
3161 1075 3368 1132 minus
3412 1073 3657 1149 quidem
3694 1069 3982 1147 furentes

702 1172 1006 1233 audacter
1028 1217 1043 1245 ,
1092 1173 1200 1234 sed
1228 1191 1355 1233 non
1384 1175 1589 1235 minus
1630 1171 1869 1234 idcirco
1902 1169 2263 1231 metuendos
2296 1190 2315 1228 :
2346 1166 2593 1228 habebit
2626 1177 2681 1227 et
2732 1185 2879 1227 suos
2911 1169 3175 1229 societas
3201 1175 3446 1240 nostra,
3500 1168 3602 1227 cui
3643 1183 3774 1225 non
3806 1164 3985 1225 inde-

702 1287 921 1328 corum
964 1277 1076 1341 est,
1130 1269 1397 1342 eosdem,
1465 1289 1504 1328 a
1552 1268 1781 1349 quibus
1834 1265 2115 1327 Ecclesia
2161 1272 2456 1336 vexatur,
2512 1263 2948 1332 adversarios;
3004 1264 3301 1336 eumdem,
3358 1283 3550 1344 a-quo
3595 1262 3845 1341 defensa
3892 1272 3983 1322 est

700 1362 953 1442 religio,
988 1364 1297 1424 vindicem
1346 1366 1426 1424 Te
1457 1383 1528 1424 ac
1555 1373 1901 1443 patronum
1935 1362 2243 1440 experiri.
2277 1361 2498 1438 Perge,
2528 1362 2828 1440 princeps
2858 1350 3357 1438 eminentissime,
3410 1361 3483 1421 de
3529 1368 3797 1438 utraque
3829 1360 3980 1420 bene

698 1464 929 1523 mereri
964 1486 983 1523 :
1015 1464 1106 1523 sic
1141 1464 1257 1524 tibi
1286 1463 1567 1524 vicissim
1600 1474 1891 1541 utraque,
1930 1461 2097 1541 quod
2123 1477 2427 1520 summum
2457 1459 2663 1533 habet,
2705 1462 3071 1538 gratissimo
3126 1463 3334 1523 animo
3382 1459 3727 1539 rependat;
3772 1460 3981 1519 altera

698 1559 1071 1637 dignitatem
1108 1558 1281 1619 orbis
1314 1566 1635 1619 terrarum
1671 1576 2047 1637 supremam,
2096 1564 2293 1617 altera
2335 1556 2584 1635 plenam
2630 1560 2963 1637 religionis
3005 1560 3360 1637 amorisque
3414 1559 3853 1619 reverentiam.
3890 1559 3982 1617 Ili

697 1665 870 1728 sunt,
900 1657 1204 1734 princeps
1230 1657 1732 1729 eminentissime,
1766 1657 2087 1717 societatis
2127 1662 2360 1714 nostra:
2396 1671 2637 1728 sensus,
2695 1672 2851 1734 quos
2886 1654 3191 1734 proﬁteri
3232 1672 3348 1734 per
3378 1672 3470 1714 me
3517 1653 3745 1715 voluit.
3798 1655 3981 1713 Inter

695 1753 821 1811 lucc
854 1753 989 1832 ejus
1014 1762 1159 1812 vota
1188 1760 1246 1812 et
1277 1760 1595 1813 terrarum
1628 1753 1904 1813 omnium
1933 1750 2413 1829 gratulationes,
2447 1762 2665 1828 patere
2718 1750 2833 1812 hoc
2890 1752 3011 1812 tibi
3064 1752 3347 1830 quamvis
3380 1760 3560 1811 tenue
3614 1749 3975 1817 donarium.

695 1847 843 1907 dum
877 1849 1116 1928 majora
1151 1846 1574 1924 exsolvamus,
1608 1847 1906 1928 appendi.
1942 1847 2317 1909 Laudabunt
2349 1847 2486 1919 alii,
2518 1848 2673 1921 scio,
2727 1848 2796 1908 in
2852 1846 3341 1926 quadripertitis
3389 1848 3598 1909 nostri
3620 1832 3845 1917 dicam,
3896 1864 3979 1905 an

690 1944 911 2023 potius
947 1944 1068 2017 tui,
1110 1963 1138 2003 e
1164 1945 1391 2006 Sicilia
1424 1945 1711 2017 oriundi,
1746 1943 2078 2005 Michaelis
2110 1942 2322 2020 Glyece
2348 1942 2725 2017 Annalibus,
2760 1944 3067 2007 Historiee
3101 1961 3296 2005 sacra:
3326 1962 3397 2005 ac
3428 1944 3715 2023 profanae
3773 1942 3975 2002 mira-

696 2039 809 2101 bili
839 2039 1216 2102 dexteritate
1248 2043 1549 2103 insertam
1609 2041 2006 2119 theologiam,
2054 2032 2414 2103 divinarum
2447 2040 2835 2102 Litterarum
2891 2041 3481 2119 interpretationem
3537 2049 3595 2099 et
3649 2036 3977 2100 assiduum

694 2146 1060 2198 sanctorum
1090 2135 1356 2198 Patrum
1383 2156 1565 2198 usum
1595 2155 1733 2198 cum
1760 2135 2079 2198 medicines
2106 2138 2372 2200 scientia
2400 2156 2471 2200 ac
2504 2156 2713 2199 rerum
2729 2138 3122 2198 naturalium
3151 2138 3507 2215 cognitione
3541 2138 3968 2217 conjunctum,

691 2236 1055 2314 principum
1090 2236 1298 2296 Romte
1328 2245 1383 2295 et
1417 2235 1973 2315 Constantinopoli
2023 2236 2469 2312 imperantium
2527 2233 2767 2313 sibique
2815 2233 3082 2295 invicem
3136 2232 3359 2294 ordine
3412 2231 3899 2302 succedentium,
3935 2249 3972 2289 a

692 2329 871 2390 Julia
909 2330 1149 2391 Caesare
1177 2329 1260 2391 ad
1299 2330 1517 2394 Alexii
1547 2333 1851 2394 Comneni
1881 2330 2147 2405 obitum,
2180 2349 2282 2393 res
2318 2330 2627 2411 praclare
2662 2339 2867 2408 gestas
2899 2330 3219 2409 ingeniose
3256 2348 3596 2400 connexos,
3631 2339 3975 2390 certantem

695 2450 836 2492 cum
881 2431 1238 2511 eloquentia
1281 2435 1527 2513 ingenii
1566 2435 1953 2516 felicitatem,
1994 2453 2373 2519 cumrerum
2424 2436 2732 2496 varietate
2778 2431 3143 2495 incredibili
3164 2451 3313 2513 ,non
3346 2434 3789 2495 inconcinnam
3830 2431 3971 2491 bre-

634 2614 641 2619 Ι
692 2528 973 2601 vitatem,
1010 2529 1432 2607 digressiones
1462 2529 1727 2609 denique
1752 2528 1834 2589 ad
1866 2528 2192 2590 levandum
2238 2530 2496 2593 lectoris
2546 2530 2799 2593 twdium
2850 2531 2985 2592 suis
3042 2540 3192 2610 apte
3241 2531 3398 2592 locis
3427 2531 3791 2593 collocatas.
3825 2528 3968 2607 Ego

692 2644 840 2687 vero
869 2644 1063 2706 neque
1098 2629 1164 2688 in
1190 2630 1327 2701 hoc,
1359 2646 1554 2707 neque
1580 2629 1647 2690 in
1676 2628 1846 2701 aliis,
1889 2645 2031 2707 quae
2087 2626 2206 2688 tibi
2250 2647 2287 2687 a
2341 2626 2524 2691 nobis
2576 2626 2802 2708 oﬁ‘erri
2846 2637 3128 2706 possent,
3180 2626 3570 2701 muneribus,
3629 2625 3971 2707 quidquam

693 2737 1009 2797 magnum,
1050 2729 1226 2800 teque
1266 2724 1549 2801 dignum,
1581 2723 1888 2783 intimare
1918 2724 2141 2797 statui,
2175 2722 2305 2785 nisi
2337 2722 2442 2784 cui
2472 2732 2543 2782 tu
2572 2719 2869 2782 laudator
2901 2727 2959 2782 et
2986 2720 3384 2799 approbator
3403 2721 3766 2783 accesseris.
3801 2720 3965 2792 l'ale,

696 2825 753 2875 et
789 2818 855 2877 in
884 2816 1115 2879 multos
1144 2836 1343 2878 annos
1371 2819 1533 2898 felix
1564 2820 1722 2880 vive.

775 2918 1005 2981 Dabam
1052 2917 1313 2981 Lutetia:
1344 2917 1727 2980 Parisiorum
1752 2916 1889 2981 Kal.
1941 2919 2247 2983 Decemb.
2281 2918 2433 2983 anni
2475 2934 2727 2979 MDCLIX.

1090 3018 1465 3080 Eminentia:
1519 3025 1644 3082 tum

2477 3112 2962 3178 Addictissimus
3018 3110 3352 3193 Philippus
3401 3114 3643 3185 Lmen,

2757 3217 2905 3279 Soc.
2954 3216 3104 3279 Jesu
3139 3214 3498 3295 presbyter.

1069 3594 1217 3681 AD
1292 3592 1863 3688 OPTIMUM
1956 3597 2112 3688 ET
2195 3596 2850 3688 ERUDITUM
2927 3592 3580 3688 LECTOREM

1925 3808 2727 3927 PR/EFATIO.

702 3428 2501 3456 Ἢ

765 4158 1087 4224 Michaelis
1121 4160 1332 4240 Glycaa
1360 4154 1657 4233 Annales,
1692 4175 1861 4223 nunc
1888 4159 2163 4241 primum
2194 4164 2461 4239 utraque
2494 4161 2708 4239 lingua
2741 4162 2881 4224 orbi
2912 4163 3230 4241 cognitos,
3263 4181 3407 4227 cum
3430 4165 3543 4228 tibi
3571 4166 3762 4245 regiis
3791 4167 3965 4247 typis

689 4262 1100 4339 repraesento,
1131 4259 1374 4336 optime
1407 4256 1636 4331 lector,
1665 4256 1863 4319 nolim
1894 4257 2215 4320 existimes
2243 4258 2433 4319 unius
2457 4258 2759 4321 duntaxat
2779 4260 3074 4322 Historiae
3107 4269 3216 4324 aut
3236 4262 3532 4326 Chronici
3558 4267 3957 4346 scriptorem,

687 4353 907 4434 quales
945 4352 1170 4415 eodem
1210 4350 1345 4413 fere
1384 4359 1673 4431 tempore
1730 4352 2053 4414 uberrimo
2110 4359 2421 4433 proventu
2473 4353 2697 4415 extulit
2744 4355 3010 4427 Graecia,
3043 4358 3355 4421 Joannem
3385 4362 3711 4435 Zonaram,
3762 4364 3963 4425 Geor-

686 4453 853 4528 gium
913 4449 1299 4521 Cedrenum,
1352 4448 1829 4510 Constantinum
1862 4451 2234 4522 Manassem,
2291 4451 2694 4532 similesque,
2750 4452 2862 4515 sed
2917 4453 3287 4534 theologum
3345 4457 3569 4532 simul,
3634 4476 3959 4522 sacrarum

683 4550 1057 4623 Litterarum
1103 4546 1545 4624 interpretem,
1597 4544 1936 4616 medicum,
1985 4546 2423 4627 naturalisque
2476 4548 2762 4610 scientia
2819 4549 3254 4627 indagatorem
3310 4552 3793 4617 solertissimum
3842 4572 3957 4619 ex-

684 4642 906 4704 hiberi.
961 4643 1051 4703 Ila
1099 4640 1274 4702 enim
1324 4639 1402 4700 ab
1435 4642 1590 4701 orbe
1645 4640 1930 4711 condito,
1988 4641 2162 4719 quod
2215 4649 2278 4704 et
2334 4643 2440 4705 alii
2494 4643 2704 4707 facere
2754 4646 3034 4724 aggressi
3085 4654 3255 4723 sunt,
3312 4667 3517 4728 usque
3567 4650 3645 4712 ad
3709 4651 3955 4713 obitum

682 4740 882 4799 Alexii
929 4736 1233 4798 Comneni
1289 4741 1351 4797 et
1399 4752 1637 4797 annum
1685 4735 1907 4797 Christi
1963 4755 2208 4798 mcxvm
2255 4740 2780 4831 patriarcharum,
2831 4760 3074 4821 regum,
3107 4750 3297 4824 atque
3346 4747 3797 4826 imperatorum
3854 4766 3957 4810 res

683 4842 910 4913 gestas,
946 4833 1402 4913 historiamque
1433 4849 1690 4895 omnem
1718 4833 2066 4906 Iudaicam,
2116 4838 2488 4910 Romanam,
2539 4854 2611 4901 ac
2662 4839 3427 4921 ConstantinOpolitanam
3471 4846 3827 4923 pertexuit,
3882 4854 3955 4909 ut

682 4934 910 4996 eodem
943 4938 1243 4995 contextu
1282 4936 1722 4994 controversas
1752 4931 1918 4993 inter
1946 4932 2283 5012 theologos
2322 4934 2875 5015 philosophosque
2918 4938 3307 5016 quastiones
3350 4942 3699 5017 agitaverit,
3751 4959 3823 5004 ac
3869 4942 3951 5005 de

684 5032 875 5094 rebus
914 5028 1234 5102 omnibus,
1271 5045 1413 5107 qum
1443 5026 1507 5087 in
1546 5026 1734 5097 cmlo,
1774 5044 1945 5103 aere,
1982 5036 2167 5101 terra,
2224 5048 2295 5092 ac
2332 5030 2489 5092 mari
2540 5031 2719 5104 fiunt,
2767 5032 2847 5093 de
2894 5033 3135 5108 avibus,
3190 5035 3491 5114 piscibus,
3546 5036 3951 5113 animalibus,

682 5127 965 5209 homine,
1012 5132 1202 5204 atque
1248 5122 1490 5201 angelis
1540 5123 1951 5198 disseruerit;
2013 5134 2269 5188 secutus
2307 5136 2587 5190 veterum
2645 5130 2897 5191 Patrum
2962 5132 3296 5208 Eustathii,
3362 5133 3597 5209 Basilii,
3651 5133 3949 5214 Nysseni,

680 5222 1133 5302 Chrysoslomi,
1168 5221 1444 5293 Sinaitm,
1499 5220 1749 5296 Pisidia,
1801 5222 2202 5303 aliorumque
2253 5225 2515 5303 vestigia
2562 5242 2634 5288 ac
2684 5243 2848 5305 pene
2876 5229 3091 5303 verba,
3152 5230 3263 5308 qui
3304 5246 3468 5309 OpUs
3509 5248 3621 5293 sex
3676 5231 3947 5305 dierum,

679 5319 851 5401 quod
882 5319 1096 5379 Graeca
1126 5332 1279 5379 voce
1309 5317 1753 5378 Hexaemeron
1807 5318 2019 5381 dicere
2063 5318 2365 5396 solemus,
2406 5320 2711 5399 singulari
2762 5322 3088 5401 diligentia
3134 5326 3623 5389 concinnarunt.

759 5420 1029 5483 Patriam
1062 5418 1296 5481 docent
1326 5435 1477 5479 mss.
1506 5417 1784 5494 codices,
1821 5420 1930 5501 qui
1971 5432 2301 5499 Σικελιώτην
2332 5431 2699 5486 constanter
2733 5424 3061 5505 appellant
3097 5443 3257 5489 :nec
3288 5427 3617 5490 abluderet
3657 5428 3948 5495 additum

678 5523 773 5577 eos
841 5524 1022 5576 Γλυκᾶ
1066 5530 1451 5592 cognomen,
1484 5516 1534 5575 si
1570 5514 1821 5577 labente
1855 5519 2237 5582 duodecimo
2269 5520 2495 5583 Christi
2546 5519 2808 5593 saeculo,
2854 5539 2983 5601 quo
3037 5522 3270 5586 vixisse
3318 5524 3484 5587 circa
3531 5541 3765 5587 annum
3824 5543 3948 5587 uer.

679 5614 947 5686 videtur,
981 5611 1227 5675 Siculos
1261 5611 1481 5672 Dorica
1513 5610 1721 5673 adhuc
1749 5612 2019 5677 dialecto
2053 5634 2202 5680 usos
2230 5617 2424 5680 fuisse
2459 5624 2797 5681 constaret.
2832 5619 3135 5694 Privatus,
3171 5638 3251 5682 an
3285 5622 3352 5682 in
3392 5622 3788 5699 magistratu,
3840 5631 3948 5685 aut

681 5710 983 5783 dignitate
1020 5709 1227 5788 aliqua
1260 5705 1537 5787 publica,
1571 5707 1849 5785 militari,
1888 5714 2113 5788 aziTica,
2146 5715 2469 5778 forensivc
2507 5722 2804 5788 ornatus;
2860 5716 3255 5796 conjugatus,
3305 5735 3387 5780 an
3434 5718 3663 5781 caelebs
3694 5719 3941 5794 vixerit,

682 5805 866 5889 plane
902 5804 1118 5867 nescio
1160 5821 1172 5835 '
1212 5820 1329 5866 nec
1392 5819 1644 5882 aspersa
1691 5808 1958 5885 singulis
1994 5810 2123 5873 fere
2183 5814 2346 5893 pagi:

2277 5813 2429 5892 ginis
2471 5823 2609 5890 υἱοῦ,
2653 5825 2845 5879 τέκνου
2880 5826 2971 5880 καὶ
2998 5811 3287 5897 ἀγαπητοῦ
3335 5814 3639 5880 vocabula
3699 5822 3941 5895 patrem
