4214 6442
258 403 333 465 29

1522 406 1615 463 ΛΝ
1631 404 1925 464 NALBUM
1967 406 2054 463 ΓΛ
2068 404 2158 464 RS
2196 405 2243 463 Ι.

3436 407 3502 467 30

256 513 551 584 χείανὶδού
612 532 694 568 σοι
759 518 852 569 καὶ
910 517 1111 588 ταύτην
1144 519 1239 588 τὴν
1307 516 1484 586 βίϐλον
1522 519 1805 587 συντίθημι

1941 520 2181 575 tionibus
2234 533 2396 575 aures
2459 517 2741 573 hominum
2792 515 3016 569 obrutas
3072 516 3227 571 tmdio
3274 524 3508 586 quedam

328 696 444 767 Πρὸ
490 694 709 750 πάντων
754 691 847 751 οὖν
877 697 1076 751 εἰδέναι
1119 715 1178 752 σε
1208 698 1361 764 ἄξιον
1395 700 1476 752 ὅτι
1507 700 1566 750 ἐν
1598 698 1655 763 ἓξ
1693 699 1830 769 ἡμέ-

256 804 381 858 ραις
428 790 650 860 ὲποίησε
697 790 889 846 τοῦτον
936 790 1027 844 τὸν
1075 791 1279 861 κόσμον
1320 794 1349 845 6
1381 791 1535 857 Θεὸς,
1574 792 1631 844 ὲν
1661 791 1719 845 δὲ
1756 794 1824 861 τῇ

252 880 459 953 ἑϐδόμῃ
503 883 850 936 κατέπαυσεν
886 884 993 937 ἀπὸ
1035 884 1253 939 πάντων
1293 885 1402 939 τῶν
1438 884 1617 953 ἔργων
1657 884 1823 937 αὐτοῦ

254 961 332 1021 ὧν
366 971 644 1039 εποίησεν.
680 971 941 1027 Ἤδύνατο
982 968 1074 1026 οὖν
1108 975 1166 1026 ὲν
1200 976 1302 1044 μιᾷ
1323 974 1508 1046 ἡμέρᾳ
1538 975 1606 1028 τὰ
1648 976 1825 1029 πάντα

254 1063 623 1127 παραγαγεῖν,
652 1063 882 1133 οὐρανὸν
924 1065 1186 1133 δηλονότι,
1241 1068 1345 1136 γῆν
1394 1069 1487 1121 καὶ
1532 1068 1824 1133 θάλατταν,

254 1149 469 1219 Ιχθύας,
497 1153 567 1206 τά
608 1170 669 1206 τε
714 1156 934 1210 πετεινὰ
962 1159 1057 1211 καὶ
1098 1157 1165 1212 τὰ
1204 1160 1508 1230 τετράποδα
1554 1162 1644 1214 καὶ
1691 1162 1827 1232 πρὸς

248 1240 461 1305 τούτοις
496 1242 588 1295 τὸν
631 1245 942 1315 ἄνθρωπον.
986 1247 1128 1301 Ἀλλ’
1174 1249 1260 1302 ἵνα
1304 1252 1378 1320 μὴ
1418 1252 1676 1323 ἀφορμῆς
1708 1256 1827 1306 ὲπι-

247 1330 534 1399 δράξονται
577 1336 628 1387 oi
664 1335 721 1402 ἐξ
768 1338 1076 1408 αὐτομάτου
1133 1340 1201 1394 τὰ
1253 1342 1432 1394 πάντα
1474 1342 1826 1412 παραχθῆναι

248 1424 524 1492 λέγοντες,
581 1428 809 1499 ἡμερῶν
861 1432 1057 1503 ἐδεήθη
1115 1432 1175 1499 ἐξ
1237 1435 1329 1487 ἐπὶ
1386 1437 1450 1504 τῇ
1512 1438 1823 1505 παραγωγῇ

246 1517 402 1569 τοῦδε
427 1518 521 1572 τοῦ
564 1522 773 1591 κόσμου
822 1524 850 1575 6
884 1524 1225 1595 Δημιουργὺς
1259 1526 1417 1597 ἡμῶν
1438 1530 1530 1580 καὶ
1569 1528 1720 1593 Θεὸς,
1750 1527 1827 1591 ὡς

246 1610 275 1661 6
310 1611 719 1681 χρυσορῤήμων
769 1613 1028 1685 Ἰωάννης
1080 1618 1267 1688 φησίν.
1303 1618 1365 1670 El
1398 1619 1507 1689 γὰρ
1557 1619 1650 1672 καὶ
1683 1618 1827 1671 οὕτω

243 1699 358 1752 τῶν
410 1703 737 1772 ποιημάτων
793 1705 1243 1775 ἀπαρτισθέντων
1298 1709 1587 1777 αὐτόματα
1650 1707 1827 1763 ταῦτά

246 1805 392 1852 τινες
431 1791 871 1865 ἐφαντάσθησαν,
908 1797 1087 1867 πολλῷ
1119 1797 1323 1867 μᾶλλον
1367 1801 1525 1869 εἰπερ
1556 1800 1694 1869 ὁμοῦ
1730 1801 1827 1854 καὶ

244 1881 390 1936 κατὰ
414 1881 588 1955 ταῦτα
621 1886 703 1950 είς
732 1886 792 1940 τὸ
830 1883 968 1942 εῖναι
1007 1890 1391 1961 παρήχοησαν.
1428 1893 1516 1946 Ἐν
1550 1893 1609 1957 ἒξ
1642 1893 1698 1945 δὲ
1729 1891 1821 1946 καὶ

249 1971 441 2040 μόναις
466 1974 722 2045 ἡμέραις,
759 1979 852 2032 καὶ
886 1979 947 2033 οὐ
983 1979 1203 2035 πλέοσιν
1235 1981 1268 2051 ἢ
1301 1982 1572 2047 ἐλάττοσι,
1602 1984 1819 2037 τουτονὶ

246 2064 598 2136 παραχθῆναι
640 2070 734 2121 τὸν
780 2070 987 2140 κόσμον
1037 2073 1361 2143 ηὐδόκησεν,
1393 2075 1481 2129 ἵνα
1534 2077 1629 2129 καὶ
1661 2078 1822 2147 ἡμεῖς

242 2153 586 2227 διδαχΘῶμεν
645 2159 899 2214 ἐντεῦθεν
960 2161 1020 2227 ἐξ
1076 2164 1290 2236 ἡμέρας
1348 2167 1449 2236 τῆς
1524 2167 1821 2238 ἑϐδομάδος

243 2246 595 2316 ἐργάζεσθαι,
628 2254 692 2323 τῇ
745 2252 804 2306 δὲ
855 2253 1063 2327 ἑϐδόμῃ
1109 2258 1414 2327 κεχρῆσθαι
1458 2258 1596 2329 πρὸς
1650 2261 1820 2328 μόνην

243 2334 556 2408 δοξολογίαν
585 2342 742 2400 Θεοῦ.
775 2345 875 2399 Διὰ
905 2347 1013 2417 γὰρ
1060 2348 1220 2402 τοῦτο
1271 2351 1367 2403 καὶ
1410 2352 1439 2404 6
1478 2354 1819 2421 Δημιουργὸς

246 2433 307 2484 ἐν
349 2436 417 2502 τῇ
464 2434 667 2510 ἐϐδόμῃ
701 2439 1044 2494 κατέπαυσεν
1088 2443 1197 2496 ἀπὸ
1241 2444 1461 2498 πάντων
1498 2446 1609 2498 τῶν
1638 2446 1819 2513 ἔργων

244 2519 325 2578 ὧν
376 2526 581 2596 ἡρξατο
628 2534 823 2584 ποιεῖν.
858 2531 921 2584 Ei
968 2533 1025 2587 δὲ
1068 2536 1096 2588 6
1134 2534 1339 2605 Κύριος
1379 2539 1437 2589 ὲν
1464 2537 1818 2605 mansum;

246 2615 479 2687 εὕρηται
515 2618 713 2688 λέγων,
740 2641 759 2674 ι
780 2623 838 2676 '0
866 2624 1058 2694 Πατήρ
1084 2644 1188 2696 μου
1213 2627 1318 2690 ἕως
1346 2628 1469 2694 ἄρτι
1501 2629 1816 2700 ἐργάζεται,

250 2709 777 2784 κάγὼ-ἐργάζομαι,
829 2734 849 2769 ι
894 2718 968 2790 μὴ
1012 2720 1284 2791 θαύμαζε.
1329 2723 1464 2776 Τότε
1505 2723 1606 2793 μὲν
1649 2724 1759 2794 γὰρ
1791 2726 1819 2777 6

245 2800 401 2865 Θεὸς,
427 2803 504 2867 ὡς
532 2807 560 2858 6
585 2806 820 2875 χρυσοῦς
849 2810 950 2880 τὴν
983 2810 1233 2881 γλῶττάν
1282 2832 1438 2885 φησι,
1472 2816 1818 2870 κατέπαυσεν

243 2893 355 2945 ἀπὸ
400 2894 618 2949 πάντων
670 2896 769 2951 τῶν
813 2900 1017 2970 ἔργων,
1053 2904 1332 2958 τουτέστιν
1380 2906 1509 2978 ἔστη
1575 2908 1671 2960 τοῦ
1723 2908 1816 2979 δη-

247 2987 534 3056 μιουργεῖν
560 3001 576 3018 ⁸
632 2991 772 3059 μετὰ
804 2992 914 3064 γὰρ
939 2994 1039 3066 τὴν
1088 2997 1258 3067 ἕκτην
1295 2998 1448 3052 οὐδὲν
1476 3000 1587 3053 ἀπὸ
1614 2998 1709 3054 τοῦ
1742 3002 1816 3073 μὴ

241 3074 398 3140 ὄντος
439 3078 518 3140 είς
567 3078 630 3133 τδ
677 3076 816 3135 εἶναι
861 3087 1210 3157 παρήγαγεν.
1254 3087 1473 3160 Ἐπειδὴ
1506 3091 1564 3145 δὲ
1609 3091 1675 3144 τὰ
1727 3093 1820 3163 δη-

1855 1867 1897 1923 Β

244 3168 656 3273 μιουργηθέντα
707 3174 948 3245 συνέχων
1002 3176 1192 3230 ἔκτοτε
1257 3180 1352 3233 καὶ
1411 3183 1700 3252 συντηρῶν
1753 3184 1814 3235 οὐ
1845 3215 1888 3273 G

236 3260 510 3315 διέλειπεν
551 3264 622 3333 (εἰ
667 3266 774 3336 γὰρ
820 3267 895 3338 μὴ
944 3267 1089 3321 οὕτω
1140 3270 1313 3324 ποιῶν
1356 3267 1444 3342 ἦν,
1488 3274 1589 3326 οὐκ
1630 3274 1696 3326 ἂν
1725 3274 1818 3325 ἐπὶ

234 3351 514 3417 τοσούτοις
549 3354 708 3418 αἰῶσι
733 3357 802 3411 τὰ
843 3358 1069 3413 τοιαῦτα
1097 3361 1399 3433 διήρκεσε),
1434 3364 1526 3417 καὶ
1569 3363 1689 3419 λίαν
1731 3367 1820 3418 εὑ·-

234 3442 413 3510 λόγως
443 3446 537 3499 καὶ
563 3448 803 3519 τήμερον
833 3451 1161 3521 ἐργάζεσθαι
1190 3455 1427 3524 λέγεται.

307 3537 419 3591 Καὶ
445 3539 510 3607 τῇ
547 3539 649 3608 μὲν
695 3540 888 3613 πρώτῃ
928 3543 1115 3616 ἡμέρᾳ
1165 3546 1389 3618 ἐποίησε
1447 3549 1540 3602 τὸν
1587 3552 1818 3621 οὐρανὸν

232 3625 331 3679 καὶ
380 3628 481 3698 τὴν
513 3629 637 3701 γῆν,
660 3631 890 3702 οὐρανὸν
925 3637 1133 3691 ἐκεῖνον
1174 3637 1265 3691 τὸν
1293 3640 1533 3710 πρῶτον,
1581 3637 1673 3695 τὸν
1713 3660 1817 3696 πε-

236 3719 471 3794 ρικαλλῆ
519 3741 578 3779 τε
622 3723 716 3781 καὶ
763 3724 1057 3800 ἄναστρον,
1087 3734 1212 3800 περὶ
1250 3726 1311 3785 οὗ
1359 3732 1454 3785 καὶ
1506 3736 1534 3786 ὁ
1584 3735 1817 3804 εὐαγγεο

230 3816 428 3886 λιστὴς
475 3817 729 3890 Ἰωάννης
758 3821 818 3872 ἐν
855 3823 921 3890 τῇ
963 3821 1332 3891 Ἀποκαλύψει
1367 3823 1531 3877 αὐτοῦ
1559 3826 1688 3896 περὶ
1719 3827 1817 3897 τῆς

235 3908 380 3977 μετά
439 3909 616 3964 ταῦτα
663 3913 1052 3976 καταστάσεως
1122 3912 1376 3979 διεξιὼν,
1434 3914 1576 3968 οὕτω
1627 3919 1815 3987 φησιν,

220 3998 259 4051 ί(
302 3997 457 4055 Εἶδον
489 4002 718 4073 οὐρανὸν
766 4004 953 4059 καινὸν
993 4004 1088 4075 καὶ
1132 4005 1236 4075 γῆν
1262 4006 1478 4077 καινὴν,
1521 4008 1675 4077 καὶή
1715 4010 1814 4064 Od-

230 4091 411 4147 λασσα
441 4094 541 4147 οὐκ
568 4094 717 4151 ἐστιν
747 4095 849 4152 ἔτι.
884 4115 903 4149 ι

307 4205 329 4238 ι
386 4187 473 4239 Ἐν
498 4189 637 4258 ἀρχῇ
662 4189 923 4261 ἐποίησεν
962 4192 989 4245 6
1028 4190 1162 4256 Θεὸς
1193 4193 1285 4247 τον
1316 4194 1549 4265 οὐρανὸν
1585 4198 1682 4251 καὶ
1712 4198 1812 4266 τὴν

228 4280 357 4347 γῆν.
398 4297 417 4331 ι
458 4279 723 4352 Πρόσεχε,
776 4281 1053 4353 ἁγαπητὲ,
1102 4284 1184 4338 ὃτι
1238 4286 1332 4337 καὶ
1375 4284 1536 4338 τοῦτο
1582 4285 1813 4340 ἐνταῦθα

228 4372 530 4442 ἠπόρηται,
560 4373 679 4436 πῶς
710 4374 935 4444 ἐποίησε
987 4374 1077 4428 τὸν
1108 4375 1340 4445 οὐρανὸν
1373 4377 1663 4446 πρότερον,
1694 4374 1812 4429 εἶτα

227 4467 330 4531 τὴν
380 4466 505 4536 γῆν.
554 4465 776 4537 Ἐπειδὴ
824 4466 933 4537 γὰρ
976 4467 1044 4520 τὰ
1095 4468 1326 4536 Θεμὲλια
1381 4469 1810 4523 καταϐάλλονται

1931 611 2092 664 allici.

2000 704 2139 757 Ante
2173 703 2358 757 omnia
2406 716 2535 757 vero
2587 701 2728 757 scire
2759 700 2926 755 debes
2966 698 3132 755 Deum
3164 715 3256 756 sex
3300 702 3512 756 dierum

1929 794 2109 863 spatio
2140 793 2408 848 mundum
2438 794 2583 847 hunc
2614 792 2926 847 condidisse
2955 832 2969 854 ,
3028 807 3092 847 ac
3136 792 3227 847 die
3280 794 3511 862 septima

1930 901 2113 941 rerum
2149 884 2412 939 creationi
2449 884 2555 939 line
2598 884 2855 953 imposito
2889 884 3179 953 quievisse.
3209 887 3260 954 2
3299 886 3515 939 Poterat.

1929 978 2152 1045 quidem
2184 993 2293 1031 uno
2319 977 2408 1032 die
2449 992 2538 1031 res
2572 977 2860 1031 universas
2886 977 2939 1030 in
2973 986 3152 1030 ortmn
3185 978 3510 1046 producere,

1928 1069 2192 1123 nimirum
2226 1068 2460 1129 coelum,
2495 1077 2695 1122 terram
2718 1106 2734 1132 ,
2770 1082 2921 1121 mare
2948 1109 2962 1131 ,
2998 1067 3196 1137 pisces,
3236 1070 3509 1133 minores,

1929 1160 2314 1229 quadrupedes
2345 1159 2549 1214 bestias
2576 1197 2590 1222 ,
2641 1168 2698 1212 et
2728 1160 2783 1212 in
2840 1160 2926 1213 his
2956 1160 3232 1214 hominem
3280 1163 3454 1228 ipsum
3495 1180 3509 1215 :

1929 1252 2023 1305 sed
2053 1266 2121 1305 ne
2151 1250 2496 1307 occasionem
2547 1252 2752 1305 erroris
2796 1250 2927 1305 hinc
2954 1253 3038 1306 sui
3068 1254 3377 1321 arriperent
3417 1259 3509 1324 qui

1928 1340 2159 1394 fortuito
2192 1355 2318 1394 casn
2370 1350 2488 1393 orta
2535 1340 2830 1410 perhibent
2882 1341 3104 1402 omnia.
3164 1341 3359 1395 diebus
3419 1357 3511 1396 sex

1930 1433 2195 1487 mumlmn
2248 1432 2396 1487 hunc
2453 1432 2741 1486 absolvere
2781 1432 2991 1498 voluit,
3047 1435 3510 1503 quemadmodum

1929 1540 2131 1577 aureus
2162 1532 2345 1577 orator
2385 1523 2475 1578 ille
2503 1524 2743 1578 Joannes
2779 1524 2962 1578 tradit.
3000 1524 3128 1578 Nam
3154 1528 3196 1579 si
3226 1526 3325 1580 hoc
3349 1529 3510 1581 etiam

1933 1618 2097 1670 modo
2124 1616 2329 1671 creatis
2360 1616 2735 1685 absolutisque
2768 1618 2956 1679 rebus,
2999 1632 3113 1671 ausi
3139 1620 3356 1686 quidam
3386 1630 3513 1672 sum

1929 1709 2217 1779 imaginari
2253 1724 2383 1762 casu
2424 1709 2674 1778 quodam
2716 1718 2889 1773 ortas,
2918 1711 3093 1763 multo
3129 1711 3301 1775 magis
3347 1711 3396 1765 ia!
3430 1711 3512 1765 fe-

1928 1797 2156 1862 cissent,
2191 1798 2234 1851 si
2266 1797 2473 1866 pariter
2505 1799 2812 1869 eodemque
2837 1808 3082 1867 tempore
3113 1801 3346 1854 conditrc
3381 1800 3515 1857 fuis-

1925 1899 2067 1944 sent.
2104 1889 2317 1944 Placuit
2347 1890 2536 1944 itidem
2590 1891 2703 1944 Deo
2752 1906 2846 1945 sex
2890 1899 3099 1944 tantum
3151 1893 3369 1947 diebus.
3405 1907 3511 1947 non

1923 1981 2177 2051 pluribus
2226 1997 2335 2036 nec
2381 1981 2736 2052 paucioribus
2778 1982 3059 2052 opiﬁcium
3094 1983 3282 2037 mundi
3345 1984 3513 2055 hujus

1923 2074 2233 2138 absolvere,
2262 2082 2323 2127 ut
2351 2074 2621 2128 sciremus
2650 2074 2812 2128 nobis
2835 2089 3055 2144 quoque
3090 2090 3182 2128 sex
3218 2076 3511 2146 cujuslith

1923 2166 2247 2234 septimanae
2291 2165 2487 2241 diebus
2516 2164 2899 2228 laborandum,
2934 2168 3338 2237 septimumque
3363 2168 3507 2222 tiirm

1923 2257 2025 2311 soli
2064 2256 2421 2311 celebrationi
2454 2256 2657 2312 divina:
2704 2257 3155 2327 impendendum.
3185 2260 3318 2313 Nam
3344 2276 3405 2315 ea
3442 2262 3510 2313 de

1923 2363 2088 2403 causa
2132 2348 2328 2418 Opifex
2365 2338 2586 2419 quoque
2616 2359 2804 2403 noster
2834 2350 2903 2404 ab
2944 2349 3202 2406 omnibus
3248 2353 3512 2420 operibus

1922 2440 2039 2495 suis
2090 2440 2327 2509 septimo
2357 2439 2446 2495 die
2481 2440 2714 2510 quievit.
2750 2441 2863 2497 Nec
2908 2451 2994 2497 est
3027 2443 3175 2511 quod
3219 2443 3509 2496 Doiniuum

1923 2532 1978 2585 in
2019 2532 2312 2603 Evangelio
2360 2533 2548 2588 dicere
2618 2535 2842 2589 mireris
2881 2554 2895 2588 :
2941 2554 2959 2586 ι
2993 2536 3156 2590 Pater
3195 2550 3349 2589 ruens
3382 2551 3518 2605 open

1924 2633 2076 2679 ratur
2109 2625 2399 2690 hactenus,
2431 2634 2485 2679 et
2522 2626 2638 2695 ipse
2696 2640 2897 2695 operor
2931 2627 2971 2678 ί.
3010 2645 3027 2676 ι
3058 2628 3192 2681 Nam
3233 2636 3346 2680 tum
3383 2626 3513 2695 qui-

1921 2716 2046 2771 dem
2077 2717 2373 2786 temporis,
2411 2724 2471 2770 ttt
2527 2703 2956 2786 Chrysostomus
2987 2719 3087 2783 ait,
3146 2719 3213 2773 ab
3247 2722 3513 2788 oneribus

1924 2808 2200 2863 universis
2249 2807 2481 2878 quievit,
2545 2807 2651 2861 hoc
2699 2816 2785 2862 est
2824 2823 3017 2863 creare
3062 2810 3270 2864 desiit:
3305 2812 3510 2881 quippe

1922 2910 2048 2970 post
2079 2912 2294 2956 sextum
2330 2900 2475 2954 diem
2537 2900 2967 2971 haudquaquam
3019 2902 3073 2954 iu
3104 2912 3284 2955 ortum
3312 2904 3379 2955 de
3421 2904 3510 2955 ni-
3600 2974 3603 2979 Ι

1924 2992 2039 3046 hilo
2064 2992 2366 3062 quidquam
2426 2992 2708 3062 produxit.
2749 2990 2889 3058 Quia
2926 3006 3061 3047 vero
3118 2994 3420 3047 secundum
3452 2994 3507 3047 id

1922 3093 2108 3140 creata
2134 3100 2465 3140 conservare
2515 3099 2626 3139 non
2651 3084 2909 3149 cessavit,
2938 3084 3146 3155 absque
3185 3100 3295 3155 quo
3326 3085 3506 3150 foret,

1923 3176 1978 3229 in
2015 3175 2348 3230 hodiernum
2400 3174 2490 3229 illa
2553 3175 2698 3229 diem
2749 3189 2858 3228 non
2908 3174 3245 3239 durassent,
3301 3176 3509 3231 idcirco

1919 3264 2087 3322 etiam
2122 3265 2288 3320 modo
2328 3280 2437 3319 non
2466 3264 2565 3319 abs
2601 3280 2659 3319 re
2687 3264 2903 3335 operari
2939 3265 3161 3321 dicitur.

1995 3539 2288 3594 Enimvero
2324 3539 2503 3608 primo
2536 3540 2627 3595 die
2653 3540 2854 3596 ctelum
2890 3556 2955 3596 ac
2982 3549 3183 3597 terram
3215 3542 3462 3598 condidit
3488 3583 3505 3609 ,

1920 3632 2164 3697 cmlum,
2205 3632 2469 3701 inquam,
2528 3633 2665 3687 illud
2713 3634 2971 3703 princeps
2996 3672 3011 3699 ,
3068 3636 3460 3711 perpulchrum
3487 3677 3504 3699 ,

1920 3724 2194 3780 sideribus
2219 3738 2439 3788 carens,
2461 3724 2530 3778 de
2585 3725 2746 3793 cujus
2787 3726 3026 3796 imagine
3078 3726 3311 3781 Ioannes
3336 3742 3507 3782 cvan-

1919 3816 2110 3886 gelicae
2135 3825 2331 3870 auctor
2371 3815 2641 3880 historim,
2671 3815 2740 3871 de
2770 3824 3027 3872 secutura
3059 3818 3362 3872 secundum
3392 3819 3507 3873 lucc

1918 3922 2102 3963 rerum
2164 3908 2568 3963 instauratione
2612 3908 2846 3977 loquens
2893 3908 2947 3961 in
2996 3907 3350 3963 Revelatione
3382 3925 3503 3975 sua,

1919 3998 1999 4052 sic
2032 3999 2128 4053 ait.
2171 4016 2190 4048 ι
2229 3997 2496 4052 Videbam
2549 3997 2754 4052 coelum
2804 4012 3009 4051 novum
3068 4006 3380 4067 terramque
3408 4015 3508 4055 no-

1917 4104 2064 4156 vam,
2098 4097 2155 4143 et
2191 4104 2344 4143 mare
2370 4088 2526 4159 prius
2556 4103 2826 4157 nusquam
2859 4096 2978 4142 erat
3001 4090 3042 4143 '.
3078 4107 3096 4140 ι

1995 4199 2013 4232 ι
2078 4181 2225 4235 Deus
2251 4221 2267 4244 ,
2333 4198 2352 4231 ι
2381 4181 2460 4234 ait
2493 4194 2665 4235 sacra:
2705 4179 2951 4234 historian
3000 4180 3259 4249 scriptor,
3291 4199 3309 4232 ι
3344 4183 3505 4238 initio

1916 4271 2118 4326 coelum
2174 4279 2231 4325 et
2263 4281 2465 4327 terram
2497 4270 2710 4325 creavit
2755 4271 2797 4322 ³.
2857 4289 2876 4321 ι
2937 4268 3330 4328 Animadverte
3355 4314 3369 4338 ,
3403 4276 3501 4340 liii,

1916 4363 2147 4418 dubium
2192 4363 2299 4417 hoc
2353 4363 2475 4418 loco
2524 4361 2788 4432 quiddam
2820 4361 3101 4427 incidere,
3152 4365 3247 4432 qui
3296 4374 3500 4419 coctum

1916 4456 2069 4524 prius
2122 4453 2471 4517 condiderit,
2532 4468 2597 4509 ac
2633 4452 2836 4507 deinde
2877 4462 3103 4507 terram.
3167 4453 3306 4507 Cum
3350 4457 3498 4508 enim

227 4558 524 4628 πρότερον,
564 4552 666 4611 εἷθ’
695 4557 868 4621 οὕτως
897 4561 925 4612 6
957 4558 1181 4628 ὄροφος,
1214 4559 1322 4612 ἔδει
1364 4559 1583 4623 πάντως
1631 4576 1812 4630 παρα-

1922 4549 2106 4619 priore
2148 4548 2270 4602 loco
2292 4546 2650 4601 fundamenta
2677 4546 2972 4616 jaciantur,
3004 4554 3171 4615 atque
3202 4548 3274 4599 ita
3298 4545 3502 4601 deinde

226 4648 427 4718 χθῆναι
478 4647 578 4720 τὴν
630 4650 737 4719 γῆν
784 4651 880 4704 καὶ
926 4651 1047 4703 τότε
1099 4652 1191 4704 τὸν
1244 4651 1496 4720 οὐρανόν.
1537 4651 1697 4705 Ἀλλὰ
1733 4651 1809 4722 μὴ

1922 4650 2125 4695 tectum
2159 4640 2477 4709 imponatur
2514 4638 2788 4699 adiﬁciis,
2819 4637 3044 4692 omnino
3076 4647 3220 4693 terra
3244 4640 3402 4703 prius
3442 4641 3497 4694 in

226 4738 483 4807 Θαύμαζε
534 4737 731 4793 τούτου
780 4739 992 4795 ἕνεκεν.
1051 4741 1272 4814 Ἐπειδὴ
1327 4742 1437 4810 γὰρ
1484 4742 1662 4796 πάντα
1714 4742 1808 4796 τοῦ

114 4857 118 4860 ‹
223 4830 363 4886 Θεοῦ
396 4831 541 4903 ὑπὲρ
571 4830 735 4900 φύσιν
776 4831 897 4886 ἐστὶ
930 4834 1023 4888 καὶ
1060 4833 1263 4904 τέχνης
1306 4834 1650 4901 ἀκολουθίαν,
1686 4851 1809 4888 και-

222 4924 330 5003 νὸν,
369 4924 593 4987 πάντως
636 4923 822 4991 οὐδὲν,
860 4924 973 4993 εῐγε
1035 4926 1131 4978 καὶ
1180 4926 1274 4979 ἐπὶ
1321 4926 1422 4996 τῆς
1468 4925 1564 4979 τοῦ
1596 4926 1807 4997 κόσμου

221 5016 420 5072 τούτου
446 5017 793 5088 παραγωγῆς
823 5015 914 5069 τὸν
964 5016 1196 5086 οὐρανὸν
1231 5018 1461 5086 ἐποίησε
1510 5017 1803 5089 πρότερον,

224 5106 347 5165 εἶτα
376 5108 479 5177 τὴν
504 5108 628 5178 γῆν.
661 5108 771 5162 Καὶ
800 5106 943 5161 οὕτω
976 5108 1075 5176 μὲν
1115 5109 1143 5159 6
1188 5106 1464 5185 θειότατος
1506 5106 1765 5177 Ἰωάννης
1788 5122 1802 5137 ο

221 5203 405 5271 ἕτεροι
435 5200 494 5255 δέ
524 5218 691 5271 φασιν
725 5201 808 5254 ὅτι
850 5202 879 5254 6
913 5199 1305 5271 άριστοτέχνης
1350 5198 1484 5263 Θεὸς
1520 5200 1614 5253 τὸν
1641 5200 1806 5271 οὐρα-

219 5296 314 5349 νδν
335 5293 605 5365 πρότερον
642 5289 1009 5361 παραγαγὼν,
1043 5284 1165 5346 εἶτα
1206 5290 1306 5363 τὴν
1334 5293 1459 5363 γῆν,
1493 5291 1811 5363 ἀπόρρητον

222 5384 396 5440 αὐτοῦ
425 5384 619 5453 σοφίαν
640 5384 737 5438 καὶ
770 5372 966 5454 τέχνην
996 5383 1365 5455 παρέστησεν.
1415 5382 1637 5454 Ἐπειδὴ
1673 5383 1808 5454 γὰρ,

1916 4742 2100 4785 ortum
2135 4729 2491 4799 producenda
2526 4739 2644 4783 erat
2671 4772 2686 4796 ,
2743 4744 2808 4784 ac
2859 4738 2976 4783 tum
3016 4729 3238 4783 demum
3271 4731 3496 4785 cadum

1916 4836 2141 4893 quoque
2186 4821 2511 4893 creandum.
2539 4821 2743 4876 Verum
2789 4820 2953 4876 aliter
2985 4823 3161 4893 egisse
3196 4820 3367 4878 Deum
3404 4841 3503 4879 ne-

1917 4928 2195 4985 quaquam
2245 4913 2345 4968 tibi
2395 4914 2597 4968 mirum
2646 4912 2924 4968 videatur.
2972 4912 3107 4968 Nam
3155 4929 3279 4970 cum
3330 4932 3497 4987 opera

1920 5007 2095 5079 ipsius
2124 5006 2308 5061 omnia
2339 5014 2552 5061 natura!
2581 5005 2730 5076 leges
2758 5002 3030 5060 excedant
3057 5014 3115 5060 et
3144 5021 3363 5061 omnem
3405 5024 3498 5061 ar-

1916 5101 1987 5156 tis
2016 5098 2243 5163 seriem,
2273 5097 2414 5152 nihil
2458 5112 2663 5152 novum
2684 5134 2701 5163 ,
2729 5096 2774 5150 si
2808 5097 2975 5150 etiam
3008 5096 3065 5150 in
3116 5097 3305 5154 mundi
3341 5114 3497 5152 crea-

1914 5196 2065 5250 tione
2093 5191 2293 5246 ccelum
2326 5190 2515 5260 priore
2544 5189 2688 5253 loco,
2719 5196 2923 5243 terram
2952 5188 3196 5243 secundo
3225 5189 3493 5246 condidit.

1914 5287 2029 5344 Hoc
2062 5284 2227 5341 modo
2254 5284 2479 5340 divinus
2511 5282 2604 5337 ille
2634 5281 2875 5338 Joannes
2914 5281 3060 5336 hanc
3093 5280 3493 5337 dubitationem

1910 5379 2232 5451 explicavit.
2280 5377 2386 5432 Alii
2414 5392 2549 5433 vero
2581 5377 2775 5431 dicunt
2814 5376 2988 5430 Deum
3040 5389 3317 5430 summum
3362 5378 3497 5429 arti-

222 5479 300 5543 ὡς
329 5482 357 5533 6
388 5478 459 5532 τὰ
490 5477 611 5531 Octa
643 5476 809 5548 σοφὸς
850 5476 1155 5547 Γρηγόριος
1192 5479 1220 5530 6
1266 5474 1496 5543 Νύσσης
1530 5476 1696 5547 φησὶν
1723 5476 1807 5529 ὅτι

1922 5475 2067 5531 icem
2098 5473 2337 5543 primum
2370 5470 2512 5526 caelo
2543 5468 2770 5525 condito
2794 5466 2993 5523 deinde
3025 5474 3220 5521 terram
3251 5482 3491 5531 creasse,

220 5568 315 5624 διὰ
360 5568 462 5639 τῆς
518 5567 699 5634 ὀξείας
756 5569 1025 5639 κινήσεως
1075 5566 1172 5622 τοῦ
1229 5566 1489 5639 οὐρανίου
1550 5566 1805 5637 σώματος

220 5659 514 5730 ἑδράζεται
569 5660 711 5715 κατὰ
777 5658 961 5731 χώρας
1018 5659 1053 5730 ἠ
1104 5659 1176 5727 γῆ
1236 5659 1332 5712 καὶ
1398 5655 1801 5724 συσφίγγιτατ,

320 5806 500 5881 Διοεη.
534 5838 591 5888 v,
623 5820 708 5878 l7.
789 5824 811 5856 ³
836 5825 1010 5894 Apoc.
1044 5838 1156 5920 ut,
1189 5822 1239 5877 t.
1317 5824 1336 5857 ⁸
1373 5822 1510 5879 Gen.
1546 5837 1585 5889 ι,
1625 5820 1677 5876 l.

1908 5576 1966 5622 ut
2000 5567 2106 5622 hoc
2138 5566 2257 5636 ipso
2285 5562 2617 5621 ineﬂ‘abilem
2662 5559 2987 5631 sapientiam
3022 5570 3307 5629 artemque
3334 5574 3490 5614 suam

1904 5658 2231 5716 declararet.
2286 5657 2420 5714 Nam
2455 5671 2582 5714 cum
2626 5656 2695 5712 de
2742 5652 3015 5710 sententia
3049 5650 3302 5723 Gregorii
3350 5652 3483 5724 Nys-
