4214 6442
706 404 766 466 31
1976 399 2398 472 MICIIAELIS
2429 405 2688 466 GLYCzE
3885 402 3955 464 32

705 513 905 574 sensis,
939 513 988 582 3
1020 513 1262 568 hominis
1320 528 1504 568 rerum
1551 513 1864 568 divinarum
1920 519 2238 583 peritissnni
2269 571 2277 580 ,
2310 514 2360 579 Α

2310 514 2360 579 Α
2387 520 2590 591 ἔπρεπε
2620 519 2836 579 πάντως
2865 513 2958 568 16v
3009 512 3240 583 συνοχέα
3274 512 3628 583 παραχθῆναι
3662 513 3948 584 πρότερον,

705 621 804 673 per
857 604 1100 658 t-mlestis
1151 606 1402 672 corporis
1455 615 1662 658 motum
1708 605 2056 658 celerrimum
2089 621 2188 657 suo
2231 609 2285 658 in

707 696 829 748 loco
863 705 1004 748 terra
1054 695 1369 748 stabiliatur
1415 704 1471 748 et
1505 695 1660 764 quasi
1705 695 2136 763 constringatur,
2167 710 2288 748 om-

706 787 841 838 nino
889 786 1255 840 conveniebat
1316 785 1370 839 id
1435 789 1588 855 prius
1643 787 1820 840 eri-ari
1878 787 2022 854 quod
2056 786 2289 839 alterum

705 879 1017 931 contineret
1065 894 1226 946 quam
1280 878 1428 947 quod
1479 880 1878 934 contineretur.
1921 879 2128 944 Quodsi
2177 879 2287 948 jam

706 969 831 1038 quis
864 971 1102 1038 amplius
1154 970 1373 1024 dubitet
1402 1011 1415 1036 ,
1448 971 1539 1040 qui
1597 971 1796 1025 factum
1831 972 1902 1024 sit
1955 982 2014 1024 ut
2045 983 2185 1024 terra
2220 972 2282 1022 ile

711 1064 1071 1116 fundamento
1125 1078 1224 1117 suo
1261 1078 1369 1117 non
1431 1063 1598 1116 fuerit
1631 1073 1811 1116 emota
1843 1103 1856 1126 ,
1889 1078 1998 1130 quo
2051 1072 2293 1129 tempore

709 1155 912 1207 cmluin
947 1169 1054 1208 non
1087 1155 1399 1224 agitabatur
1438 1167 1661 1207 motuve
1692 1170 1790 1207 suo
1821 1154 2102 1206 ferebatur
2129 1153 2294 1220 (hanc

713 1243 862 1296 enim
927 1244 1287 1310 quaestionem
1344 1243 1580 1296 eximius
1640 1243 1727 1296 ille
1781 1242 2046 1295 Maximus
2110 1242 2163 1293 in
2227 1240 2294 1293 iis

718 1349 838 1401 qua:
861 1333 926 1386 ad
950 1333 1300 1386 Thalassium
1337 1335 1559 1400 scripsit
1589 1337 1792 1398 movet)
1826 1333 1952 1386 Jesu
2007 1331 2152 1384 Nave
2187 1329 2295 1384 ﬁlio

709 1424 927 1477 dicente
979 1442 992 1479 :
1051 1444 1068 1475 ι
1109 1425 1201 1477 Sol
1233 1424 1375 1493 apud
1415 1424 1728 1478 Gabaonem
1765 1423 2028 1476 subsistat
2068 1431 2123 1474 et
2166 1423 2294 1474 luna

709 1516 776 1567 ad
836 1515 1030 1566 vallem
1084 1513 1338 1567 .IElonem
1383 1514 1443 1576 δς
1487 1533 1503 1564 ι
1561 1514 1611 1566 ei
1675 1513 2131 1581 respondebimus
2158 1556 2171 1577 ,
2205 1513 2296 1566 ubi

711 1607 856 1659 Deus
890 1605 1044 1668 velit,
1078 1605 1328 1657 ordinem
1363 1614 1577 1657 natura:
1628 1604 1794 1656 vinci.
1835 1603 1965 1656 Nam
2011 1603 2057 1656 si
2092 1602 2211 1670 eius
2245 1603 2297 1655 in

713 1713 877 1750 manu
926 1705 1053 1750 sunt
1101 1706 1262 1750 terrae
1294 1695 1501 1749 limites
1524 1737 1538 1760 ,
1588 1693 1635 1748 si
1673 1702 1830 1748 terrae
1863 1694 2148 1747 columnas
2183 1693 2300 1762 ipse

713 1776 1005 1852 stabilivit:
1040 1799 1097 1841 ut
1132 1788 1364 1842 Davides
1385 1786 1651 1856 loquitur,
1686 1787 1729 1841 si
1758 1797 1916 1841 terra:
1945 1784 2298 1841 fundamenta

2389 608 2510 663 εἶτα
2533 611 2623 662 16v
2657 609 3034 677 συνεχόμενον.
3066 607 3126 658 Εἰ
3156 592 3212 658 δὲ
3247 605 3340 657 καὶ
3375 603 3538 656 πλέον
3572 603 3950 673 ὲπαπορήσειέ

2389 719 2470 762 τις
2511 700 2766 764 ἐνταῦθα,
2821 697 2936 760 πῶς
2988 690 3170 767 η’γῆ,
3211 696 3410 764 λέγων,
3466 696 3567 748 οὐκ
3609 695 3804 765 ἐξέστη
3855 695 3960 764 τῆς

2391 792 2593 854 οἰκείας
2625 789 2834 860 βάσεως
2865 790 3120 857 ἀκινήτου
3153 787 3246 839 τοῦ
3281 785 3514 855 οὐρανοῦ
3544 787 3851 853 γεγονότος,
3883 786 3962 848 ὼς

2394 884 2453 934 ὲν
2488 885 2600 944 τοῖς
2631 881 2768 952 πρὸς
2803 880 3102 934 Θαλασσιον
3148 881 3176 932 6
3228 881 3401 946 μέγας
3432 879 3707 945 Μάξιμος,
3744 877 3908 946 ἡνίκα
3934 877 3965 930 6

2393 974 2487 1026 τοῦ
2521 975 2674 1042 Ναυῆ
2716 973 2925 1043 Ἰησοῦς
2971 971 3178 1038 ἕλεγε,‹
3217 971 3404 1037 Στὴτω
3432 969 3459 1020 6
3487 970 3634 1039 ἥλιος
3687 969 3824 1021 κατὰ
3860 968 3965 1021 Γα-

2394 1067 2532 1132 Gai},
2570 1069 2662 1118 καὶ
2714 1068 2748 1135 ή
2797 1065 2994 1134 σελήνη
3044 1065 3187 1116 κατὰ
3237 1062 3498 1132 φάραγγα
3541 1062 3753 1131 Αἰλὼμ,
3792 1079 3810 1113 ι
3841 1061 3966 1114 τότε

2396 1156 2530 1224 πρὸς
2592 1156 2757 1208 αὑτὸν
2807 1155 3044 1224 ἐροῦμεν
3100 1156 3182 1208 ὅτι
3231 1156 3365 1207 ὅπου
3417 1154 3670 1222 βούλεται
3720 1156 3748 1207 6
3806 1154 3964 1218 Θεὸς,

2395 1248 2612 1300 νικᾶται
2647 1245 2860 1314 φύσεως
2897 1247 3068 1312 τάξις.
3099 1246 3161 1300 Εἰ
3194 1245 3302 1316 γὰρ
3339 1247 3396 1298 ὲν
3430 1248 3496 1316 τῇ
3529 1246 3674 1316 χειρὶ
3706 1245 3870 1298 αὑτοῦ
3898 1245 3969 1297 τὰ

2398 1337 2608 1405 πέρατα
2633 1339 2732 1404 τῆς
2767 1336 2894 1404 γῆς,
2931 1339 2977 1388 τί
3003 1337 3099 1389 καὶ
3129 1338 3254 1400 τοὺς
3296 1337 3520 1399 στύλους
3547 1337 3650 1404 τῆς
3678 1339 3780 1405 γῆς
3804 1335 3970 1396 αὐτὸς

2398 1423 2715 1490 ὲστερέωσε,
2752 1424 2897 1477 καθὰ
2929 1442 3096 1493 φησιν
3123 1427 3149 1476 6
3179 1426 3362 1489 Δαϐὶδ,
3404 1427 3452 1477 εἰ
3503 1425 3834 1494 ὲθεμελίωσε
3867 1425 3970 1492 τῆν

2398 1514 2500 1580 γῆν
2526 1515 2617 1566 ἐπὶ
2651 1516 2748 1584 τὴν
2776 1515 3079 1584 ἀσφάλειαν
3112 1517 3283 1585 αὐτῆς
3318 1515 3460 1570 ὥστε
3497 1517 3572 1585 μὴ
3605 1515 3856 1585 κλιθῆναι
3887 1517 3970 1578 εἰς

2399 1607 2490 1658 16v
2521 1607 2714 1672 αἰῶνα,
2753 1607 2825 1676 μὴ
2877 1606 3122 1676 θαύμαζε
3159 1608 3274 1675 εἴγε
3320 1608 3416 1660 καὶ
3451 1607 3541 1660 τοῦ
3575 1607 3806 1676 ούρανοῦ
3851 1607 3972 1657 ἀκι-

2401 1697 2562 1766 νήτου
2591 1697 2723 1748 ποτὲ
2772 1697 3056 1766 μείναντος
3087 1698 3186 1766 τῆς
3207 1697 3412 1760 οἰκείας
3448 1699 3480 1768 ἠ
3512 1699 3580 1766 γῆ
3623 1696 3832 1765 βάσεως
3870 1696 3971 1747 οὒκ

2401 1787 2680 1851 ἐξέπεσεν.
2719 1789 2779 1840 El
2815 1790 2922 1857 γὰρ
2975 1790 3070 1842 καὶ
3124 1789 3340 1858 φυσικῷ
3390 1789 3536 1857 λόγῳ
3575 1786 3643 1839 τὰ
3679 1787 3852 1840 πάντα
3884 1786 3972 1852 γί-

713 1890 863 1934 certa
900 1881 1164 1949 ﬁrmaque
1209 1879 1338 1949 jecit
1371 1920 1386 1945 ,
1445 1891 1505 1932 ut
1552 1890 1881 1948 perpetuum
1936 1892 1998 1931 ea
2039 1877 2160 1931 loco
2191 1894 2300 1932 non
2333 1865 2375 1921 Β

2333 1865 2375 1921 Β
2403 1896 2584 1932 νονται
2619 1880 2878 1949 σήμερον,
2911 1880 3028 1934 ἀλλ’
3077 1880 3298 1932 ἐπειδὰν
3338 1881 3366 1931 6
3395 1882 3492 1948 τῆς
3527 1878 3743 1946 φύσεως
3774 1875 3971 1946 βουλη-

717 1983 1065 2035 moveantur,
1126 1971 1317 2024 desine
1373 1971 1559 2023 mirari
1613 1969 1757 2039 quod
1814 1968 2113 2039 aliquando
2173 1971 2297 2024 mali

717 2075 868 2116 motu
905 2064 1230 2132 quiescente
1267 2063 1334 2115 de
1365 2062 1724 2116 fundamento
1761 2076 1862 2115 suo
1896 2070 2040 2114 terra
2072 2076 2178 2115 non
2205 2077 2299 2115 ex-

2406 1971 2523 2039 θείη
2577 1971 2875 2040 Δεσπότης,
2917 1973 3037 2023 τότε
3091 1973 3182 2025 καὶ
3245 1971 3382 2039 ὑπὲρ
3433 1970 3594 2040 φύσιν
3624 1970 3842 2041 ὁρῶμεν
3874 1969 3975 2020 ούκ

2405 2061 2559 2131 ὀλίγα
2597 2061 2706 2117 τῶν
2741 2064 3085 2134 πραγμάτων
3121 2063 3406 2132 γινόμενα.

715 2159 936 2213 ciderit.
984 2158 1308 2228 Quanquam
1367 2160 1516 2213 enim
1573 2157 1759 2212 omnia
1819 2157 2026 2211 ratione
2094 2165 2304 2211 natura:
2343 2167 2717 2212 consentanea
2783 2157 2912 2212 ﬁant
2977 2157 3163 2223 hodie,
3197 2165 3378 2212 tamen
3410 2157 3452 2212 si
3487 2155 3707 2227 quidem
3754 2155 3826 2208 ita
3876 2170 3975 2207 na-

716 2267 854 2311 tura:
888 2255 1151 2310 Dominus
1188 2255 1277 2308 ille
1323 2254 1474 2318 velit,
1506 2253 1670 2308 etiam
1705 2269 1870 2322 supra
1908 2262 2118 2308 natura:
2146 2255 2290 2322 leges
2326 2255 2579 2310 accidere
2612 2271 2720 2310 non
2753 2270 2927 2324 pauca
2949 2255 3227 2310 videmus.

781 2349 1002 2403 Creavit
1038 2349 1202 2418 igitur
1254 2348 1410 2402 initio
1445 2349 1642 2402 omium
1685 2349 1753 2418 |et
1794 2358 2018 2412 terram,
2053 2359 2109 2402 et
2141 2348 2302 2418 quia,

715 2439 860 2494 sicut
885 2437 1128 2493 eximius
1164 2438 1255 2492 ille
1281 2438 1515 2491 Basilius
1541 2439 1638 2501 ait,
1673 2454 1738 2492 ex
1770 2437 2146 2493 obstruetione
2180 2453 2306 2491 cor-

718 2530 868 2600 poris
899 2531 1143 2584 ccelestis
1179 2546 1270 2582 aer
1302 2528 1594 2598 caliginem
1632 2529 1794 2582 altam
1826 2529 2081 2583 induerat
2125 2528 2306 2598 (erant

716 2621 890 2682 enim,
929 2620 1111 2688 inquit
1141 2619 1337 2681 Moses,
1372 2619 1560 2674 otiosae
1585 2620 1780 2690 abysso
1813 2619 2095 2690 tenebrae),
2125 2619 2303 2675 lucem

723 2711 866 2764 hanc.
905 2711 1160 2764 sensilem
1191 2710 1452 2779 produxit
1490 2711 1656 2774 Deus,
1688 2721 1747 2763 ut
1779 2709 1834 2764 in
1861 2711 2024 2765 terris
2057 2726 2120 2764 ea
2152 2710 2304 2765 luce-

719 2811 832 2855 ret.
867 2802 1080 2870 Quippe
1114 2815 1222 2854 uon
1245 2801 1610 2855 conveniebat
1634 2810 1691 2854 ut
1727 2803 1877 2855 rivus
1898 2802 2054 2870 quasi
2080 2802 2304 2870 quidam

719 2903 777 2948 et
809 2893 1076 2962 particula
1100 2892 1243 2946 lucis
1273 2892 1423 2946 illius
1451 2891 1810 2956 intellectilis,
1841 2907 1962 2961 qua:
1987 2891 2306 2960 expertibus

724 3000 924 3039 crassa:
959 2985 1208 3038 materiei
1244 2984 1609 3052 potestatibus
1655 2983 1849 3048 adest,
1901 2985 1957 3038 in
1988 2985 2090 3038 hoc
2119 2999 2304 3038 crasso

736 3086 790 3129 et
828 3074 1150 3142 aspcctabili
1197 3072 1405 3126 mundo
1452 3074 1878 3142 relinqueretur,
1919 3089 2045 3128 cum
2107 3073 2302 3130 harum

721 3177 957 3236 utraque
993 3166 1134 3220 nihil
1157 3168 1300 3219 inter
1333 3181 1391 3220 se
1425 3181 1714 3221 commune
1748 3167 1968 3221 habeat.
1999 3166 2133 3220 Nam
2169 3167 2306 3222 lucis

727 3264 902 3333 ipsius
934 3264 1147 3316 ratione
1180 3263 1419 3316 mundus
1455 3263 1790 3317 intellectilis
1831 3273 1886 3318 et
1912 3263 2131 3318 sensilis
2165 3263 2309 3318 inter

726 3371 784 3410 se
811 3356 1018 3409 diversi
1054 3365 1200 3419 sunt,
1233 3365 1288 3409 et
1320 3355 1610 3423 utriusque
1645 3355 1735 3408 lux
1767 3369 1898 3408 suos
1926 3355 2070 3408 intra
2105 3355 2307 3409 limites

728 3447 1004 3513 consistit,
1029 3445 1491 3516 quemadmodum
1522 3445 1820 3515 Gregorius
1856 3445 2165 3512 Theologus
2194 3445 2307 3498 cla-

725 3541 948 3595 rissime
1003 3539 1250 3609 scripsit.
1307 3536 1567 3592 Animum
1623 3537 1792 3606 igitur
1837 3536 1904 3590 iis
1949 3551 2072 3604 qua:
2101 3535 2306 3590 dicturi

724 3645 919 3684 sumus
952 3629 1203 3682 adverte.
1240 3626 1375 3682 Cum
1419 3625 1674 3679 mandato
1712 3625 1900 3678 divino
1936 3625 2134 3679 cmlum
2164 3625 2308 3679 circa

727 3735 818 3775 res
844 3720 1088 3774 inclusas
1119 3719 1303 3774 subito
1325 3716 1473 3770 velut
1501 3727 1788 3772 extensum
1826 3715 2050 3781 fuisset,
2079 3730 2310 3785 corpore

727 3818 992 3870 continuo
1025 3815 1334 3884 praeditum,
1364 3814 1510 3882 quod
1557 3813 1718 3866 facile
1760 3812 2025 3866 interiora
2060 3827 2312 3882 separare

729 3910 798 3963 ab
833 3908 1092 3962 extrariis
1126 3915 1332 3976 posset,
1361 3904 1674 3959 necessario
1700 3903 1902 3956 iactum
1935 3913 2021 3957 est
2047 3912 2107 3956 ut
2139 3904 2313 3958 inclu-

729 4014 828 4054 sus
860 4001 1005 4053 intra
1031 4000 1233 4053 caelum
1256 3997 1411 4051 locus
1429 4009 1627 4064 expers
1657 3995 1797 4048 lucis
1815 4002 2086 4058 maneret,
2104 4005 2311 4048 secreta

732 4087 997 4140 nimirum
1051 4086 1119 4138 ab
1142 4103 1206 4139 eo
1249 4085 1368 4139 luce
1408 4085 1495 4138 illa
1529 4085 1789 4138 extraria.
1835 4083 1969 4137 Nam
1991 4083 2035 4136 si
2072 4085 2192 4152 Quae
2217 4099 2316 4137 ex-

733 4184 1000 4238 stiterunt
1051 4191 1179 4236 ante
1242 4180 1431 4234 mundi
1489 4173 1654 4250 hujus
1711 4179 1931 4233 sensilis
1965 4188 2021 4233 et
2066 4179 2313 4235 interitui

733 4275 958 4330 obnoxii
991 4285 1197 4338 ortum,
1236 4274 1384 4326 haud
1435 4273 1601 4328 dubie
1643 4274 1699 4326 in
1756 4273 1878 4326 luce
1931 4274 2316 4340 versabantur,

735 4377 798 4422 ut
832 4382 1063 4436 magnus
1111 4367 1200 4420 ille
1242 4375 1430 4420 noster
1463 4364 1695 4419 Basilius
1729 4365 1923 4434 inquit,
1968 4380 2069 4420 nec
2101 4367 2184 4419 vel
2218 4381 2315 4420 an-

2481 2370 2499 2402 (
2549 2351 2636 2403 Ἐν
2667 2351 2809 2420 ἀρχῇ
2843 2350 3102 2418 ἐποίησεν
3143 2351 3171 2402 6
3205 2350 3341 2412 Θεὸς
3372 2350 3463 2402 16v
3489 2350 3722 2419 οὐρανὸν
3751 2351 3846 2403 καὶ
3877 2349 3975 2417 τὴν

2402 2445 2524 2513 γῆν.
2557 2462 2576 2494 ι
2613 2444 2724 2495 Καὶ
2753 2443 2963 2512 ἐπειδὴ,
2995 2441 3180 2506 καθώς
3207 2459 3372 2511 φησιν
3405 2443 3431 2494 6
3464 2443 3636 2511 μέγας
3670 2443 3973 2505 Βασίλειος,

2401 2535 2461 2600 ἐξ
2485 2535 2856 2605 ἀντιφράξεως
2885 2535 2979 2588 τοῦ
3009 2535 3264 2606 οὐρανίου
3323 2534 3577 2604 σώματος
3611 2535 3747 2604 βαθὺ
3783 2533 3977 2598 σκότος

2401 2629 2430 2682 6
2478 2626 2587 2698 ἀὴρ
2635 2627 2926 2681 ἐνεδύσατο
2967 2625 3085 2698 (καὶ
3145 2626 3336 2690 σκότος
3385 2627 3516 2695 γὰρ,
3561 2627 3749 2696 φησὶν,
3790 2627 3980 2679 ἐπάνω

2401 2715 2500 2784 τῆς
2547 2714 2833 2784 ἀϐύσσου),
2879 2717 3174 2785 παρήγαγε
3228 2715 3290 2768 16
3351 2716 3608 2779 αἰσθητὸν
3661 2715 3821 2767 τοῦτο
3862 2715 3980 2782 φῶς

2403 2807 2544 2860 ὥστε
2583 2807 2796 2874 φαίνειν
2848 2807 2941 2859 ἐπὶ
3005 2809 3106 2875 τῆς
3145 2807 3268 2877 γῆς.
3323 2807 3458 2860 Οὐδὲ
3509 2809 3618 2876 γὰρ
3671 2808 3978 2878 ἀπορρῶγα

2402 2914 2523 2950 τινα
2573 2898 2666 2950 τοῦ
2722 2897 2915 2967 νοητοῦ
2975 2897 3153 2966 φωτὸς
3209 2899 3420 2951 ἐκείνου
3460 2900 3556 2952 τοῦ
3609 2903 3729 2963 ταῖς
3789 2901 3977 2964 ἀΰλοις

2403 2989 2703 3058 προσόντος
2761 2990 3059 3059 δυνάμεσιν
3119 2991 3564 3061 ἐναποληφθῆναι
3630 2991 3839 3063 ἔπρεπε
3899 2993 3980 3060 τῷ

2407 3080 2576 3150 ὑλικῷ
2610 3079 2786 3151 τούτῳ
2815 3082 3007 3151 κόσμῳ
3062 3083 3157 3136 καὶ
3202 3081 3404 3152 ὁρατῷ,
3437 3082 3520 3135 ὅτι
3554 3083 3687 3153 μηδὲ
3722 3085 3984 3138 κοινωνία

2408 3172 2522 3232 τοῖς
2571 3172 2629 3225 ἐν
2682 3171 3019 3242 ἀμφοτέροις
3064 3173 3299 3243 νοητοῖς.
3345 3173 3503 3227 Κατὰ
3534 3173 3644 3243 γὰρ
3681 3174 3842 3227 τοῦτο
3886 3176 3981 3228 καὶ

2408 3259 2752 3331 διεστηκέναι
2790 3262 2889 3330 μὲν
2917 3262 3011 3316 ἀπ’
3043 3261 3293 3331 ἀλλήλων
3339 3264 3432 3315 τόν
3456 3281 3516 3316 τε
3548 3264 3740 3332 νοητὸν
3773 3265 3981 3334 κόσμον

2409 3351 2505 3403 καὶ
2553 3351 2645 3404 16v
2689 3352 2972 3422 αἰσθητὸν,
3015 3353 3312 3423 ἑστηκέναι
3367 3354 3423 3407 δὲ
3477 3353 3588 3407 τῶν
3641 3355 3788 3409 ἰδίων
3839 3357 3982 3427 ὅρων

2411 3441 2561 3503 ὲντὺς
2593 3443 2626 3513 ὴ
2659 3441 2908 3512 θεολόγος
2937 3444 3158 3512 γλῶσσα
3185 3444 3493 3515 τρανότατα
3517 3447 3710 3516 ἔφησε.
3738 3448 3980 3518 Πρόσεχε

2411 3530 2525 3590 οῦν.
2585 3537 2801 3606 Ἐπειδὴ
2865 3536 2975 3608 γὰρ
3035 3540 3419 3610 προστάγματι
3475 3539 3605 3610 θείῳ
3679 3543 3982 3612 περιετάθη

2413 3625 2609 3695 ἀθρόον
2656 3629 2684 3680 6
2729 3628 2956 3698 οὐρανὸς
2999 3628 3159 3699 σῶμα
3194 3630 3335 3698 ἔχων
3390 3633 3630 3701 συνεχὲς,
3661 3634 3845 3697 ἱκανὸς
3875 3636 3984 3688 τῶν

2412 3718 2517 3782 ἔξω
2561 3719 2847 3790 διαστῆσαι
2904 3722 2972 3772 τὰ
3019 3719 3201 3787 ἔνδον,
3255 3723 3575 3790 ἀναγκαίως
3629 3725 3720 3778 τδν
3781 3727 3983 3781 ἐναπο-

2413 3807 2684 3875 ληφθέντα
2722 3808 2872 3878 αὑτῷ
2901 3810 3064 3862 τόπον
3105 3810 3320 3879 ἁφεγγῆ
3359 3813 3685 3882 κατέστησε,
3717 3814 3819 3885 τὴν
3852 3814 3982 3881 {Em-

2415 3897 2508 3949 θεν
2547 3898 2724 3968 αὐγὴν
2778 3899 3060 3969 διακόψας.
3114 3898 3179 3952 Εἰ
3225 3917 3279 3953 τι
3327 3900 3434 3971 γὰρ
3487 3897 3555 3971 ἦν
3598 3904 3704 3974 πρὸ
3752 3904 3852 3974 τῆς
3888 3909 3984 3959 τοῦ

2416 3988 2677 4056 αἰσθητοῦ
2711 3988 2866 4043 τοῦδε
2912 3992 3118 4058 κόσμου
3169 3991 3505 4060 συστάσεως,
3540 3994 3597 4045 ὲν
3629 3998 3768 4063 φωτὶ
3797 3997 3985 4066 διῆγεν

2414 4079 2887 4149 ὁμολογουμένως,
2938 4081 3013 4144 ὡς
3075 4085 3103 4135 6
3160 4083 3432 4147 θειότατός
3480 4101 3612 4154 φησι
3679 4086 3981 4152 Βασίλειος.

2417 4173 2552 4225 Οὐδὲ
2586 4171 2695 4241 γὰρ
2718 4173 2774 4226 αἰ
2802 4172 2911 4226 τῶν
2946 4173 3198 4240 ἀγγέλων
3223 4174 3372 4239 ἀξίαι
3402 4177 3499 4229 καὶ
3526 4179 3702 4230 πᾶσαι
3731 4181 3786 4231 αἰ
3817 4182 3984 4233 ἐπου-

2420 4265 2603 4338 ράνιαι
2639 4268 2888 4332 στρατιαὶ
2924 4267 2981 4320 έν
3033 4268 3215 4320 σκότει
3246 4269 3448 4338 διῆγον,
3490 4270 3604 4323 ἀλλ’
3637 4272 3696 4324 ὲν
3723 4273 3863 4340 φωτὶ
3890 4274 3988 4327 καὶ

2419 4358 2567 4426 πάσῃ
2610 4357 2916 4428 εὐφροσύνῃ
2967 4363 3334 4429 πνευματικῇ.
3370 4361 3442 4412 Τὸ
3472 4361 3652 4413 τοίνυν
3685 4363 3988 4430 ὲγκόσμιον

737 4460 841 4528 geli
873 4459 958 4512 vel
994 4466 1206 4512 caeteras
1259 4458 1514 4511 caelestes
1576 4456 1748 4525 copia:
1803 4456 1855 4508 in
1895 4456 2124 4525 caligine
2155 4456 2316 4525 dege-
2350 4460 2392 4513 D

2350 4460 2392 4513 ι)
2423 4446 2612 4509 σκότος
2657 4451 2724 4518 τῇ
2765 4446 2858 4501 τοῦ
2895 4448 3146 4518 οὐρανίου
3181 4451 3432 4519 σώματος
3469 4451 3795 4520 παρυπέστη
3834 4456 3985 4525 σκιᾷ.

737 4549 888 4608 bant,
916 4547 1009 4601 sed
1053 4549 1106 4600 in
1144 4547 1263 4600 luce
1295 4562 1360 4600 ac
1387 4547 1534 4600 omni
1571 4546 1756 4599 laztitia
1793 4545 2083 4614 spirituali.
2109 4546 2316 4610 Quam-

737 4637 926 4692 obrem
981 4638 1231 4705 sequitur
1293 4636 1392 4689 has
1430 4634 1483 4688 in
1544 4634 1749 4687 mundo
1796 4633 2031 4702 primum
2095 4633 2319 4686 condito

741 4726 998 4780 tenebras
1049 4739 1115 4778 ex
1165 4726 1418 4793 corporis
1466 4723 1706 4778 cazlestis
1742 4723 1935 4775 umbra
1986 4721 2159 4774 fuisse
2196 4736 2321 4789 pro-

739 4816 935 4870 iectas.
970 4816 1082 4868 lloc
1121 4826 1300 4868 tamen
1336 4815 1456 4867 loco
1489 4813 1784 4882 diligenter
1815 4828 1843 4865 a
1871 4813 2031 4866 nobis
2064 4811 2318 4865 conside-

743 4909 849 4961 rari
881 4908 1201 4976 quidpiam,
1243 4923 1422 4975 opera:
1477 4907 1716 4974 pretium
1768 4904 1957 4957 fuerit.
1999 4903 2120 4957 Non
2174 4904 2320 4956 diem

745 5015 849 5052 nox
879 4998 1182 5066 pra-cessit,
1227 5008 1283 5050 ut
1326 4997 1598 5065 imperitis
1629 4995 1957 5064 quibusdam
2008 4994 2244 5048 videtur.
2269 4993 2325 5064 4

744 5087 876 5143 Nam
909 5088 1012 5140 illa:
1041 5090 1280 5142 tenebra:
1312 5103 1436 5156 quas
1461 5097 1590 5140 ante
1614 5089 1755 5140 lucis
1789 5089 1948 5158 hujus
1977 5086 2326 5156 aspectabilis

739 5183 1079 5236 creationem
1121 5181 1480 5241 exstiterunt.
1502 5195 1603 5233 nec
1633 5178 1874 5232 essentia
1896 5178 2142 5247 quzedam
2171 5186 2326 5231 erant

743 5274 972 5340 (etenim
1035 5287 1102 5326 ex
1162 5273 1540 5326 obstructione
1603 5269 1838 5340 quadam
1887 5282 2019 5322 orta:
2076 5279 2224 5332 sunt,
2265 5277 2324 5321 ut

745 5367 899 5433 prius
941 5375 1021 5418 est
1062 5365 1412 5432 indicatum),
1473 5378 1575 5417 nec
1631 5364 1803 5416 sacris
1859 5362 1912 5416 in
1947 5361 2168 5415 Litteris
2217 5375 2324 5414 nox

743 5459 1115 5527 appellantur,
1154 5469 1206 5512 ut
1251 5458 1378 5511 inde
1414 5455 1672 5510 concludi
1736 5456 1909 5525 possit
1945 5455 2051 5508 diei
2107 5463 2326 5507 noctem

743 5568 866 5603 es“:
899 5549 1346 5618 pra-ponendam.
1380 5547 1704 5617 Quanquam
1739 5546 1883 5599 enim
1913 5545 2096 5598 dicere
2126 5545 2328 5598 Mosem

743 5639 940 5692 audias
980 5638 1148 5690 Deum
1181 5677 1195 5702 ,
1257 5648 1546 5708 postquam
1589 5637 1768 5691 lucem
1801 5652 1829 5690 a
1860 5634 2104 5689 tenebris
2134 5635 2331 5693 distin-

818 5795 835 5824 ⁸
867 5793 1031 5846 Jos'ie
1065 5807 1112 5856 xl
1163 5791 1243 5843 12.

2435 4537 2577 4593 Ἀλλ’
2605 4538 2840 4591 ἐνταῦθα
2880 4540 3168 4610 προσέχειν
3205 4541 3373 4604 ἄξιον.
3419 4542 3553 4594 Οὐδὲ
3583 4547 3691 4613 γὰρ
3725 4549 3995 4614 προηγεῖ-

2421 4647 2510 4683 ται
2542 4632 2641 4700 τῆς
2683 4631 2895 4701 ἡμέρας
2941 4634 2973 4699 ἠ
3010 4631 3127 4695 νὺξ,
3153 4631 3226 4693 ὡς
3258 4632 3404 4698 ἔδοξέ
3439 4649 3583 4688 τισιν
3614 4634 3875 4703 ἀμαθέσι.
3933 4638 3994 4688 l6

2425 4719 2532 4788 γὰρ
2580 4719 2770 4782 σκότος
2799 4720 2977 4771 ἐκεῖνο
3002 4720 3060 4771 16
3084 4720 3190 4789 πρὸ
3217 4723 3316 4790 τῆς
3371 4723 3708 4790 παραγωγῆς
3739 4723 3829 4775 τοῦ
3865 4725 3996 4792 ὁρα-

2424 4808 2518 4860 τοῦ
2546 4808 2698 4860 τοῦδε
2739 4808 2916 4877 φωτὸς
2950 4809 3074 4861 οὒτε
3115 4809 3270 4863 οὐσία
3299 4809 3380 4871 τίς
3420 4813 3568 4862 ἐστιν
3604 4812 3683 4880 (ἐξ
3718 4814 3995 4882 ἀντιφρά-

2427 4901 2560 4963 ξεως
2587 4900 2692 4966 γὰρ
2720 4899 3048 4968 ὑρὲστηκεν,
3081 4900 3154 4961 ὡς
3197 4900 3562 4970 προείρηται),
3583 4901 3705 4953 οὔτε
3739 4902 3833 4966 νὺξ
3865 4902 3999 4956 ὠνο-

2429 4989 2612 5060 μάσθη
2652 4990 2801 5057 παρὰ
2847 4991 2946 5057 τῆς
2987 4988 3149 5055 ἁγίας
3194 4988 3435 5057 Γραφῆς,
3483 4988 3556 5050 ὡς
3608 4989 3852 5040 ἐντεῦθεν
3893 4993 3996 5058 τῆς

2425 5082 2639 5152 ἡμέρας
2687 5080 2783 5151 τὴν
2830 5080 3005 5134 νύκτα
3047 5079 3476 5150 προτάττεσθαι.
3509 5079 3572 5133 Εἰ
3624 5080 3732 5148 γὰρ
3776 5082 3868 5130 καὶ
3897 5081 3994 5132 τοῦ

2425 5174 2668 5235 Μωσέως
2698 5174 2933 5244 ἤκουσας
2970 5171 3223 5240 λέγοντος
3253 5172 3335 5223 ὅτι
3389 5169 3528 5240 μετὰ
3573 5170 3632 5222 16
3662 5170 3996 5238 διαχωρίσαι

2427 5262 2518 5316 τὸν
2590 5263 2721 5316 Θεὸν
2778 5264 3054 5331 ἁναμέσον
3105 5262 3201 5316 τοῦ
3226 5261 3402 5330 φωτὸς
3443 5261 3537 5312 καὶ
3580 5261 3848 5330 ὰναμέσον
3904 5261 3997 5314 τοῦ

2428 5357 2652 5418 σκότους
2682 5355 2744 5408 τὸ
2777 5354 2875 5424 μὲν
2913 5357 3027 5424 φῶς
3061 5353 3274 5424 ἡμέραν
3313 5353 3565 5417 ἐκάλεσε,
3600 5351 3660 5404 16
3697 5352 3751 5403 δὲ
3801 5353 3996 5414 σκότος

2427 5449 2652 5502 ἐκάλεσε
2700 5447 2889 5505 νύκτα,
2932 5447 3006 5516 μὴ
3069 5444 3337 5514 θαύμαζε.
3383 5443 3518 5496 Οὐδὲ
3559 5444 3665 5515 γὰρ
3710 5441 3770 5494 16
3804 5443 3996 5504 σκότος

2428 5541 2604 5592 ὲκεῐνο
2632 5539 2692 5591 τὸ
2737 5540 3026 5609 πρότερον,
3048 5539 3121 5600 ὡς
3158 5537 3426 5609 Ἰώσηπος
3461 5537 3518 5588 ὲν
3549 5538 3615 5607 τῇ
3662 5534 3783 5588 καθ’
3830 5533 3999 5586 αὑτὸν

2430 5629 2786 5703 ἁργαιολογίᾳ
2835 5631 3110 5702 φαίνεται·
3141 5629 3346 5702 λέγειν,
3397 5627 3534 5684 ἀλλὰ
3577 5626 3638 5680 16
3705 5624 3842 5697 μετὰ
3897 5621 3999 5694 τὴν
