  <div class='ocr_page' id='page_1' title='image "/cluster/home/n/w/nwhite01/storage/ocr_20150623/158/nnc1.0046980636/058.png"; bbox 0 0 4214 6442; ppageno 0'>
   <div class='ocr_carea' id='block_1_1' title="bbox 289 400 3509 479">
    <p class='ocr_par' dir='ltr' id='par_1_1' title="bbox 289 400 3509 479">
     <span class='ocr_line' id='line_1_1' title="bbox 289 400 3509 479; baseline -0.008 0"><span class='ocrx_word' id='word_1_1' title='bbox 289 420 350 479; x_wconf 77' lang='lat'><strong>37</strong></span> <span class='ocrx_word' id='word_1_2' title='bbox 1535 408 1935 467; x_wconf 60' lang='lat' dir='ltr'><strong>ANNALIUNI</strong></span> <span class='ocrx_word' id='word_1_3' title='bbox 1983 406 2172 464; x_wconf 70' lang='lat' dir='ltr'><strong>PARS</strong></span> <span class='ocrx_word' id='word_1_4' title='bbox 2222 403 2264 462; x_wconf 79' lang='grc' dir='ltr'>ῐ.</span> <span class='ocrx_word' id='word_1_5' title='bbox 3446 400 3509 453; x_wconf 62' lang='lat' dir='ltr'><strong>Si“,</strong></span> 
     </span>
    </p>
   </div>
   <div class='ocr_carea' id='block_1_2' title="bbox 291 505 1955 600">
    <p class='ocr_par' dir='ltr' id='par_1_2' title="bbox 291 519 1955 600">
     <span class='ocr_line' id='line_1_2' title="bbox 291 519 1955 600; baseline -0.005 -15"><span class='ocrx_word' id='word_1_6' title='bbox 291 530 534 600; x_wconf 67' lang='grc' dir='ltr'>ὁρώμενα</span> <span class='ocrx_word' id='word_1_7' title='bbox 595 529 807 580; x_wconf 75' lang='grc' dir='ltr'>δίδωσιν</span> <span class='ocrx_word' id='word_1_8' title='bbox 858 528 990 596; x_wconf 82' lang='grc' dir='ltr'>ἡμῖν</span> <span class='ocrx_word' id='word_1_9' title='bbox 1038 524 1236 581; x_wconf 78' lang='grc' dir='ltr'>ἐννοεῖν</span> <span class='ocrx_word' id='word_1_10' title='bbox 1294 522 1373 573; x_wconf 77' lang='grc' dir='ltr'>ὅτι</span> <span class='ocrx_word' id='word_1_11' title='bbox 1442 520 1605 590; x_wconf 80' lang='grc' dir='ltr'>μέσον</span> <span class='ocrx_word' id='word_1_12' title='bbox 1671 520 1703 586; x_wconf 82' lang='grc' dir='ltr'><strong>ὴ</strong></span> <span class='ocrx_word' id='word_1_13' title='bbox 1780 519 1955 585; x_wconf 67' lang='grc' dir='ltr'><strong>ίῆΛε</strong></span> 
     </span>
    </p>
   </div>
   <div class='ocr_carea' id='block_1_3' title="bbox 1852 505 3516 600">
    <p class='ocr_par' dir='ltr' id='par_1_3' title="bbox 1872 505 3516 585">
     <span class='ocr_line' id='line_1_3' title="bbox 1872 505 3516 585; baseline -0.01 -16"><span class='ocrx_word' id='word_1_14' title='bbox 1872 520 1920 576; x_wconf 76' lang='grc' dir='ltr'><strong>Α</strong></span> <span class='ocrx_word' id='word_1_15' title='bbox 1947 518 2067 585; x_wconf 80' lang='lat' dir='ltr'><strong>gius</strong></span> <span class='ocrx_word' id='word_1_16' title='bbox 2106 516 2378 575; x_wconf 82' lang='lat' dir='ltr'><strong>abessent,</strong></span> <span class='ocrx_word' id='word_1_17' title='bbox 2412 513 2464 566; x_wconf 91' lang='lat' dir='ltr'><strong>in</strong></span> <span class='ocrx_word' id='word_1_18' title='bbox 2500 512 2563 565; x_wconf 91' lang='lat' dir='ltr'><strong>iis</strong></span> <span class='ocrx_word' id='word_1_19' title='bbox 2602 510 2812 564; x_wconf 89' lang='lat' dir='ltr'><strong>minora</strong></span> <span class='ocrx_word' id='word_1_20' title='bbox 2839 506 3327 577; x_wconf 68' lang='lat' dir='ltr'><strong>conspicerentur.</strong></span> <span class='ocrx_word' id='word_1_21' title='bbox 3364 505 3516 557; x_wconf 64' lang='lat' dir='ltr'><strong>Num;</strong></span> 
     </span>
    </p>
   </div>
   <div class='ocr_carea' id='block_1_4' title="bbox 288 604 1838 689">
    <p class='ocr_par' dir='ltr' id='par_1_4' title="bbox 288 604 1838 689">
     <span class='ocr_line' id='line_1_4' title="bbox 288 604 1838 689; baseline -0.01 -16"><span class='ocrx_word' id='word_1_22' title='bbox 288 624 373 674; x_wconf 73' lang='grc' dir='ltr'>τοῦ</span> <span class='ocrx_word' id='word_1_23' title='bbox 426 620 624 681; x_wconf 74' lang='grc' dir='ltr'>παντὸς</span> <span class='ocrx_word' id='word_1_24' title='bbox 668 618 1016 689; x_wconf 78' lang='grc' dir='ltr'>ἀπῃώρηται.</span> <span class='ocrx_word' id='word_1_25' title='bbox 1054 618 1159 666; x_wconf 70' lang='grc' dir='ltr'><strong>Καὶ</strong></span> <span class='ocrx_word' id='word_1_26' title='bbox 1208 613 1315 681; x_wconf 78' lang='grc' dir='ltr'>γὰρ</span> <span class='ocrx_word' id='word_1_27' title='bbox 1360 613 1408 664; x_wconf 79' lang='grc' dir='ltr'><strong>εἰ</strong></span> <span class='ocrx_word' id='word_1_28' title='bbox 1449 611 1521 681; x_wconf 83' lang='grc' dir='ltr'>μὴ</span> <span class='ocrx_word' id='word_1_29' title='bbox 1555 609 1715 661; x_wconf 83' lang='grc' dir='ltr'>τοῦτο</span> <span class='ocrx_word' id='word_1_30' title='bbox 1752 604 1838 677; x_wconf 76' lang='grc' dir='ltr'>ἦν,</span> 
     </span>
    </p>
   </div>
   <div class='ocr_carea' id='block_1_5' title="bbox 289 700 1846 780">
    <p class='ocr_par' dir='ltr' id='par_1_5' title="bbox 289 700 1846 780">
     <span class='ocr_line' id='line_1_5' title="bbox 289 700 1846 780; baseline -0.006 -17"><span class='ocrx_word' id='word_1_31' title='bbox 289 715 332 763; x_wconf 79' lang='grc' dir='ltr'>εξ</span> <span class='ocrx_word' id='word_1_32' title='bbox 382 711 456 780; x_wconf 82' lang='grc' dir='ltr'>μὴ</span> <span class='ocrx_word' id='word_1_33' title='bbox 501 711 752 778; x_wconf 76' lang='grc' dir='ltr'>καθάπερ</span> <span class='ocrx_word' id='word_1_34' title='bbox 799 711 1044 770; x_wconf 81' lang='grc' dir='ltr'>εἴπομεν,</span> <span class='ocrx_word' id='word_1_35' title='bbox 1078 705 1452 776; x_wconf 75' lang='grc' dir='ltr'>ἀπῃωρημένη</span> <span class='ocrx_word' id='word_1_36' title='bbox 1489 700 1627 770; x_wconf 75' lang='grc' dir='ltr'>αὕτη</span> <span class='ocrx_word' id='word_1_37' title='bbox 1672 701 1846 768; x_wconf 82' lang='grc' dir='ltr'>παρή-</span> 
     </span>
    </p>
   </div>
   <div class='ocr_carea' id='block_1_6' title="bbox 292 792 1847 870">
    <p class='ocr_par' dir='ltr' id='par_1_6' title="bbox 292 792 1847 870">
     <span class='ocr_line' id='line_1_6' title="bbox 292 792 1847 870; baseline -0.008 -18"><span class='ocrx_word' id='word_1_38' title='bbox 292 819 414 868; x_wconf 83' lang='grc' dir='ltr'>γετο</span> <span class='ocrx_word' id='word_1_39' title='bbox 473 801 593 853; x_wconf 83' lang='grc' dir='ltr'>κατ’</span> <span class='ocrx_word' id='word_1_40' title='bbox 645 800 839 870; x_wconf 74' lang='grc' dir='ltr'>ἀρχὰς,</span> <span class='ocrx_word' id='word_1_41' title='bbox 869 801 967 852; x_wconf 78' lang='grc' dir='ltr'>οὐκ</span> <span class='ocrx_word' id='word_1_42' title='bbox 997 800 1062 851; x_wconf 84' lang='grc' dir='ltr'>ἂν</span> <span class='ocrx_word' id='word_1_43' title='bbox 1102 799 1158 850; x_wconf 73' lang='grc' dir='ltr'>αἱ</span> <span class='ocrx_word' id='word_1_44' title='bbox 1193 796 1336 848; x_wconf 80' lang='grc' dir='ltr'>κατὰ</span> <span class='ocrx_word' id='word_1_45' title='bbox 1367 795 1563 854; x_wconf 81' lang='grc' dir='ltr'>τόπους</span> <span class='ocrx_word' id='word_1_46' title='bbox 1598 792 1847 861; x_wconf 77' lang='grc' dir='ltr'><strong>κινήσεις</strong></span> 
     </span>
    </p>
   </div>
   <div class='ocr_carea' id='block_1_7' title="bbox 291 883 1847 959">
    <p class='ocr_par' dir='ltr' id='par_1_7' title="bbox 291 883 1847 959">
     <span class='ocr_line' id='line_1_7' title="bbox 291 883 1847 959; baseline -0.007 -14"><span class='ocrx_word' id='word_1_47' title='bbox 291 894 457 959; x_wconf 69' lang='grc' dir='ltr'>αὐτῆς</span> <span class='ocrx_word' id='word_1_48' title='bbox 506 893 595 946; x_wconf 84' lang='grc' dir='ltr'><strong>ὑπ’</strong></span> <span class='ocrx_word' id='word_1_49' title='bbox 643 894 859 953; x_wconf 82' lang='grc' dir='ltr'>ἀνέμων</span> <span class='ocrx_word' id='word_1_50' title='bbox 914 892 1175 959; x_wconf 77' lang='grc' dir='ltr'>ἐγίνοντο.</span> <span class='ocrx_word' id='word_1_51' title='bbox 1224 891 1405 950; x_wconf 80' lang='grc' dir='ltr'>Αίτιος</span> <span class='ocrx_word' id='word_1_52' title='bbox 1464 886 1563 956; x_wconf 80' lang='grc' dir='ltr'>μὲν</span> <span class='ocrx_word' id='word_1_53' title='bbox 1605 884 1712 953; x_wconf 78' lang='grc' dir='ltr'>γὰρ</span> <span class='ocrx_word' id='word_1_54' title='bbox 1756 883 1847 935; x_wconf 80' lang='grc' dir='ltr'>τοῦ</span> 
     </span>
    </p>
   </div>
   <div class='ocr_carea' id='block_1_8' title="bbox 295 970 1851 1051">
    <p class='ocr_par' dir='ltr' id='par_1_8' title="bbox 295 970 1851 1051">
     <span class='ocr_line' id='line_1_8' title="bbox 295 970 1851 1051; baseline -0.006 -17"><span class='ocrx_word' id='word_1_55' title='bbox 295 983 511 1051; x_wconf 77' lang='grc' dir='ltr'><strong>σεισμοῦ</strong></span> <span class='ocrx_word' id='word_1_56' title='bbox 565 986 592 1034; x_wconf 79' lang='grc' dir='ltr'><strong>ό</strong></span> <span class='ocrx_word' id='word_1_57' title='bbox 648 982 779 1041; x_wconf 80' lang='grc' dir='ltr'>Θεὸς</span> <span class='ocrx_word' id='word_1_58' title='bbox 834 980 973 1033; x_wconf 70' lang='grc' dir='ltr'>κατὰ</span> <span class='ocrx_word' id='word_1_59' title='bbox 1028 981 1117 1032; x_wconf 83' lang='grc' dir='ltr'>τὸν</span> <span class='ocrx_word' id='word_1_60' title='bbox 1162 979 1380 1030; x_wconf 79' lang='grc' dir='ltr'>εἰπόντα</span> <span class='ocrx_word' id='word_1_61' title='bbox 1428 975 1718 1045; x_wconf 79' lang='grc' dir='ltr'><strong>προφήτην</strong></span> <span class='ocrx_word' id='word_1_62' title='bbox 1751 970 1851 1025; x_wconf 77' lang='grc' dir='ltr'><strong>«Ὀ</strong></span> 
     </span>
    </p>
   </div>
   <div class='ocr_carea' id='block_1_9' title="bbox 295 1067 1845 1141">
    <p class='ocr_par' dir='ltr' id='par_1_9' title="bbox 295 1067 1845 1141">
     <span class='ocr_line' id='line_1_9' title="bbox 295 1067 1845 1141; baseline -0.008 -17"><span class='ocrx_word' id='word_1_63' title='bbox 295 1072 596 1125; x_wconf 71' lang='grc' dir='ltr'>ἐπιϐλέπων</span> <span class='ocrx_word' id='word_1_64' title='bbox 625 1074 714 1123; x_wconf 70' lang='grc' dir='ltr'><strong>ἐπὶ</strong></span> <span class='ocrx_word' id='word_1_65' title='bbox 746 1072 844 1141; x_wconf 79' lang='grc' dir='ltr'>τὴν</span> <span class='ocrx_word' id='word_1_66' title='bbox 877 1075 980 1141; x_wconf 77' lang='grc' dir='ltr'>γῆν</span> <span class='ocrx_word' id='word_1_67' title='bbox 1021 1071 1111 1124; x_wconf 78' lang='grc' dir='ltr'>καὶ</span> <span class='ocrx_word' id='word_1_68' title='bbox 1140 1070 1308 1121; x_wconf 82' lang='grc' dir='ltr'>ποιῶν</span> <span class='ocrx_word' id='word_1_69' title='bbox 1339 1067 1509 1138; x_wconf 80' lang='grc' dir='ltr'>αὐτὴν</span> <span class='ocrx_word' id='word_1_70' title='bbox 1542 1067 1792 1134; x_wconf 77' lang='grc' dir='ltr'><strong>τρέμειν,</strong></span> <span class='ocrx_word' id='word_1_71' title='bbox 1828 1083 1845 1112; x_wconf 75' lang='grc' dir='ltr'><strong>ι</strong></span> 
     </span>
    </p>
   </div>
   <div class='ocr_carea' id='block_1_10' title="bbox 295 1157 1855 1232">
    <p class='ocr_par' dir='ltr' id='par_1_10' title="bbox 295 1157 1855 1232">
     <span class='ocr_line' id='line_1_10' title="bbox 295 1157 1855 1232; baseline -0.006 -15"><span class='ocrx_word' id='word_1_72' title='bbox 295 1166 352 1217; x_wconf 76' lang='grc' dir='ltr'><strong>τὸ</strong></span> <span class='ocrx_word' id='word_1_73' title='bbox 403 1164 457 1215; x_wconf 83' lang='grc' dir='ltr'>δὲ</span> <span class='ocrx_word' id='word_1_74' title='bbox 511 1164 733 1232; x_wconf 82' lang='grc' dir='ltr'>συνεχὲς</span> <span class='ocrx_word' id='word_1_75' title='bbox 778 1162 968 1215; x_wconf 86' lang='grc' dir='ltr'>τούτου</span> <span class='ocrx_word' id='word_1_76' title='bbox 1013 1164 1223 1229; x_wconf 84' lang='grc' dir='ltr'>γίνεται</span> <span class='ocrx_word' id='word_1_77' title='bbox 1280 1164 1374 1213; x_wconf 75' lang='grc' dir='ltr'>καὶ</span> <span class='ocrx_word' id='word_1_78' title='bbox 1425 1159 1579 1229; x_wconf 76' lang='grc' dir='ltr'>παρὰ</span> <span class='ocrx_word' id='word_1_79' title='bbox 1618 1157 1855 1228; x_wconf 80' lang='grc' dir='ltr'>τὴντῶν</span> 
     </span>
    </p>
   </div>
   <div class='ocr_carea' id='block_1_11' title="bbox 299 1251 1855 1325">
    <p class='ocr_par' dir='ltr' id='par_1_11' title="bbox 299 1251 1855 1325">
     <span class='ocr_line' id='line_1_11' title="bbox 299 1251 1855 1325; baseline -0.006 -16"><span class='ocrx_word' id='word_1_80' title='bbox 299 1256 564 1324; x_wconf 80' lang='grc' dir='ltr'><strong>ὑπογείων</strong></span> <span class='ocrx_word' id='word_1_81' title='bbox 638 1257 857 1325; x_wconf 76' lang='grc' dir='ltr'>ἀνέμων</span> <span class='ocrx_word' id='word_1_82' title='bbox 932 1256 1169 1325; x_wconf 77' lang='grc' dir='ltr'>κίνησιν.</span> <span class='ocrx_word' id='word_1_83' title='bbox 1225 1253 1323 1306; x_wconf 75' lang='grc' dir='ltr'>Διὰ</span> <span class='ocrx_word' id='word_1_84' title='bbox 1390 1255 1497 1322; x_wconf 86' lang='grc' dir='ltr'>γὰρ</span> <span class='ocrx_word' id='word_1_85' title='bbox 1549 1251 1704 1304; x_wconf 76' lang='grc' dir='ltr'>τοῦτο</span> <span class='ocrx_word' id='word_1_86' title='bbox 1760 1251 1855 1303; x_wconf 77' lang='grc' dir='ltr'>καὶ</span> 
     </span>
    </p>
   </div>
   <div class='ocr_carea' id='block_1_12' title="bbox 299 1340 1858 1415">
    <p class='ocr_par' dir='ltr' id='par_1_12' title="bbox 299 1340 1858 1415">
     <span class='ocr_line' id='line_1_12' title="bbox 299 1340 1858 1415; baseline -0.006 -15"><span class='ocrx_word' id='word_1_87' title='bbox 299 1347 554 1400; x_wconf 73' lang='grc' dir='ltr'><strong>ἐπιόντων</strong></span> <span class='ocrx_word' id='word_1_88' title='bbox 609 1348 857 1415; x_wconf 75' lang='grc' dir='ltr'><strong>μεγάλων</strong></span> <span class='ocrx_word' id='word_1_89' title='bbox 925 1345 1166 1414; x_wconf 78' lang='grc' dir='ltr'><strong>σεισμῶν</strong></span> <span class='ocrx_word' id='word_1_90' title='bbox 1221 1345 1411 1411; x_wconf 78' lang='grc' dir='ltr'>ἄνεμοι</span> <span class='ocrx_word' id='word_1_91' title='bbox 1470 1341 1547 1409; x_wconf 83' lang='grc' dir='ltr'>τῷ</span> <span class='ocrx_word' id='word_1_92' title='bbox 1589 1340 1712 1393; x_wconf 77' lang='grc' dir='ltr'>τότε</span> <span class='ocrx_word' id='word_1_93' title='bbox 1758 1340 1858 1391; x_wconf 77' lang='grc' dir='ltr'>οὐκ</span> 
     </span>
    </p>
   </div>
   <div class='ocr_carea' id='block_1_13' title="bbox 301 1429 1858 1504">
    <p class='ocr_par' dir='ltr' id='par_1_13' title="bbox 301 1429 1858 1504">
     <span class='ocr_line' id='line_1_13' title="bbox 301 1429 1858 1504; baseline -0.006 -15"><span class='ocrx_word' id='word_1_94' title='bbox 301 1438 452 1499; x_wconf 74' lang='grc' dir='ltr'>εἰσὶν,</span> <span class='ocrx_word' id='word_1_95' title='bbox 483 1436 558 1499; x_wconf 84' lang='grc' dir='ltr'><strong>ὡς</strong></span> <span class='ocrx_word' id='word_1_96' title='bbox 597 1435 994 1504; x_wconf 80' lang='grc' dir='ltr'>ὲγκλειομένων</span> <span class='ocrx_word' id='word_1_97' title='bbox 1049 1435 1229 1488; x_wconf 84' lang='grc' dir='ltr'>αὐτῶν</span> <span class='ocrx_word' id='word_1_98' title='bbox 1280 1432 1537 1486; x_wconf 79' lang='grc' dir='ltr'><strong>ὑποκάτω</strong></span> <span class='ocrx_word' id='word_1_99' title='bbox 1584 1432 1728 1483; x_wconf 69' lang='grc' dir='ltr'>κατὰ</span> <span class='ocrx_word' id='word_1_100' title='bbox 1767 1429 1858 1481; x_wconf 81' lang='grc' dir='ltr'>τό·</span> 
     </span>
    </p>
   </div>
   <div class='ocr_carea' id='block_1_14' title="bbox 302 1524 1145 1594">
    <p class='ocr_par' dir='ltr' id='par_1_14' title="bbox 302 1524 1145 1594">
     <span class='ocr_line' id='line_1_14' title="bbox 302 1524 1145 1594; baseline 0.001 -18"><span class='ocrx_word' id='word_1_101' title='bbox 302 1541 431 1587; x_wconf 83' lang='grc' dir='ltr'>πους</span> <span class='ocrx_word' id='word_1_102' title='bbox 461 1525 556 1576; x_wconf 80' lang='grc' dir='ltr'>καὶ</span> <span class='ocrx_word' id='word_1_103' title='bbox 590 1525 789 1594; x_wconf 78' lang='grc' dir='ltr'>μᾶλλον</span> <span class='ocrx_word' id='word_1_104' title='bbox 821 1524 1145 1593; x_wconf 81' lang='grc' dir='ltr'>ὑπάντρους.</span> 
     </span>
    </p>
   </div>
   <div class='ocr_carea' id='block_1_15' title="bbox 370 1697 1862 1770">
    <p class='ocr_par' dir='ltr' id='par_1_15' title="bbox 370 1697 1862 1770">
     <span class='ocr_line' id='line_1_15' title="bbox 370 1697 1862 1770; baseline -0.001 -19"><span class='ocrx_word' id='word_1_105' title='bbox 370 1699 431 1751; x_wconf 82' lang='lat' dir='ltr'><strong>Ei</strong></span> <span class='ocrx_word' id='word_1_106' title='bbox 466 1700 523 1752; x_wconf 73' lang='grc' dir='ltr'>δὲ</span> <span class='ocrx_word' id='word_1_107' title='bbox 564 1700 657 1753; x_wconf 79' lang='grc' dir='ltr'>καὶ</span> <span class='ocrx_word' id='word_1_108' title='bbox 689 1700 739 1753; x_wconf 88' lang='grc' dir='ltr'><strong>τί</strong></span> <span class='ocrx_word' id='word_1_109' title='bbox 776 1704 921 1754; x_wconf 63' lang='grc' dir='ltr'>ἔστιν</span> <span class='ocrx_word' id='word_1_110' title='bbox 955 1703 982 1752; x_wconf 89' lang='grc' dir='ltr'><strong>ό</strong></span> <span class='ocrx_word' id='word_1_111' title='bbox 1021 1701 1218 1770; x_wconf 79' lang='grc' dir='ltr'>ἄνεμος</span> <span class='ocrx_word' id='word_1_112' title='bbox 1240 1699 1540 1769; x_wconf 71' lang='grc' dir='ltr'>ἐπιζητεῖς,</span> <span class='ocrx_word' id='word_1_113' title='bbox 1572 1701 1668 1754; x_wconf 66' lang='grc' dir='ltr'><strong>καὶ</strong></span> <span class='ocrx_word' id='word_1_114' title='bbox 1701 1697 1862 1750; x_wconf 87' lang='grc' dir='ltr'>πόθεν</span> 
     </span>
    </p>
   </div>
   <div class='ocr_carea' id='block_1_16' title="bbox 304 1787 1862 1860">
    <p class='ocr_par' dir='ltr' id='par_1_16' title="bbox 304 1787 1862 1860">
     <span class='ocr_line' id='line_1_16' title="bbox 304 1787 1862 1860; baseline -0.003 -19"><span class='ocrx_word' id='word_1_115' title='bbox 304 1789 414 1858; x_wconf 75' lang='grc' dir='ltr'>εχει</span> <span class='ocrx_word' id='word_1_116' title='bbox 447 1794 547 1860; x_wconf 79' lang='grc' dir='ltr'>τὴν</span> <span class='ocrx_word' id='word_1_117' title='bbox 582 1791 815 1857; x_wconf 76' lang='grc' dir='ltr'>γένεσιν,</span> <span class='ocrx_word' id='word_1_118' title='bbox 849 1790 1047 1844; x_wconf 76' lang='grc' dir='ltr'>ειδέναι</span> <span class='ocrx_word' id='word_1_119' title='bbox 1078 1790 1313 1859; x_wconf 79' lang='grc' dir='ltr'>ὀφείλεις</span> <span class='ocrx_word' id='word_1_120' title='bbox 1347 1790 1427 1842; x_wconf 83' lang='grc' dir='ltr'>ὅτι</span> <span class='ocrx_word' id='word_1_121' title='bbox 1461 1788 1604 1850; x_wconf 77' lang='grc' dir='ltr'>τινὲς</span> <span class='ocrx_word' id='word_1_122' title='bbox 1641 1787 1738 1856; x_wconf 79' lang='grc' dir='ltr'>μὲν</span> <span class='ocrx_word' id='word_1_123' title='bbox 1771 1787 1862 1838; x_wconf 83' lang='grc' dir='ltr'>τὸν</span> 
     </span>
    </p>
   </div>
   <div class='ocr_carea' id='block_1_17' title="bbox 1951 596 3515 673">
    <p class='ocr_par' dir='ltr' id='par_1_17' title="bbox 1951 596 3515 673">
     <span class='ocr_line' id='line_1_17' title="bbox 1951 596 3515 673; baseline -0.009 -13"><span class='ocrx_word' id='word_1_124' title='bbox 1951 622 2078 660; x_wconf 84' lang='lat' dir='ltr'><strong>vero</strong></span> <span class='ocrx_word' id='word_1_125' title='bbox 2104 622 2227 660; x_wconf 92' lang='lat' dir='ltr'><strong>cum</strong></span> <span class='ocrx_word' id='word_1_126' title='bbox 2260 604 2548 673; x_wconf 84' lang='lat' dir='ltr'><strong>quibusvis</strong></span> <span class='ocrx_word' id='word_1_127' title='bbox 2578 617 2641 655; x_wconf 74' lang='lat' dir='ltr'><strong>ex</strong></span> <span class='ocrx_word' id='word_1_128' title='bbox 2666 601 2920 671; x_wconf 89' lang='lat' dir='ltr'><strong>partibus</strong></span> <span class='ocrx_word' id='word_1_129' title='bbox 2944 608 3238 668; x_wconf 90' lang='lat' dir='ltr'><strong>appareant</strong></span> <span class='ocrx_word' id='word_1_130' title='bbox 3263 596 3515 664; x_wconf 57' lang='lat' dir='ltr'><strong>atqualia.</strong></span> 
     </span>
    </p>
   </div>
   <div class='ocr_carea' id='block_1_18' title="bbox 1950 690 3519 769">
    <p class='ocr_par' dir='ltr' id='par_1_18' title="bbox 1950 690 3519 769">
     <span class='ocr_line' id='line_1_18' title="bbox 1950 690 3519 769; baseline -0.011 -15"><span class='ocrx_word' id='word_1_131' title='bbox 1950 699 2298 769; x_wconf 88' lang='lat' dir='ltr'><strong>cogitandum</strong></span> <span class='ocrx_word' id='word_1_132' title='bbox 2327 696 2486 749; x_wconf 88' lang='lat' dir='ltr'><strong>nobis</strong></span> <span class='ocrx_word' id='word_1_133' title='bbox 2538 694 2857 762; x_wconf 89' lang='lat' dir='ltr'><strong>relinquunt</strong></span> <span class='ocrx_word' id='word_1_134' title='bbox 2914 700 3117 745; x_wconf 88' lang='lat' dir='ltr'><strong>terram</strong></span> <span class='ocrx_word' id='word_1_135' title='bbox 3172 690 3224 742; x_wconf 90' lang='lat' dir='ltr'><strong>in</strong></span> <span class='ocrx_word' id='word_1_136' title='bbox 3262 690 3519 740; x_wconf 67' lang='lat' dir='ltr'><strong>universo</strong></span> 
     </span>
    </p>
   </div>
   <div class='ocr_carea' id='block_1_19' title="bbox 1950 780 3517 855">
    <p class='ocr_par' dir='ltr' id='par_1_19' title="bbox 1950 780 3517 855">
     <span class='ocr_line' id='line_1_19' title="bbox 1950 780 3517 855; baseline -0.01 -14"><span class='ocrx_word' id='word_1_137' title='bbox 1950 789 2135 841; x_wconf 86' lang='lat' dir='ltr'><strong>medio</strong></span> <span class='ocrx_word' id='word_1_138' title='bbox 2177 784 2434 855; x_wconf 87' lang='lat' dir='ltr'><strong>pendere.</strong></span> <span class='ocrx_word' id='word_1_139' title='bbox 2491 782 2625 837; x_wconf 87' lang='lat' dir='ltr'><strong>Nam</strong></span> <span class='ocrx_word' id='word_1_140' title='bbox 2678 783 2886 850; x_wconf 85' lang='lat' dir='ltr'><strong>absque</strong></span> <span class='ocrx_word' id='word_1_141' title='bbox 2926 781 3018 834; x_wconf 92' lang='lat' dir='ltr'><strong>illo</strong></span> <span class='ocrx_word' id='word_1_142' title='bbox 3052 780 3209 839; x_wconf 83' lang='lat' dir='ltr'><strong>foret,</strong></span> <span class='ocrx_word' id='word_1_143' title='bbox 3277 780 3381 831; x_wconf 84' lang='lat' dir='ltr'><strong>hoc</strong></span> <span class='ocrx_word' id='word_1_144' title='bbox 3413 786 3517 835; x_wconf 85' lang='lat' dir='ltr'><strong>est,</strong></span> 
     </span>
    </p>
   </div>
   <div class='ocr_carea' id='block_1_20' title="bbox 1952 873 3522 939">
    <p class='ocr_par' dir='ltr' id='par_1_20' title="bbox 1952 873 3522 939">
     <span class='ocr_line' id='line_1_20' title="bbox 1952 873 3522 939; baseline -0.006 -7"><span class='ocrx_word' id='word_1_145' title='bbox 1952 881 2055 933; x_wconf 90' lang='lat' dir='ltr'><strong>nisi</strong></span> <span class='ocrx_word' id='word_1_146' title='bbox 2084 878 2261 931; x_wconf 87' lang='lat' dir='ltr'><strong>locum</strong></span> <span class='ocrx_word' id='word_1_147' title='bbox 2296 876 2458 930; x_wconf 90' lang='lat' dir='ltr'><strong>istum</strong></span> <span class='ocrx_word' id='word_1_148' title='bbox 2519 873 2679 927; x_wconf 91' lang='lat' dir='ltr'><strong>initio</strong></span> <span class='ocrx_word' id='word_1_149' title='bbox 2721 873 3141 939; x_wconf 74' lang='lat' dir='ltr'><strong>rerum;sortita</strong></span> <span class='ocrx_word' id='word_1_150' title='bbox 3196 882 3365 933; x_wconf 79' lang='lat' dir='ltr'><strong>esset,</strong></span> <span class='ocrx_word' id='word_1_151' title='bbox 3413 887 3522 923; x_wconf 88' lang='lat' dir='ltr'><strong>non</strong></span> 
     </span>
    </p>
   </div>
   <div class='ocr_carea' id='block_1_21' title="bbox 1953 963 3523 1037">
    <p class='ocr_par' dir='ltr' id='par_1_21' title="bbox 1953 963 3523 1037">
     <span class='ocr_line' id='line_1_21' title="bbox 1953 963 3523 1037; baseline -0.008 -13"><span class='ocrx_word' id='word_1_152' title='bbox 1953 970 2114 1024; x_wconf 89' lang='lat' dir='ltr'><strong>etiam</strong></span> <span class='ocrx_word' id='word_1_153' title='bbox 2139 983 2236 1037; x_wconf 86' lang='lat' dir='ltr'><strong>per</strong></span> <span class='ocrx_word' id='word_1_154' title='bbox 2270 974 2463 1021; x_wconf 82' lang='lat' dir='ltr'><strong>ventos</strong></span> <span class='ocrx_word' id='word_1_155' title='bbox 2499 965 2665 1019; x_wconf 87' lang='lat' dir='ltr'><strong>certis</strong></span> <span class='ocrx_word' id='word_1_156' title='bbox 2688 965 2741 1017; x_wconf 93' lang='lat' dir='ltr'><strong>in</strong></span> <span class='ocrx_word' id='word_1_157' title='bbox 2772 965 2906 1019; x_wconf 91' lang='lat' dir='ltr'><strong>locis</strong></span> <span class='ocrx_word' id='word_1_158' title='bbox 2932 974 3273 1032; x_wconf 85' lang='lat' dir='ltr'><strong>quateretur.</strong></span> <span class='ocrx_word' id='word_1_159' title='bbox 3308 963 3523 1016; x_wconf 81' lang='lat' dir='ltr'><strong>Etenim</strong></span> 
     </span>
    </p>
   </div>
   <div class='ocr_carea' id='block_1_22' title="bbox 1958 1057 3524 1129">
    <p class='ocr_par' dir='ltr' id='par_1_22' title="bbox 1958 1057 3524 1129">
     <span class='ocr_line' id='line_1_22' title="bbox 1958 1057 3524 1129; baseline -0.004 -14"><span class='ocrx_word' id='word_1_160' title='bbox 1958 1072 2115 1115; x_wconf 77' lang='lat' dir='ltr'><strong>teme</strong></span> <span class='ocrx_word' id='word_1_161' title='bbox 2153 1060 2410 1114; x_wconf 88' lang='lat' dir='ltr'><strong>motionis</strong></span> <span class='ocrx_word' id='word_1_162' title='bbox 2448 1075 2613 1114; x_wconf 87' lang='lat' dir='ltr'><strong>causa</strong></span> <span class='ocrx_word' id='word_1_163' title='bbox 2642 1059 2860 1129; x_wconf 85' lang='lat' dir='ltr'><strong>quidem</strong></span> <span class='ocrx_word' id='word_1_164' title='bbox 2902 1071 2988 1114; x_wconf 79' lang='lat' dir='ltr'><strong>est</strong></span> <span class='ocrx_word' id='word_1_165' title='bbox 3028 1058 3190 1121; x_wconf 86' lang='lat' dir='ltr'><strong>Deus,</strong></span> <span class='ocrx_word' id='word_1_166' title='bbox 3224 1057 3524 1111; x_wconf 81' lang='lat' dir='ltr'><strong>secundum</strong></span> 
     </span>
    </p>
   </div>
   <div class='ocr_carea' id='block_1_23' title="bbox 1961 1149 3525 1217">
    <p class='ocr_par' dir='ltr' id='par_1_23' title="bbox 1961 1149 3525 1217">
     <span class='ocr_line' id='line_1_23' title="bbox 1961 1149 3525 1217; baseline -0.004 -10"><span class='ocrx_word' id='word_1_167' title='bbox 1961 1154 2091 1207; x_wconf 89' lang='lat' dir='ltr'><strong>illud</strong></span> <span class='ocrx_word' id='word_1_168' title='bbox 2113 1155 2251 1208; x_wconf 88' lang='lat' dir='ltr'><strong>vatis</strong></span> <span class='ocrx_word' id='word_1_169' title='bbox 2286 1154 2513 1207; x_wconf 84' lang='lat' dir='ltr'><strong>verbum</strong></span> <span class='ocrx_word' id='word_1_170' title='bbox 2549 1168 2564 1206; x_wconf 91' lang='lat'><strong>:</strong></span> <span class='ocrx_word' id='word_1_171' title='bbox 2600 1171 2617 1203; x_wconf 83' lang='grc' dir='ltr'><strong>ι</strong></span> <span class='ocrx_word' id='word_1_172' title='bbox 2662 1152 2762 1217; x_wconf 84' lang='lat' dir='ltr'><strong>Qui</strong></span> <span class='ocrx_word' id='word_1_173' title='bbox 2804 1162 3005 1206; x_wconf 88' lang='lat' dir='ltr'><strong>terram</strong></span> <span class='ocrx_word' id='word_1_174' title='bbox 3060 1149 3261 1217; x_wconf 86' lang='lat' dir='ltr'><strong>aspicit</strong></span> <span class='ocrx_word' id='word_1_175' title='bbox 3306 1159 3361 1203; x_wconf 89' lang='lat' dir='ltr'><strong>et</strong></span> <span class='ocrx_word' id='word_1_176' title='bbox 3406 1164 3525 1201; x_wconf 75' lang='lat' dir='ltr'><strong>eam</strong></span> 
     </span>
    </p>
   </div>
   <div class='ocr_carea' id='block_1_24' title="bbox 1958 1243 3527 1311">
    <p class='ocr_par' dir='ltr' id='par_1_24' title="bbox 1958 1243 3527 1311">
     <span class='ocr_line' id='line_1_24' title="bbox 1958 1243 3527 1311; baseline -0.006 -12"><span class='ocrx_word' id='word_1_177' title='bbox 1958 1244 2085 1299; x_wconf 89' lang='lat' dir='ltr'><strong>facit</strong></span> <span class='ocrx_word' id='word_1_178' title='bbox 2110 1253 2364 1305; x_wconf 88' lang='lat' dir='ltr'><strong>tremere,</strong></span> <span class='ocrx_word' id='word_1_179' title='bbox 2398 1262 2416 1293; x_wconf 78' lang='grc' dir='ltr'><strong>ι</strong></span> <span class='ocrx_word' id='word_1_180' title='bbox 2473 1257 2666 1297; x_wconf 89' lang='lat' dir='ltr'><strong>verum</strong></span> <span class='ocrx_word' id='word_1_181' title='bbox 2714 1243 3032 1311; x_wconf 88' lang='lat' dir='ltr'><strong>plerumque</strong></span> <span class='ocrx_word' id='word_1_182' title='bbox 3082 1249 3368 1294; x_wconf 84' lang='lat' dir='ltr'><strong>ventorum</strong></span> <span class='ocrx_word' id='word_1_183' title='bbox 3399 1244 3527 1293; x_wconf 77' lang='lat' dir='ltr'><strong>sub.</strong></span> 
     </span>
    </p>
   </div>
   <div class='ocr_carea' id='block_1_25' title="bbox 1960 1332 3529 1401">
    <p class='ocr_par' dir='ltr' id='par_1_25' title="bbox 1960 1332 3529 1401">
     <span class='ocr_line' id='line_1_25' title="bbox 1960 1332 3529 1401; baseline -0.002 -13"><span class='ocrx_word' id='word_1_184' title='bbox 1960 1345 2331 1393; x_wconf 84' lang='lat' dir='ltr'><strong>terraneorum</strong></span> <span class='ocrx_word' id='word_1_185' title='bbox 2367 1335 2449 1389; x_wconf 88' lang='lat' dir='ltr'><strong>vis</strong></span> <span class='ocrx_word' id='word_1_186' title='bbox 2480 1334 2713 1391; x_wconf 76' lang='lat' dir='ltr'><strong>accedit.</strong></span> <span class='ocrx_word' id='word_1_187' title='bbox 2772 1334 3068 1401; x_wconf 87' lang='lat' dir='ltr'><strong>Propterea</strong></span> <span class='ocrx_word' id='word_1_188' title='bbox 3105 1332 3529 1387; x_wconf 77' lang='lat' dir='ltr'><strong>vehementibus</strong></span> 
     </span>
    </p>
   </div>
   <div class='ocr_carea' id='block_1_26' title="bbox 1961 1426 3527 1492">
    <p class='ocr_par' dir='ltr' id='par_1_26' title="bbox 1961 1426 3527 1492">
     <span class='ocr_line' id='line_1_26' title="bbox 1961 1426 3527 1492; baseline -0.003 -11"><span class='ocrx_word' id='word_1_189' title='bbox 1961 1428 2013 1481; x_wconf 92' lang='lat' dir='ltr'><strong>in</strong></span> <span class='ocrx_word' id='word_1_190' title='bbox 2041 1426 2492 1482; x_wconf 81' lang='lat' dir='ltr'><strong>succussionibus</strong></span> <span class='ocrx_word' id='word_1_191' title='bbox 2521 1435 2682 1480; x_wconf 71' lang='lat' dir='ltr'><strong>terrae</strong></span> <span class='ocrx_word' id='word_1_192' title='bbox 2722 1426 2854 1479; x_wconf 89' lang='lat' dir='ltr'><strong>nulli</strong></span> <span class='ocrx_word' id='word_1_193' title='bbox 2884 1434 3013 1480; x_wconf 89' lang='lat' dir='ltr'><strong>sunt</strong></span> <span class='ocrx_word' id='word_1_194' title='bbox 3037 1426 3202 1484; x_wconf 84' lang='lat' dir='ltr'><strong>venti.</strong></span> <span class='ocrx_word' id='word_1_195' title='bbox 3272 1434 3527 1492; x_wconf 59' lang='lat' dir='ltr'><strong>tauquam</strong></span> 
     </span>
    </p>
   </div>
   <div class='ocr_carea' id='block_1_27' title="bbox 1963 1506 3528 1584">
    <p class='ocr_par' dir='ltr' id='par_1_27' title="bbox 1963 1506 3528 1584">
     <span class='ocr_line' id='line_1_27' title="bbox 1963 1506 3528 1584; baseline -0.004 -11"><span class='ocrx_word' id='word_1_196' title='bbox 1963 1520 2186 1574; x_wconf 87' lang='lat' dir='ltr'><strong>inclusis</strong></span> <span class='ocrx_word' id='word_1_197' title='bbox 2219 1519 2301 1573; x_wconf 91' lang='lat' dir='ltr'><strong>eis</strong></span> <span class='ocrx_word' id='word_1_198' title='bbox 2332 1518 2469 1571; x_wconf 81' lang='lat' dir='ltr'><strong>infra</strong></span> <span class='ocrx_word' id='word_1_199' title='bbox 2503 1526 2726 1580; x_wconf 87' lang='lat' dir='ltr'><strong>terram,</strong></span> <span class='ocrx_word' id='word_1_200' title='bbox 2786 1506 2919 1569; x_wconf 82' lang='lat' dir='ltr'><strong>locis</strong></span> <span class='ocrx_word' id='word_1_201' title='bbox 2977 1515 3278 1584; x_wconf 81' lang='lat' dir='ltr'><strong>praesertim</strong></span> <span class='ocrx_word' id='word_1_202' title='bbox 3339 1531 3528 1567; x_wconf 64' lang='lat' dir='ltr'><strong>(‘ztv-fr-</strong></span> 
     </span>
    </p>
   </div>
   <div class='ocr_carea' id='block_1_28' title="bbox 1962 1614 2129 1667">
    <p class='ocr_par' dir='ltr' id='par_1_28' title="bbox 1962 1614 2129 1667">
     <span class='ocr_line' id='line_1_28' title="bbox 1962 1614 2129 1667; baseline 0.006 -1"><span class='ocrx_word' id='word_1_203' title='bbox 1962 1614 2129 1667; x_wconf 90' lang='lat' dir='ltr'><strong>nosis.</strong></span> 
     </span>
    </p>
   </div>
   <div class='ocr_carea' id='block_1_29' title="bbox 2031 1701 3530 1774">
    <p class='ocr_par' dir='ltr' id='par_1_29' title="bbox 2031 1701 3530 1774">
     <span class='ocr_line' id='line_1_29' title="bbox 2031 1701 3530 1774; baseline -0.004 -17"><span class='ocrx_word' id='word_1_204' title='bbox 2031 1703 2233 1769; x_wconf 85' lang='lat' dir='ltr'><strong>Quodsi</strong></span> <span class='ocrx_word' id='word_1_205' title='bbox 2269 1704 2432 1757; x_wconf 88' lang='lat' dir='ltr'><strong>etiam</strong></span> <span class='ocrx_word' id='word_1_206' title='bbox 2460 1716 2794 1774; x_wconf 79' lang='lat' dir='ltr'><strong>cognoscere</strong></span> <span class='ocrx_word' id='word_1_207' title='bbox 2826 1701 2927 1764; x_wconf 86' lang='lat' dir='ltr'><strong>vis,</strong></span> <span class='ocrx_word' id='word_1_208' title='bbox 2962 1701 3093 1768; x_wconf 88' lang='lat' dir='ltr'><strong>quid</strong></span> <span class='ocrx_word' id='word_1_209' title='bbox 3125 1702 3196 1754; x_wconf 86' lang='lat' dir='ltr'><strong>sit</strong></span> <span class='ocrx_word' id='word_1_210' title='bbox 3229 1708 3423 1754; x_wconf 80' lang='lat' dir='ltr'><strong>ventus</strong></span> <span class='ocrx_word' id='word_1_211' title='bbox 3478 1712 3530 1751; x_wconf 81' lang='lat' dir='ltr'><strong>et</strong></span> 
     </span>
    </p>
   </div>
   <div class='ocr_carea' id='block_1_30' title="bbox 1966 1791 3533 1860">
    <p class='ocr_par' dir='ltr' id='par_1_30' title="bbox 1966 1791 3533 1860">
     <span class='ocr_line' id='line_1_30' title="bbox 1966 1791 3533 1860; baseline -0.005 -10"><span class='ocrx_word' id='word_1_212' title='bbox 1966 1797 2110 1851; x_wconf 83' lang='lat' dir='ltr'><strong>unde</strong></span> <span class='ocrx_word' id='word_1_213' title='bbox 2154 1796 2384 1860; x_wconf 87' lang='lat' dir='ltr'><strong>oriatur,</strong></span> <span class='ocrx_word' id='word_1_214' title='bbox 2438 1795 2579 1848; x_wconf 87' lang='lat' dir='ltr'><strong>scito</strong></span> <span class='ocrx_word' id='word_1_215' title='bbox 2632 1795 2928 1848; x_wconf 88' lang='lat' dir='ltr'><strong>nonnullos</strong></span> <span class='ocrx_word' id='word_1_216' title='bbox 2979 1792 3192 1846; x_wconf 86' lang='lat' dir='ltr'><strong>tradere</strong></span> <span class='ocrx_word' id='word_1_217' title='bbox 3241 1791 3384 1860; x_wconf 77' lang='lat' dir='ltr'><strong>quod</strong></span> <span class='ocrx_word' id='word_1_218' title='bbox 3442 1807 3533 1843; x_wconf 82' lang='lat' dir='ltr'><strong>aer</strong></span> 
     </span>
    </p>
   </div>
   <div class='ocr_carea' id='block_1_31' title="bbox 304 1858 1968 1952">
    <p class='ocr_par' dir='ltr' id='par_1_31' title="bbox 304 1858 1937 1952">
     <span class='ocr_line' id='line_1_31' title="bbox 304 1858 1937 1952; baseline -0.002 -20"><span class='ocrx_word' id='word_1_219' title='bbox 304 1882 439 1950; x_wconf 81' lang='grc' dir='ltr'>ἀέρα</span> <span class='ocrx_word' id='word_1_220' title='bbox 469 1858 601 1949; x_wconf 70' lang='grc' dir='ltr'>ιρασὶ</span> <span class='ocrx_word' id='word_1_221' title='bbox 632 1881 950 1952; x_wconf 82' lang='grc' dir='ltr'>κινούμενον</span> <span class='ocrx_word' id='word_1_222' title='bbox 977 1880 1074 1944; x_wconf 81' lang='grc' dir='ltr'><strong>τὰς</strong></span> <span class='ocrx_word' id='word_1_223' title='bbox 1102 1858 1208 1933; x_wconf 83' lang='grc' dir='ltr'>τῶν</span> <span class='ocrx_word' id='word_1_224' title='bbox 1236 1881 1455 1949; x_wconf 78' lang='grc' dir='ltr'>ἀνέμων</span> <span class='ocrx_word' id='word_1_225' title='bbox 1487 1878 1660 1948; x_wconf 73' lang='grc' dir='ltr'>αὔρας</span> <span class='ocrx_word' id='word_1_226' title='bbox 1692 1878 1862 1947; x_wconf 81' lang='grc' dir='ltr'>παρέ·</span> <span class='ocrx_word' id='word_1_227' title='bbox 1894 1858 1937 1915; x_wconf 69' lang='grc' dir='ltr'><strong>Β</strong></span> 
     </span>
    </p>
   </div>
   <div class='ocr_carea' id='block_1_32' title="bbox 1868 1858 3532 1952">
    <p class='ocr_par' dir='ltr' id='par_1_32' title="bbox 1894 1858 3532 1952">
     <span class='ocr_line' id='line_1_32' title="bbox 1894 1858 3532 1952; baseline -0.007 -12"><span class='ocrx_word' id='word_1_228' title='bbox 1894 1858 1937 1915; x_wconf 67' lang='grc' dir='ltr'><strong>Β</strong></span> <span class='ocrx_word' id='word_1_229' title='bbox 1969 1897 2147 1940; x_wconf 89' lang='lat' dir='ltr'><strong>motus</strong></span> <span class='ocrx_word' id='word_1_230' title='bbox 2170 1893 2462 1938; x_wconf 87' lang='lat' dir='ltr'><strong>ventorum</strong></span> <span class='ocrx_word' id='word_1_231' title='bbox 2491 1884 2650 1938; x_wconf 90' lang='lat' dir='ltr'><strong>nobis</strong></span> <span class='ocrx_word' id='word_1_232' title='bbox 2674 1896 2834 1936; x_wconf 80' lang='lat' dir='ltr'><strong>auras</strong></span> <span class='ocrx_word' id='word_1_233' title='bbox 2860 1883 3117 1952; x_wconf 74' lang='lat' dir='ltr'><strong>praebeat.</strong></span> <span class='ocrx_word' id='word_1_234' title='bbox 3152 1883 3251 1935; x_wconf 78' lang='lat' dir='ltr'><strong>Alii</strong></span> <span class='ocrx_word' id='word_1_235' title='bbox 3305 1898 3432 1935; x_wconf 81' lang='lat' dir='ltr'><strong>vero</strong></span> <span class='ocrx_word' id='word_1_236' title='bbox 3468 1883 3532 1933; x_wconf 71' lang='lat' dir='ltr'><strong>de.</strong></span> 
     </span>
    </p>
   </div>
   <div class='ocr_carea' id='block_1_33' title="bbox 306 1970 1865 2042">
    <p class='ocr_par' dir='ltr' id='par_1_33' title="bbox 306 1970 1865 2042">
     <span class='ocr_line' id='line_1_33' title="bbox 306 1970 1865 2042; baseline 0 -20"><span class='ocrx_word' id='word_1_237' title='bbox 306 1988 419 2039; x_wconf 84' lang='grc' dir='ltr'>χειν</span> <span class='ocrx_word' id='word_1_238' title='bbox 449 1974 601 2042; x_wconf 78' lang='grc' dir='ltr'>ἡμῖν,</span> <span class='ocrx_word' id='word_1_239' title='bbox 626 1972 803 2042; x_wconf 78' lang='grc' dir='ltr'>ἕτεροι</span> <span class='ocrx_word' id='word_1_240' title='bbox 831 1972 888 2025; x_wconf 79' lang='grc' dir='ltr'>δὲ</span> <span class='ocrx_word' id='word_1_241' title='bbox 915 1972 1075 2025; x_wconf 81' lang='grc' dir='ltr'>πάλιν</span> <span class='ocrx_word' id='word_1_242' title='bbox 1104 1974 1169 2025; x_wconf 85' lang='grc' dir='ltr'>ὲκ</span> <span class='ocrx_word' id='word_1_243' title='bbox 1195 1973 1294 2041; x_wconf 79' lang='grc' dir='ltr'>τῆς</span> <span class='ocrx_word' id='word_1_244' title='bbox 1326 1971 1638 2033; x_wconf 81' lang='grc' dir='ltr'><strong>καπνώδους</strong></span> <span class='ocrx_word' id='word_1_245' title='bbox 1667 1970 1865 2023; x_wconf 80' lang='grc' dir='ltr'>ἀναθυ-</span> 
     </span>
    </p>
   </div>
   <div class='ocr_carea' id='block_1_34' title="bbox 311 2057 1865 2134">
    <p class='ocr_par' dir='ltr' id='par_1_34' title="bbox 311 2057 1865 2134">
     <span class='ocr_line' id='line_1_34' title="bbox 311 2057 1865 2134; baseline -0.001 -20"><span class='ocrx_word' id='word_1_246' title='bbox 311 2064 546 2131; x_wconf 84' lang='grc' dir='ltr'>μιάσεως</span> <span class='ocrx_word' id='word_1_247' title='bbox 591 2063 878 2132; x_wconf 75' lang='grc' dir='ltr'>γεννᾶσθαι</span> <span class='ocrx_word' id='word_1_248' title='bbox 919 2063 1009 2116; x_wconf 83' lang='grc' dir='ltr'>τὸν</span> <span class='ocrx_word' id='word_1_249' title='bbox 1052 2064 1253 2134; x_wconf 79' lang='grc' dir='ltr'>ἄνεμον</span> <span class='ocrx_word' id='word_1_250' title='bbox 1300 2064 1620 2130; x_wconf 84' lang='grc' dir='ltr'>φάσκουσιν.</span> <span class='ocrx_word' id='word_1_251' title='bbox 1664 2057 1759 2124; x_wconf 75' lang='grc' dir='ltr'><strong>Οἷς</strong></span> <span class='ocrx_word' id='word_1_252' title='bbox 1800 2062 1865 2132; x_wconf 83' lang='grc' dir='ltr'>δὴ</span> 
     </span>
    </p>
   </div>
   <div class='ocr_carea' id='block_1_35' title="bbox 308 2151 1864 2223">
    <p class='ocr_par' dir='ltr' id='par_1_35' title="bbox 308 2151 1864 2223">
     <span class='ocr_line' id='line_1_35' title="bbox 308 2151 1864 2223; baseline -0.001 -19"><span class='ocrx_word' id='word_1_253' title='bbox 308 2154 400 2204; x_wconf 76' lang='grc' dir='ltr'>καὶ</span> <span class='ocrx_word' id='word_1_254' title='bbox 442 2156 732 2223; x_wconf 80' lang='grc' dir='ltr'>προσέχειν</span> <span class='ocrx_word' id='word_1_255' title='bbox 767 2172 827 2206; x_wconf 90' lang='grc' dir='ltr'><strong>σε</strong></span> <span class='ocrx_word' id='word_1_256' title='bbox 870 2153 1034 2207; x_wconf 76' lang='grc' dir='ltr'>πλέον</span> <span class='ocrx_word' id='word_1_257' title='bbox 1069 2154 1352 2223; x_wconf 80' lang='grc' dir='ltr'>βούλομαι.</span> <span class='ocrx_word' id='word_1_258' title='bbox 1392 2154 1457 2205; x_wconf 81' lang='grc' dir='ltr'><em>Ἢ</em></span> <span class='ocrx_word' id='word_1_259' title='bbox 1500 2153 1598 2223; x_wconf 81' lang='grc' dir='ltr'>μὲν</span> <span class='ocrx_word' id='word_1_260' title='bbox 1631 2153 1739 2220; x_wconf 73' lang='grc' dir='ltr'><strong>γὰρ</strong></span> <span class='ocrx_word' id='word_1_261' title='bbox 1773 2151 1864 2203; x_wconf 81' lang='grc' dir='ltr'>τοῦ</span> 
     </span>
    </p>
   </div>
   <div class='ocr_carea' id='block_1_36' title="bbox 306 2242 1866 2317">
    <p class='ocr_par' dir='ltr' id='par_1_36' title="bbox 306 2242 1866 2317">
     <span class='ocr_line' id='line_1_36' title="bbox 306 2242 1866 2317; baseline -0.002 -19"><span class='ocrx_word' id='word_1_262' title='bbox 306 2246 466 2316; x_wconf 75' lang='grc' dir='ltr'>ἀέρος</span> <span class='ocrx_word' id='word_1_263' title='bbox 491 2246 703 2315; x_wconf 83' lang='grc' dir='ltr'>κίνησις</span> <span class='ocrx_word' id='word_1_264' title='bbox 730 2246 954 2309; x_wconf 76' lang='grc' dir='ltr'><strong>ἔκλυτος</strong></span> <span class='ocrx_word' id='word_1_265' title='bbox 981 2248 1214 2317; x_wconf 83' lang='grc' dir='ltr'><strong>ὑπάρχει</strong></span> <span class='ocrx_word' id='word_1_266' title='bbox 1244 2246 1339 2299; x_wconf 77' lang='grc' dir='ltr'>καὶ</span> <span class='ocrx_word' id='word_1_267' title='bbox 1367 2246 1602 2316; x_wconf 72' lang='grc' dir='ltr'>χαλαρὰ,</span> <span class='ocrx_word' id='word_1_268' title='bbox 1628 2247 1659 2314; x_wconf 79' lang='grc' dir='ltr'>ἡ</span> <span class='ocrx_word' id='word_1_269' title='bbox 1687 2243 1743 2296; x_wconf 84' lang='grc' dir='ltr'>δὲ</span> <span class='ocrx_word' id='word_1_270' title='bbox 1771 2242 1866 2296; x_wconf 75' lang='grc' dir='ltr'>τοῦ</span> 
     </span>
    </p>
   </div>
   <div class='ocr_carea' id='block_1_37' title="bbox 308 2337 1868 2411">
    <p class='ocr_par' dir='ltr' id='par_1_37' title="bbox 308 2337 1868 2411">
     <span class='ocr_line' id='line_1_37' title="bbox 308 2337 1868 2411; baseline -0.001 -22"><span class='ocrx_word' id='word_1_271' title='bbox 308 2340 510 2407; x_wconf 78' lang='grc' dir='ltr'>ἀνέμου</span> <span class='ocrx_word' id='word_1_272' title='bbox 555 2339 834 2410; x_wconf 80' lang='grc' dir='ltr'>βιαιοτέρα</span> <span class='ocrx_word' id='word_1_273' title='bbox 869 2358 927 2394; x_wconf 88' lang='grc' dir='ltr'><strong>τε</strong></span> <span class='ocrx_word' id='word_1_274' title='bbox 973 2342 1066 2395; x_wconf 69' lang='grc' dir='ltr'>καὶ</span> <span class='ocrx_word' id='word_1_275' title='bbox 1106 2341 1428 2411; x_wconf 85' lang='grc' dir='ltr'>τυραννική.</span> <span class='ocrx_word' id='word_1_276' title='bbox 1467 2339 1577 2392; x_wconf 78' lang='grc' dir='ltr'><strong>Καὶ</strong></span> <span class='ocrx_word' id='word_1_277' title='bbox 1619 2337 1776 2407; x_wconf 77' lang='grc' dir='ltr'>δῆλον</span> <span class='ocrx_word' id='word_1_278' title='bbox 1810 2337 1868 2403; x_wconf 71' lang='grc' dir='ltr'><strong>ἐξ</strong></span> 
     </span>
    </p>
   </div>
   <div class='ocr_carea' id='block_1_38' title="bbox 309 2431 1867 2505">
    <p class='ocr_par' dir='ltr' id='par_1_38' title="bbox 309 2431 1867 2505">
     <span class='ocr_line' id='line_1_38' title="bbox 309 2431 1867 2505; baseline -0.001 -23"><span class='ocrx_word' id='word_1_279' title='bbox 309 2431 487 2484; x_wconf 80' lang='grc' dir='ltr'>αὐτῶν</span> <span class='ocrx_word' id='word_1_280' title='bbox 515 2433 621 2483; x_wconf 84' lang='grc' dir='ltr'>τῶν</span> <span class='ocrx_word' id='word_1_281' title='bbox 655 2434 893 2502; x_wconf 78' lang='grc' dir='ltr'><strong>σεισμῶν</strong></span> <span class='ocrx_word' id='word_1_282' title='bbox 918 2452 932 2467; x_wconf 75' lang='grc' dir='ltr'><strong>ο</strong></span> <span class='ocrx_word' id='word_1_283' title='bbox 971 2434 1122 2487; x_wconf 80' lang='grc' dir='ltr'>οὐδὲν</span> <span class='ocrx_word' id='word_1_284' title='bbox 1154 2435 1263 2505; x_wconf 67' lang='grc' dir='ltr'><strong>γὰρ</strong></span> <span class='ocrx_word' id='word_1_285' title='bbox 1295 2433 1481 2503; x_wconf 77' lang='grc' dir='ltr'>ἕτερόν</span> <span class='ocrx_word' id='word_1_286' title='bbox 1512 2434 1659 2484; x_wconf 82' lang='grc' dir='ltr'>ἐστιν</span> <span class='ocrx_word' id='word_1_287' title='bbox 1688 2432 1717 2481; x_wconf 89' lang='grc' dir='ltr'><strong>ό</strong></span> <span class='ocrx_word' id='word_1_288' title='bbox 1752 2446 1867 2482; x_wconf 89' lang='grc' dir='ltr'>σει-</span> 
     </span>
    </p>
   </div>
   <div class='ocr_carea' id='block_1_39' title="bbox 312 2521 1871 2594">
    <p class='ocr_par' dir='ltr' id='par_1_39' title="bbox 312 2521 1871 2594">
     <span class='ocr_line' id='line_1_39' title="bbox 312 2521 1871 2594; baseline -0.001 -20"><span class='ocrx_word' id='word_1_289' title='bbox 312 2524 446 2591; x_wconf 82' lang='grc' dir='ltr'>σμὸς</span> <span class='ocrx_word' id='word_1_290' title='bbox 494 2524 543 2576; x_wconf 82' lang='grc' dir='ltr'><strong>εί</strong></span> <span class='ocrx_word' id='word_1_291' title='bbox 580 2523 658 2594; x_wconf 79' lang='grc' dir='ltr'>μὴ</span> <span class='ocrx_word' id='word_1_292' title='bbox 705 2525 961 2592; x_wconf 82' lang='grc' dir='ltr'><strong>ὑπόγειος</strong></span> <span class='ocrx_word' id='word_1_293' title='bbox 1003 2527 1227 2593; x_wconf 82' lang='grc' dir='ltr'>ἄνεμος.</span> <span class='ocrx_word' id='word_1_294' title='bbox 1278 2524 1576 2590; x_wconf 67' lang='grc' dir='ltr'>Τεσσᾶρων</span> <span class='ocrx_word' id='word_1_295' title='bbox 1609 2522 1664 2575; x_wconf 81' lang='grc' dir='ltr'>δὲ</span> <span class='ocrx_word' id='word_1_296' title='bbox 1703 2521 1871 2574; x_wconf 72' lang='grc' dir='ltr'>ὄντων</span> 
     </span>
    </p>
   </div>
   <div class='ocr_carea' id='block_1_40' title="bbox 308 2614 1873 2686">
    <p class='ocr_par' dir='ltr' id='par_1_40' title="bbox 308 2614 1873 2686">
     <span class='ocr_line' id='line_1_40' title="bbox 308 2614 1873 2686; baseline 0.001 -20"><span class='ocrx_word' id='word_1_297' title='bbox 308 2614 383 2676; x_wconf 85' lang='grc' dir='ltr'>ὡς</span> <span class='ocrx_word' id='word_1_298' title='bbox 426 2615 600 2669; x_wconf 75' lang='grc' dir='ltr'>εἰπεῖν</span> <span class='ocrx_word' id='word_1_299' title='bbox 647 2617 951 2670; x_wconf 86' lang='grc' dir='ltr'>καθολικῶν</span> <span class='ocrx_word' id='word_1_300' title='bbox 993 2619 1233 2686; x_wconf 82' lang='grc' dir='ltr'>ἀνέμων,</span> <span class='ocrx_word' id='word_1_301' title='bbox 1273 2617 1592 2686; x_wconf 79' lang='grc' dir='ltr'>ἀπηλιώτης</span> <span class='ocrx_word' id='word_1_302' title='bbox 1638 2616 1737 2685; x_wconf 80' lang='grc' dir='ltr'>μὲν</span> <span class='ocrx_word' id='word_1_303' title='bbox 1779 2614 1873 2668; x_wconf 73' lang='grc' dir='ltr'>καὶ</span> 
     </span>
    </p>
   </div>
   <div class='ocr_carea' id='block_1_41' title="bbox 309 2706 1871 2779">
    <p class='ocr_par' dir='ltr' id='par_1_41' title="bbox 309 2706 1871 2779">
     <span class='ocr_line' id='line_1_41' title="bbox 309 2706 1871 2779; baseline 0.001 -23"><span class='ocrx_word' id='word_1_304' title='bbox 309 2706 542 2775; x_wconf 76' lang='grc' dir='ltr'>ζέφυρος</span> <span class='ocrx_word' id='word_1_305' title='bbox 571 2708 671 2760; x_wconf 81' lang='grc' dir='ltr'>οὐκ</span> <span class='ocrx_word' id='word_1_306' title='bbox 705 2708 813 2761; x_wconf 64' lang='lat' dir='ltr'><strong>elo).</strong></span> <span class='ocrx_word' id='word_1_307' title='bbox 846 2709 1228 2778; x_wconf 85' lang='grc' dir='ltr'>σφοδρότατοι,</span> <span class='ocrx_word' id='word_1_308' title='bbox 1267 2710 1469 2779; x_wconf 74' lang='grc' dir='ltr'>βορρᾶς</span> <span class='ocrx_word' id='word_1_309' title='bbox 1500 2710 1556 2762; x_wconf 88' lang='grc' dir='ltr'>δὲ</span> <span class='ocrx_word' id='word_1_310' title='bbox 1590 2711 1686 2763; x_wconf 77' lang='grc' dir='ltr'>καὶ</span> <span class='ocrx_word' id='word_1_311' title='bbox 1718 2708 1871 2769; x_wconf 81' lang='grc' dir='ltr'>νότος</span> 
     </span>
    </p>
   </div>
   <div class='ocr_carea' id='block_1_42' title="bbox 308 2796 1874 2873">
    <p class='ocr_par' dir='ltr' id='par_1_42' title="bbox 308 2796 1874 2873">
     <span class='ocr_line' id='line_1_42' title="bbox 308 2796 1874 2873; baseline 0.004 -25"><span class='ocrx_word' id='word_1_312' title='bbox 308 2796 806 2864; x_wconf 81' lang='grc' dir='ltr'>τυραννικώτατοι,</span> <span class='ocrx_word' id='word_1_313' title='bbox 842 2799 975 2852; x_wconf 81' lang='grc' dir='ltr'>διότι</span> <span class='ocrx_word' id='word_1_314' title='bbox 1009 2803 1066 2851; x_wconf 69' lang='grc' dir='ltr'>ἐν</span> <span class='ocrx_word' id='word_1_315' title='bbox 1106 2801 1206 2869; x_wconf 82' lang='grc' dir='ltr'>μὲν</span> <span class='ocrx_word' id='word_1_316' title='bbox 1239 2800 1319 2870; x_wconf 83' lang='grc' dir='ltr'>τῷ</span> <span class='ocrx_word' id='word_1_317' title='bbox 1353 2801 1550 2871; x_wconf 79' lang='grc' dir='ltr'>βορείῳ</span> <span class='ocrx_word' id='word_1_318' title='bbox 1583 2803 1679 2854; x_wconf 77' lang='grc' dir='ltr'>καὶ</span> <span class='ocrx_word' id='word_1_319' title='bbox 1710 2802 1874 2873; x_wconf 83' lang='grc' dir='ltr'>νοτίῳ</span> 
     </span>
    </p>
   </div>
   <div class='ocr_carea' id='block_1_43' title="bbox 312 2886 1874 2962">
    <p class='ocr_par' dir='ltr' id='par_1_43' title="bbox 312 2886 1874 2962">
     <span class='ocr_line' id='line_1_43' title="bbox 312 2886 1874 2962; baseline 0.003 -24"><span class='ocrx_word' id='word_1_320' title='bbox 312 2886 480 2957; x_wconf 84' lang='grc' dir='ltr'>πόλῳ,</span> <span class='ocrx_word' id='word_1_321' title='bbox 508 2886 631 2940; x_wconf 83' lang='grc' dir='ltr'>ὅθεν</span> <span class='ocrx_word' id='word_1_322' title='bbox 656 2889 684 2940; x_wconf 85' lang='grc' dir='ltr'><strong>ό</strong></span> <span class='ocrx_word' id='word_1_323' title='bbox 715 2888 918 2959; x_wconf 77' lang='grc' dir='ltr'>βορρᾶς</span> <span class='ocrx_word' id='word_1_324' title='bbox 946 2891 1038 2943; x_wconf 78' lang='grc' dir='ltr'><strong>καὶ</strong></span> <span class='ocrx_word' id='word_1_325' title='bbox 1066 2892 1094 2944; x_wconf 85' lang='grc' dir='ltr'><strong>ό</strong></span> <span class='ocrx_word' id='word_1_326' title='bbox 1123 2892 1275 2955; x_wconf 85' lang='grc' dir='ltr'>νότος</span> <span class='ocrx_word' id='word_1_327' title='bbox 1307 2893 1450 2955; x_wconf 87' lang='grc' dir='ltr'>πνεῖ,</span> <span class='ocrx_word' id='word_1_328' title='bbox 1482 2894 1555 2961; x_wconf 80' lang='grc' dir='ltr'>μὴ</span> <span class='ocrx_word' id='word_1_329' title='bbox 1587 2893 1874 2962; x_wconf 78' lang='grc' dir='ltr'>γινόμενος</span> 
     </span>
    </p>
   </div>
   <div class='ocr_carea' id='block_1_44' title="bbox 311 2977 1873 3051">
    <p class='ocr_par' dir='ltr' id='par_1_44' title="bbox 311 2977 1873 3051">
     <span class='ocr_line' id='line_1_44' title="bbox 311 2977 1873 3051; baseline 0.004 -23"><span class='ocrx_word' id='word_1_330' title='bbox 311 2979 340 3028; x_wconf 87' lang='grc' dir='ltr'>ὁ</span> <span class='ocrx_word' id='word_1_331' title='bbox 377 2978 525 3046; x_wconf 80' lang='grc' dir='ltr'>ἥλιος</span> <span class='ocrx_word' id='word_1_332' title='bbox 558 2979 619 3030; x_wconf 82' lang='grc' dir='ltr'>οὐ</span> <span class='ocrx_word' id='word_1_333' title='bbox 655 2977 940 3048; x_wconf 79' lang='grc' dir='ltr'>θερμαίνει</span> <span class='ocrx_word' id='word_1_334' title='bbox 973 2980 1042 3033; x_wconf 75' lang='grc' dir='ltr'><strong>τὰ</strong></span> <span class='ocrx_word' id='word_1_335' title='bbox 1076 2982 1256 3033; x_wconf 77' lang='grc' dir='ltr'>ἐκεῖσε</span> <span class='ocrx_word' id='word_1_336' title='bbox 1292 2981 1467 3051; x_wconf 75' lang='grc' dir='ltr'>χωρία</span> <span class='ocrx_word' id='word_1_337' title='bbox 1489 3023 1504 3046; x_wconf 93' lang='grc'><strong>,</strong></span> <span class='ocrx_word' id='word_1_338' title='bbox 1540 2982 1676 3034; x_wconf 79' lang='grc' dir='ltr'>ἀλλὰ</span> <span class='ocrx_word' id='word_1_339' title='bbox 1721 2983 1873 3049; x_wconf 83' lang='grc' dir='ltr'>μένει</span> 
     </span>
    </p>
   </div>
   <div class='ocr_carea' id='block_1_45' title="bbox 310 3066 1875 3145">
    <p class='ocr_par' dir='ltr' id='par_1_45' title="bbox 310 3066 1875 3145">
     <span class='ocr_line' id='line_1_45' title="bbox 310 3066 1875 3145; baseline 0.005 -28"><span class='ocrx_word' id='word_1_340' title='bbox 310 3066 515 3137; x_wconf 79' lang='grc' dir='ltr'>ψυχρὰ,</span> <span class='ocrx_word' id='word_1_341' title='bbox 538 3068 722 3139; x_wconf 78' lang='grc' dir='ltr'>ψυχρά</span> <span class='ocrx_word' id='word_1_342' title='bbox 746 3070 802 3123; x_wconf 74' lang='grc' dir='ltr'>δὲ</span> <span class='ocrx_word' id='word_1_343' title='bbox 824 3070 949 3123; x_wconf 84' lang='grc' dir='ltr'>δντα</span> <span class='ocrx_word' id='word_1_344' title='bbox 972 3071 1058 3123; x_wconf 82' lang='grc' dir='ltr'><strong>ἀεὶ</strong></span> <span class='ocrx_word' id='word_1_345' title='bbox 1083 3071 1281 3141; x_wconf 81' lang='grc' dir='ltr'>ἔνικμὰ</span> <span class='ocrx_word' id='word_1_346' title='bbox 1304 3074 1461 3136; x_wconf 88' lang='grc' dir='ltr'>είσιν,</span> <span class='ocrx_word' id='word_1_347' title='bbox 1488 3072 1628 3126; x_wconf 82' lang='grc' dir='ltr'>ὥστε</span> <span class='ocrx_word' id='word_1_348' title='bbox 1653 3072 1875 3145; x_wconf 73' lang='grc' dir='ltr'>ὄμϐρων</span> 
     </span>
    </p>
   </div>
   <div class='ocr_carea' id='block_1_46' title="bbox 315 3158 1876 3234">
    <p class='ocr_par' dir='ltr' id='par_1_46' title="bbox 315 3158 1876 3234">
     <span class='ocr_line' id='line_1_46' title="bbox 315 3158 1876 3234; baseline 0.004 -24"><span class='ocrx_word' id='word_1_349' title='bbox 315 3158 529 3211; x_wconf 79' lang='grc' dir='ltr'>πολλῶν</span> <span class='ocrx_word' id='word_1_350' title='bbox 558 3162 867 3228; x_wconf 84' lang='grc' dir='ltr'>γενομένων</span> <span class='ocrx_word' id='word_1_351' title='bbox 896 3162 983 3215; x_wconf 81' lang='grc' dir='ltr'><strong>διὰ</strong></span> <span class='ocrx_word' id='word_1_352' title='bbox 1009 3162 1108 3232; x_wconf 81' lang='grc' dir='ltr'>τὴν</span> <span class='ocrx_word' id='word_1_353' title='bbox 1133 3162 1294 3227; x_wconf 79' lang='grc' dir='ltr'>ψῦξιν</span> <span class='ocrx_word' id='word_1_354' title='bbox 1311 3203 1326 3228; x_wconf 94' lang='grc'><strong>,</strong></span> <span class='ocrx_word' id='word_1_355' title='bbox 1357 3160 1478 3217; x_wconf 76' lang='grc' dir='ltr'>εἶτα</span> <span class='ocrx_word' id='word_1_356' title='bbox 1505 3165 1602 3233; x_wconf 86' lang='grc' dir='ltr'>τῆς</span> <span class='ocrx_word' id='word_1_357' title='bbox 1632 3168 1734 3234; x_wconf 81' lang='grc' dir='ltr'>γῆς</span> <span class='ocrx_word' id='word_1_358' title='bbox 1760 3161 1876 3217; x_wconf 82' lang='grc' dir='ltr'>δια·</span> 
     </span>
    </p>
   </div>
   <div class='ocr_carea' id='block_1_47' title="bbox 313 3251 1875 3326">
    <p class='ocr_par' dir='ltr' id='par_1_47' title="bbox 313 3251 1875 3326">
     <span class='ocr_line' id='line_1_47' title="bbox 313 3251 1875 3326; baseline 0.003 -24"><span class='ocrx_word' id='word_1_359' title='bbox 313 3251 514 3321; x_wconf 68' lang='grc' dir='ltr'>ϐρόχου</span> <span class='ocrx_word' id='word_1_360' title='bbox 562 3253 898 3323; x_wconf 77' lang='grc' dir='ltr'>γενομένης,</span> <span class='ocrx_word' id='word_1_361' title='bbox 950 3254 1120 3324; x_wconf 83' lang='grc' dir='ltr'>πολλὴ</span> <span class='ocrx_word' id='word_1_362' title='bbox 1172 3254 1461 3326; x_wconf 75' lang='grc' dir='ltr'>καπνιίιδης</span> <span class='ocrx_word' id='word_1_363' title='bbox 1509 3254 1875 3325; x_wconf 79' lang='grc' dir='ltr'>ἀναθυμίασις</span> 
     </span>
    </p>
   </div>
   <div class='ocr_carea' id='block_1_48' title="bbox 314 3344 1874 3419">
    <p class='ocr_par' dir='ltr' id='par_1_48' title="bbox 314 3344 1874 3419">
     <span class='ocr_line' id='line_1_48' title="bbox 314 3344 1874 3419; baseline 0.001 -23"><span class='ocrx_word' id='word_1_364' title='bbox 314 3344 655 3409; x_wconf 83' lang='grc' dir='ltr'>ἀναδίδοται,</span> <span class='ocrx_word' id='word_1_365' title='bbox 688 3346 783 3399; x_wconf 80' lang='grc' dir='ltr'>καὶ</span> <span class='ocrx_word' id='word_1_366' title='bbox 813 3346 899 3398; x_wconf 83' lang='grc' dir='ltr'><strong>διὰ</strong></span> <span class='ocrx_word' id='word_1_367' title='bbox 928 3346 1088 3399; x_wconf 74' lang='grc' dir='ltr'>τοῦτο</span> <span class='ocrx_word' id='word_1_368' title='bbox 1124 3349 1344 3419; x_wconf 69' lang='grc' dir='ltr'>σφοδροὶ</span> <span class='ocrx_word' id='word_1_369' title='bbox 1374 3347 1567 3417; x_wconf 77' lang='grc' dir='ltr'>ἄνεμοι</span> <span class='ocrx_word' id='word_1_370' title='bbox 1597 3348 1874 3413; x_wconf 85' lang='grc' dir='ltr'>γίνονται,</span> 
     </span>
    </p>
   </div>
   <div class='ocr_carea' id='block_1_49' title="bbox 313 3435 1879 3507">
    <p class='ocr_par' dir='ltr' id='par_1_49' title="bbox 313 3435 1879 3507">
     <span class='ocr_line' id='line_1_49' title="bbox 313 3435 1879 3507; baseline 0.002 -20"><span class='ocrx_word' id='word_1_371' title='bbox 313 3435 345 3487; x_wconf 83' lang='grc' dir='ltr'><strong>ὅ</strong></span> <span class='ocrx_word' id='word_1_372' title='bbox 368 3452 428 3488; x_wconf 80' lang='grc' dir='ltr'><strong>τε</strong></span> <span class='ocrx_word' id='word_1_373' title='bbox 457 3435 660 3507; x_wconf 72' lang='grc' dir='ltr'>βορρᾶς</span> <span class='ocrx_word' id='word_1_374' title='bbox 690 3440 784 3491; x_wconf 79' lang='grc' dir='ltr'>καὶ</span> <span class='ocrx_word' id='word_1_375' title='bbox 810 3438 838 3490; x_wconf 86' lang='grc' dir='ltr'>ὁ</span> <span class='ocrx_word' id='word_1_376' title='bbox 866 3439 1041 3501; x_wconf 86' lang='grc' dir='ltr'>νότος.</span> <span class='ocrx_word' id='word_1_377' title='bbox 1074 3437 1163 3492; x_wconf 86' lang='grc' dir='ltr'><strong>Ἐν</strong></span> <span class='ocrx_word' id='word_1_378' title='bbox 1187 3440 1245 3492; x_wconf 82' lang='grc' dir='ltr'>δὲ</span> <span class='ocrx_word' id='word_1_379' title='bbox 1270 3441 1384 3502; x_wconf 86' lang='grc' dir='ltr'>τοῖς</span> <span class='ocrx_word' id='word_1_380' title='bbox 1412 3438 1751 3502; x_wconf 82' lang='grc' dir='ltr'>ἀνατολικοῖς</span> <span class='ocrx_word' id='word_1_381' title='bbox 1782 3436 1879 3491; x_wconf 80' lang='grc' dir='ltr'>καὶ</span> 
     </span>
    </p>
   </div>
   <div class='ocr_carea' id='block_1_50' title="bbox 312 3528 1879 3601">
    <p class='ocr_par' dir='ltr' id='par_1_50' title="bbox 312 3528 1879 3601">
     <span class='ocr_line' id='line_1_50' title="bbox 312 3528 1879 3601; baseline 0.001 -21"><span class='ocrx_word' id='word_1_382' title='bbox 312 3528 552 3590; x_wconf 71' lang='grc' dir='ltr'>δυτικεῖς</span> <span class='ocrx_word' id='word_1_383' title='bbox 577 3529 799 3599; x_wconf 79' lang='grc' dir='ltr'>χωρίοις</span> <span class='ocrx_word' id='word_1_384' title='bbox 826 3529 1144 3599; x_wconf 81' lang='grc' dir='ltr'>κινούμενος</span> <span class='ocrx_word' id='word_1_385' title='bbox 1168 3532 1197 3584; x_wconf 86' lang='grc' dir='ltr'><strong>ό</strong></span> <span class='ocrx_word' id='word_1_386' title='bbox 1221 3529 1369 3601; x_wconf 77' lang='grc' dir='ltr'>ἥλιος</span> <span class='ocrx_word' id='word_1_387' title='bbox 1393 3531 1492 3583; x_wconf 84' lang='grc' dir='ltr'>οὐκ</span> <span class='ocrx_word' id='word_1_388' title='bbox 1519 3531 1583 3599; x_wconf 76' lang='grc' dir='ltr'><strong>ἐᾷ</strong></span> <span class='ocrx_word' id='word_1_389' title='bbox 1605 3528 1763 3599; x_wconf 74' lang='grc' dir='ltr'>ψῦξιν</span> <span class='ocrx_word' id='word_1_390' title='bbox 1786 3545 1879 3597; x_wconf 78' lang='grc' dir='ltr'>γε·</span> 
     </span>
    </p>
   </div>
   <div class='ocr_carea' id='block_1_51' title="bbox 314 3619 1879 3693">
    <p class='ocr_par' dir='ltr' id='par_1_51' title="bbox 314 3619 1879 3693">
     <span class='ocr_line' id='line_1_51' title="bbox 314 3619 1879 3693; baseline 0.001 -22"><span class='ocrx_word' id='word_1_391' title='bbox 314 3620 503 3673; x_wconf 84' lang='grc' dir='ltr'>νέσθαι</span> <span class='ocrx_word' id='word_1_392' title='bbox 534 3621 751 3693; x_wconf 82' lang='grc' dir='ltr'>πολλὴν,</span> <span class='ocrx_word' id='word_1_393' title='bbox 784 3623 878 3675; x_wconf 81' lang='grc' dir='ltr'>καὶ</span> <span class='ocrx_word' id='word_1_394' title='bbox 903 3622 990 3676; x_wconf 82' lang='grc' dir='ltr'>διὰ</span> <span class='ocrx_word' id='word_1_395' title='bbox 1019 3622 1178 3674; x_wconf 83' lang='grc' dir='ltr'>τοῦτο</span> <span class='ocrx_word' id='word_1_396' title='bbox 1206 3619 1331 3675; x_wconf 71' lang='grc' dir='ltr'>οὔτε</span> <span class='ocrx_word' id='word_1_397' title='bbox 1361 3622 1524 3684; x_wconf 88' lang='grc' dir='ltr'>πολὺς</span> <span class='ocrx_word' id='word_1_398' title='bbox 1554 3620 1707 3683; x_wconf 78' lang='grc' dir='ltr'>ὑετὸς</span> <span class='ocrx_word' id='word_1_399' title='bbox 1732 3620 1879 3687; x_wconf 85' lang='grc' dir='ltr'>γίνε-</span> 
     </span>
    </p>
   </div>
   <div class='ocr_carea' id='block_1_52' title="bbox 313 3708 1880 3782">
    <p class='ocr_par' dir='ltr' id='par_1_52' title="bbox 313 3708 1880 3782">
     <span class='ocr_line' id='line_1_52' title="bbox 313 3708 1880 3782; baseline -0.001 -20"><span class='ocrx_word' id='word_1_400' title='bbox 313 3725 405 3762; x_wconf 85' lang='grc' dir='ltr'><strong>ται</strong></span> <span class='ocrx_word' id='word_1_401' title='bbox 443 3709 565 3764; x_wconf 80' lang='grc' dir='ltr'>οὔτε</span> <span class='ocrx_word' id='word_1_402' title='bbox 606 3711 773 3782; x_wconf 78' lang='grc' dir='ltr'>πολλὴ</span> <span class='ocrx_word' id='word_1_403' title='bbox 814 3713 847 3780; x_wconf 75' lang='grc' dir='ltr'><strong>ἡ</strong></span> <span class='ocrx_word' id='word_1_404' title='bbox 888 3710 1178 3779; x_wconf 85' lang='grc' dir='ltr'>καπνώδης</span> <span class='ocrx_word' id='word_1_405' title='bbox 1216 3710 1601 3779; x_wconf 80' lang='grc' dir='ltr'>ἀναθυμίασις,</span> <span class='ocrx_word' id='word_1_406' title='bbox 1643 3708 1739 3762; x_wconf 80' lang='grc' dir='ltr'>ἆτε</span> <span class='ocrx_word' id='word_1_407' title='bbox 1778 3708 1880 3777; x_wconf 84' lang='grc' dir='ltr'>τῆς</span> 
     </span>
    </p>
   </div>
   <div class='ocr_carea' id='block_1_53' title="bbox 313 3798 1881 3869">
    <p class='ocr_par' dir='ltr' id='par_1_53' title="bbox 313 3798 1881 3869">
     <span class='ocr_line' id='line_1_53' title="bbox 313 3798 1881 3869; baseline 0.001 -19"><span class='ocrx_word' id='word_1_408' title='bbox 313 3800 420 3867; x_wconf 83' lang='grc' dir='ltr'>γῆς</span> <span class='ocrx_word' id='word_1_409' title='bbox 470 3801 543 3868; x_wconf 80' lang='grc' dir='ltr'>μὴ</span> <span class='ocrx_word' id='word_1_410' title='bbox 586 3798 1037 3869; x_wconf 76' lang='grc' dir='ltr'>διαερεχομένης.</span> <span class='ocrx_word' id='word_1_411' title='bbox 1064 3799 1257 3853; x_wconf 83' lang='grc' dir='ltr'>Ἔνθεν</span> <span class='ocrx_word' id='word_1_412' title='bbox 1292 3817 1376 3858; x_wconf 80' lang='grc' dir='ltr'><strong>τοι</strong></span> <span class='ocrx_word' id='word_1_413' title='bbox 1419 3800 1514 3853; x_wconf 84' lang='grc' dir='ltr'>καὶ</span> <span class='ocrx_word' id='word_1_414' title='bbox 1552 3800 1614 3852; x_wconf 84' lang='grc' dir='ltr'>οὐ</span> <span class='ocrx_word' id='word_1_415' title='bbox 1660 3798 1881 3867; x_wconf 57' lang='grc' dir='ltr'><strong>σφοδροὶ⁵</strong></span> 
     </span>
    </p>
   </div>
   <div class='ocr_carea' id='block_1_54' title="bbox 313 3889 1880 3967">
    <p class='ocr_par' dir='ltr' id='par_1_54' title="bbox 313 3889 1880 3967">
     <span class='ocr_line' id='line_1_54' title="bbox 313 3889 1880 3967; baseline 0.002 -27"><span class='ocrx_word' id='word_1_416' title='bbox 313 3889 558 3967; x_wconf 55' lang='grc' dir='ltr'>γίνοῄαι</span> <span class='ocrx_word' id='word_1_417' title='bbox 601 3889 812 3957; x_wconf 81' lang='grc' dir='ltr'>ἄνεμοι.</span> <span class='ocrx_word' id='word_1_418' title='bbox 852 3890 1014 3943; x_wconf 78' lang='grc' dir='ltr'>Ἀλλὰ</span> <span class='ocrx_word' id='word_1_419' title='bbox 1057 3891 1153 3943; x_wconf 72' lang='grc' dir='ltr'>καὶ</span> <span class='ocrx_word' id='word_1_420' title='bbox 1196 3891 1402 3961; x_wconf 76' lang='grc' dir='ltr'>ἐτήσιοι</span> <span class='ocrx_word' id='word_1_421' title='bbox 1445 3889 1647 3961; x_wconf 82' lang='grc' dir='ltr'>βόρειοι</span> <span class='ocrx_word' id='word_1_422' title='bbox 1687 3890 1880 3958; x_wconf 74' lang='grc' dir='ltr'>ἄνεμοι</span> 
     </span>
    </p>
   </div>
   <div class='ocr_carea' id='block_1_55' title="bbox 313 3979 1876 4051">
    <p class='ocr_par' dir='ltr' id='par_1_55' title="bbox 313 3979 1876 4051">
     <span class='ocr_line' id='line_1_55' title="bbox 313 3979 1876 4051; baseline 0.003 -22"><span class='ocrx_word' id='word_1_423' title='bbox 313 3979 562 4044; x_wconf 87' lang='grc' dir='ltr'>γίνονται</span> <span class='ocrx_word' id='word_1_424' title='bbox 607 3979 728 4048; x_wconf 82' lang='grc' dir='ltr'>μεθ’</span> <span class='ocrx_word' id='word_1_425' title='bbox 756 3979 970 4051; x_wconf 71' lang='grc' dir='ltr'>ἡμέρας</span> <span class='ocrx_word' id='word_1_426' title='bbox 1015 3981 1188 4033; x_wconf 74' lang='grc' dir='ltr'>εἴκοσι</span> <span class='ocrx_word' id='word_1_427' title='bbox 1231 3981 1329 4050; x_wconf 84' lang='grc' dir='ltr'><strong>τῆς</strong></span> <span class='ocrx_word' id='word_1_428' title='bbox 1375 3980 1593 4051; x_wconf 75' lang='grc' dir='ltr'>θερινῆς</span> <span class='ocrx_word' id='word_1_429' title='bbox 1635 3980 1876 4051; x_wconf 67' lang='grc' dir='ltr'>τροπῆς,</span> 
     </span>
    </p>
   </div>
   <div class='ocr_carea' id='block_1_56' title="bbox 318 4068 1880 4142">
    <p class='ocr_par' dir='ltr' id='par_1_56' title="bbox 318 4068 1880 4142">
     <span class='ocr_line' id='line_1_56' title="bbox 318 4068 1880 4142; baseline 0.001 -20"><span class='ocrx_word' id='word_1_430' title='bbox 318 4070 459 4137; x_wconf 81' lang='grc' dir='ltr'>μετὰ</span> <span class='ocrx_word' id='word_1_431' title='bbox 490 4068 589 4139; x_wconf 77' lang='grc' dir='ltr'><strong>τὴν</strong></span> <span class='ocrx_word' id='word_1_432' title='bbox 622 4070 713 4123; x_wconf 83' lang='grc' dir='ltr'>τοῦ</span> <span class='ocrx_word' id='word_1_433' title='bbox 758 4072 1063 4141; x_wconf 82' lang='grc' dir='ltr'>κυνάστρου</span> <span class='ocrx_word' id='word_1_434' title='bbox 1101 4073 1379 4142; x_wconf 76' lang='grc' dir='ltr'>ἐπιτολήν.</span> <span class='ocrx_word' id='word_1_435' title='bbox 1414 4071 1731 4141; x_wconf 81' lang='grc' dir='ltr'>Τηνικαῦτα</span> <span class='ocrx_word' id='word_1_436' title='bbox 1771 4071 1880 4141; x_wconf 82' lang='grc' dir='ltr'>γὰρ</span> 
     </span>
    </p>
   </div>
   <div class='ocr_carea' id='block_1_57' title="bbox 312 4158 1878 4234">
    <p class='ocr_par' dir='ltr' id='par_1_57' title="bbox 312 4158 1878 4234">
     <span class='ocr_line' id='line_1_57' title="bbox 312 4158 1878 4234; baseline 0.003 -22"><span class='ocrx_word' id='word_1_437' title='bbox 312 4164 416 4227; x_wconf 82' lang='grc' dir='ltr'>τῆς</span> <span class='ocrx_word' id='word_1_438' title='bbox 448 4162 624 4231; x_wconf 87' lang='grc' dir='ltr'>χιόνος</span> <span class='ocrx_word' id='word_1_439' title='bbox 657 4162 920 4234; x_wconf 83' lang='grc' dir='ltr'>λυομένης</span> <span class='ocrx_word' id='word_1_440' title='bbox 949 4158 1112 4233; x_wconf 83' lang='grc' dir='ltr'>αὖραι</span> <span class='ocrx_word' id='word_1_441' title='bbox 1142 4162 1383 4231; x_wconf 87' lang='grc' dir='ltr'>γίνονται</span> <span class='ocrx_word' id='word_1_442' title='bbox 1410 4163 1621 4233; x_wconf 77' lang='grc' dir='ltr'>ψυχραὶ</span> <span class='ocrx_word' id='word_1_443' title='bbox 1653 4163 1878 4233; x_wconf 87' lang='grc' dir='ltr'>βόρειοι.</span> 
     </span>
    </p>
   </div>
   <div class='ocr_carea' id='block_1_58' title="bbox 315 4253 1882 4326">
    <p class='ocr_par' dir='ltr' id='par_1_58' title="bbox 315 4253 1882 4326">
     <span class='ocr_line' id='line_1_58' title="bbox 315 4253 1882 4326; baseline 0.001 -20"><span class='ocrx_word' id='word_1_444' title='bbox 315 4254 428 4308; x_wconf 78' lang='grc' dir='ltr'><strong>Καὶ</strong></span> <span class='ocrx_word' id='word_1_445' title='bbox 463 4253 651 4307; x_wconf 87' lang='grc' dir='ltr'>τούτου</span> <span class='ocrx_word' id='word_1_446' title='bbox 686 4255 847 4326; x_wconf 86' lang='grc' dir='ltr'>χάριν</span> <span class='ocrx_word' id='word_1_447' title='bbox 878 4257 927 4308; x_wconf 83' lang='grc' dir='ltr'>οἱ</span> <span class='ocrx_word' id='word_1_448' title='bbox 960 4255 1340 4325; x_wconf 83' lang='grc' dir='ltr'>διαληφθέντες</span> <span class='ocrx_word' id='word_1_449' title='bbox 1374 4254 1563 4325; x_wconf 80' lang='grc' dir='ltr'>ἄνεμοι</span> <span class='ocrx_word' id='word_1_450' title='bbox 1596 4255 1674 4325; x_wconf 83' lang='grc' dir='ltr'>τῷ</span> <span class='ocrx_word' id='word_1_451' title='bbox 1706 4254 1882 4324; x_wconf 81' lang='grc' dir='ltr'>καιρῷ</span> 
     </span>
    </p>
   </div>
   <div class='ocr_carea' id='block_1_59' title="bbox 312 4344 1883 4419">
    <p class='ocr_par' dir='ltr' id='par_1_59' title="bbox 312 4344 1883 4419">
     <span class='ocr_line' id='line_1_59' title="bbox 312 4344 1883 4419; baseline -0.001 -22"><span class='ocrx_word' id='word_1_452' title='bbox 312 4345 495 4415; x_wconf 83' lang='grc' dir='ltr'>τούτῳ</span> <span class='ocrx_word' id='word_1_453' title='bbox 549 4345 669 4398; x_wconf 81' lang='grc' dir='ltr'>καθ’</span> <span class='ocrx_word' id='word_1_454' title='bbox 700 4347 929 4400; x_wconf 70' lang='grc' dir='ltr'>ἕκαστον</span> <span class='ocrx_word' id='word_1_455' title='bbox 979 4346 1099 4408; x_wconf 70' lang='grc' dir='ltr'>ἔτος</span> <span class='ocrx_word' id='word_1_456' title='bbox 1149 4346 1486 4419; x_wconf 81' lang='grc' dir='ltr'>ἀπάρχονται</span> <span class='ocrx_word' id='word_1_457' title='bbox 1544 4346 1719 4399; x_wconf 80' lang='grc' dir='ltr'>πνεῖν.</span> <span class='ocrx_word' id='word_1_458' title='bbox 1771 4344 1883 4397; x_wconf 77' lang='grc' dir='ltr'><strong>Καὶ</strong></span> 
     </span>
    </p>
   </div>
   <div class='ocr_carea' id='block_1_60' title="bbox 315 4437 1882 4510">
    <p class='ocr_par' dir='ltr' id='par_1_60' title="bbox 315 4437 1882 4510">
     <span class='ocr_line' id='line_1_60' title="bbox 315 4437 1882 4510; baseline 0.003 -23"><span class='ocrx_word' id='word_1_459' title='bbox 315 4439 448 4505; x_wconf 74' lang='grc' dir='ltr'>περὶ</span> <span class='ocrx_word' id='word_1_460' title='bbox 499 4438 598 4506; x_wconf 71' lang='grc' dir='ltr'>μὶν</span> <span class='ocrx_word' id='word_1_461' title='bbox 634 4438 840 4491; x_wconf 85' lang='grc' dir='ltr'>τούτων</span> <span class='ocrx_word' id='word_1_462' title='bbox 878 4438 1090 4510; x_wconf 72' lang='grc' dir='ltr'>οὕτως.ι</span> <span class='ocrx_word' id='word_1_463' title='bbox 1114 4439 1350 4508; x_wconf 68' lang='grc' dir='ltr'><strong>ΙἌνεμον</strong></span> <span class='ocrx_word' id='word_1_464' title='bbox 1387 4438 1445 4491; x_wconf 73' lang='grc' dir='ltr'>δὲ</span> <span class='ocrx_word' id='word_1_465' title='bbox 1487 4437 1616 4509; x_wconf 84' lang='grc' dir='ltr'>παρ’</span> <span class='ocrx_word' id='word_1_466' title='bbox 1660 4437 1882 4507; x_wconf 80' lang='grc' dir='ltr'>Ὁμήρῳ</span> 
     </span>
    </p>
   </div>
   <div class='ocr_carea' id='block_1_61' title="bbox 1970 1975 3533 2047">
    <p class='ocr_par' dir='ltr' id='par_1_61' title="bbox 1970 1975 3533 2047">
     <span class='ocr_line' id='line_1_61' title="bbox 1970 1975 3533 2047; baseline -0.004 -14"><span class='ocrx_word' id='word_1_467' title='bbox 1970 1980 2147 2033; x_wconf 82' lang='lat' dir='ltr'><strong>fumea</strong></span> <span class='ocrx_word' id='word_1_468' title='bbox 2190 1978 2343 2047; x_wconf 87' lang='lat' dir='ltr'><strong>quasi</strong></span> <span class='ocrx_word' id='word_1_469' title='bbox 2382 1977 2614 2047; x_wconf 81' lang='lat' dir='ltr'><strong>quadam</strong></span> <span class='ocrx_word' id='word_1_470' title='bbox 2673 1976 3059 2046; x_wconf 81' lang='lat' dir='ltr'><strong>evaporatione</strong></span> <span class='ocrx_word' id='word_1_471' title='bbox 3108 1984 3325 2029; x_wconf 85' lang='lat' dir='ltr'><strong>ventum</strong></span> <span class='ocrx_word' id='word_1_472' title='bbox 3387 1975 3533 2044; x_wconf 63' lang='lat' dir='ltr'><strong>gigni</strong></span> 
     </span>
    </p>
   </div>
   <div class='ocr_carea' id='block_1_62' title="bbox 1969 2065 3536 2138">
    <p class='ocr_par' dir='ltr' id='par_1_62' title="bbox 1969 2065 3536 2138">
     <span class='ocr_line' id='line_1_62' title="bbox 1969 2065 3536 2138; baseline -0.003 -15"><span class='ocrx_word' id='word_1_473' title='bbox 1969 2069 2400 2138; x_wconf 86' lang='lat' dir='ltr'><strong>dicunt,quibus</strong></span> <span class='ocrx_word' id='word_1_474' title='bbox 2455 2068 2653 2122; x_wconf 85' lang='lat' dir='ltr'><strong>habere</strong></span> <span class='ocrx_word' id='word_1_475' title='bbox 2690 2078 2739 2121; x_wconf 88' lang='lat' dir='ltr'><strong>te</strong></span> <span class='ocrx_word' id='word_1_476' title='bbox 2798 2067 2955 2120; x_wconf 81' lang='lat' dir='ltr'><strong>fidem</strong></span> <span class='ocrx_word' id='word_1_477' title='bbox 3008 2065 3152 2120; x_wconf 85' lang='lat' dir='ltr'><strong>volo.</strong></span> <span class='ocrx_word' id='word_1_478' title='bbox 3212 2066 3345 2120; x_wconf 76' lang='lat' dir='ltr'><strong>Nam</strong></span> <span class='ocrx_word' id='word_1_479' title='bbox 3395 2068 3536 2118; x_wconf 72' lang='lat' dir='ltr'><strong>aeris</strong></span> 
     </span>
    </p>
   </div>
   <div class='ocr_carea' id='block_1_63' title="bbox 1972 2156 3531 2226">
    <p class='ocr_par' dir='ltr' id='par_1_63' title="bbox 1972 2156 3531 2226">
     <span class='ocr_line' id='line_1_63' title="bbox 1972 2156 3531 2226; baseline -0.003 -16"><span class='ocrx_word' id='word_1_480' title='bbox 1972 2160 2139 2210; x_wconf 89' lang='lat' dir='ltr'><strong>motio</strong></span> <span class='ocrx_word' id='word_1_481' title='bbox 2170 2157 2410 2226; x_wconf 89' lang='lat' dir='ltr'><strong>quietior</strong></span> <span class='ocrx_word' id='word_1_482' title='bbox 2429 2166 2511 2210; x_wconf 88' lang='lat' dir='ltr'><strong>est</strong></span> <span class='ocrx_word' id='word_1_483' title='bbox 2542 2171 2604 2210; x_wconf 88' lang='lat' dir='ltr'><strong>ac</strong></span> <span class='ocrx_word' id='word_1_484' title='bbox 2636 2157 2875 2219; x_wconf 87' lang='lat' dir='ltr'><strong>mollior,</strong></span> <span class='ocrx_word' id='word_1_485' title='bbox 2903 2156 3214 2220; x_wconf 69' lang='lat' dir='ltr'><strong>ventivero</strong></span> <span class='ocrx_word' id='word_1_486' title='bbox 3240 2158 3531 2209; x_wconf 77' lang='lat' dir='ltr'><strong>vehemen-</strong></span> 
     </span>
    </p>
   </div>
   <div class='ocr_carea' id='block_1_64' title="bbox 1970 2245 3537 2319">
    <p class='ocr_par' dir='ltr' id='par_1_64' title="bbox 1970 2245 3537 2319">
     <span class='ocr_line' id='line_1_64' title="bbox 1970 2245 3537 2319; baseline -0.002 -19"><span class='ocrx_word' id='word_1_487' title='bbox 1970 2249 2097 2313; x_wconf 89' lang='lat' dir='ltr'><strong>tior,</strong></span> <span class='ocrx_word' id='word_1_488' title='bbox 2137 2248 2342 2319; x_wconf 84' lang='lat' dir='ltr'><strong>majore</strong></span> <span class='ocrx_word' id='word_1_489' title='bbox 2371 2248 2423 2301; x_wconf 92' lang='lat' dir='ltr'><strong>vi</strong></span> <span class='ocrx_word' id='word_1_490' title='bbox 2453 2257 2616 2316; x_wconf 83' lang='lat' dir='ltr'><strong>atque</strong></span> <span class='ocrx_word' id='word_1_491' title='bbox 2652 2247 2857 2317; x_wconf 85' lang='lat' dir='ltr'><strong>impetu</strong></span> <span class='ocrx_word' id='word_1_492' title='bbox 2909 2247 3142 2300; x_wconf 89' lang='lat' dir='ltr'><strong>ruentis.</strong></span> <span class='ocrx_word' id='word_1_493' title='bbox 3195 2245 3379 2300; x_wconf 80' lang='lat' dir='ltr'><strong>PutCSt</strong></span> <span class='ocrx_word' id='word_1_494' title='bbox 3436 2247 3537 2298; x_wconf 81' lang='lat' dir='ltr'><strong>lim:</strong></span> 
     </span>
    </p>
   </div>
   <div class='ocr_carea' id='block_1_65' title="bbox 1972 2340 3534 2409">
    <p class='ocr_par' dir='ltr' id='par_1_65' title="bbox 1972 2340 3534 2409">
     <span class='ocr_line' id='line_1_65' title="bbox 1972 2340 3534 2409; baseline -0.001 -17"><span class='ocrx_word' id='word_1_495' title='bbox 1972 2340 2102 2409; x_wconf 81' lang='lat' dir='ltr'><strong>ipsis</strong></span> <span class='ocrx_word' id='word_1_496' title='bbox 2131 2355 2197 2394; x_wconf 84' lang='lat' dir='ltr'><strong>cx</strong></span> <span class='ocrx_word' id='word_1_497' title='bbox 2230 2340 2469 2395; x_wconf 83' lang='lat' dir='ltr'><strong>motibus</strong></span> <span class='ocrx_word' id='word_1_498' title='bbox 2500 2349 2658 2394; x_wconf 73' lang='lat' dir='ltr'><strong>terrae</strong></span> <span class='ocrx_word' id='word_1_499' title='bbox 2698 2342 2955 2409; x_wconf 81' lang='lat' dir='ltr'><strong>cognosci</strong></span> <span class='ocrx_word' id='word_1_500' title='bbox 2989 2356 3000 2391; x_wconf 91' lang='lat'><strong>:</strong></span> <span class='ocrx_word' id='word_1_501' title='bbox 3034 2340 3171 2393; x_wconf 80' lang='lat' dir='ltr'><strong>nihil</strong></span> <span class='ocrx_word' id='word_1_502' title='bbox 3219 2340 3363 2393; x_wconf 86' lang='lat' dir='ltr'><strong>enim</strong></span> <span class='ocrx_word' id='word_1_503' title='bbox 3390 2340 3534 2392; x_wconf 79' lang='lat' dir='ltr'><strong>aliud</strong></span> 
     </span>
    </p>
   </div>
   <div class='ocr_carea' id='block_1_66' title="bbox 1972 2432 3535 2502">
    <p class='ocr_par' dir='ltr' id='par_1_66' title="bbox 1972 2432 3535 2502">
     <span class='ocr_line' id='line_1_66' title="bbox 1972 2432 3535 2502; baseline -0.001 -16"><span class='ocrx_word' id='word_1_504' title='bbox 1972 2443 2055 2486; x_wconf 83' lang='lat' dir='ltr'><strong>est</strong></span> <span class='ocrx_word' id='word_1_505' title='bbox 2090 2443 2427 2487; x_wconf 72' lang='lat' dir='ltr'><strong>terrtemotus</strong></span> <span class='ocrx_word' id='word_1_506' title='bbox 2456 2448 2615 2502; x_wconf 86' lang='lat' dir='ltr'><strong>quam</strong></span> <span class='ocrx_word' id='word_1_507' title='bbox 2669 2436 3346 2497; x_wconf 38' lang='lat' dir='ltr'><strong>ventus,snbterreanens.</strong></span> <span class='ocrx_word' id='word_1_508' title='bbox 3397 2432 3535 2487; x_wconf 90' lang='lat' dir='ltr'><strong>Cum</strong></span> 
     </span>
    </p>
   </div>
   <div class='ocr_carea' id='block_1_67' title="bbox 1974 2524 3539 2595">
    <p class='ocr_par' dir='ltr' id='par_1_67' title="bbox 1974 2524 3539 2595">
     <span class='ocr_line' id='line_1_67' title="bbox 1974 2524 3539 2595; baseline 0.001 -19"><span class='ocrx_word' id='word_1_509' title='bbox 1974 2532 2155 2577; x_wconf 88' lang='lat' dir='ltr'><strong>autem</strong></span> <span class='ocrx_word' id='word_1_510' title='bbox 2222 2533 2460 2593; x_wconf 86' lang='lat' dir='ltr'><strong>quatuor</strong></span> <span class='ocrx_word' id='word_1_511' title='bbox 2518 2524 2627 2578; x_wconf 90' lang='lat' dir='ltr'><strong>sint</strong></span> <span class='ocrx_word' id='word_1_512' title='bbox 2670 2526 2752 2591; x_wconf 93' lang='lat' dir='ltr'><strong>(ut</strong></span> <span class='ocrx_word' id='word_1_513' title='bbox 2808 2525 2881 2578; x_wconf 87' lang='lat' dir='ltr'><strong>ita</strong></span> <span class='ocrx_word' id='word_1_514' title='bbox 2927 2525 3140 2595; x_wconf 90' lang='lat' dir='ltr'><strong>loquar)</strong></span> <span class='ocrx_word' id='word_1_515' title='bbox 3197 2525 3539 2579; x_wconf 78' lang='lat' dir='ltr'><strong>universales</strong></span> 
     </span>
    </p>
   </div>
   <div class='ocr_carea' id='block_1_68' title="bbox 1973 2612 3537 2682">
    <p class='ocr_par' dir='ltr' id='par_1_68' title="bbox 1973 2612 3537 2682">
     <span class='ocr_line' id='line_1_68' title="bbox 1973 2612 3537 2682; baseline 0.001 -19"><span class='ocrx_word' id='word_1_516' title='bbox 1973 2612 2146 2673; x_wconf 85' lang='lat' dir='ltr'><strong>venti,</strong></span> <span class='ocrx_word' id='word_1_517' title='bbox 2179 2612 2505 2666; x_wconf 89' lang='lat' dir='ltr'><strong>subsolanus</strong></span> <span class='ocrx_word' id='word_1_518' title='bbox 2537 2614 2757 2682; x_wconf 83' lang='lat' dir='ltr'><strong>quidem</strong></span> <span class='ocrx_word' id='word_1_519' title='bbox 2808 2627 2870 2665; x_wconf 88' lang='lat' dir='ltr'><strong>ac</strong></span> <span class='ocrx_word' id='word_1_520' title='bbox 2899 2613 3150 2666; x_wconf 79' lang='lat' dir='ltr'><strong>favonius</strong></span> <span class='ocrx_word' id='word_1_521' title='bbox 3194 2630 3301 2666; x_wconf 89' lang='lat' dir='ltr'><strong>non</strong></span> <span class='ocrx_word' id='word_1_522' title='bbox 3353 2614 3537 2666; x_wconf 79' lang='lat' dir='ltr'><strong>admo-</strong></span> 
     </span>
    </p>
   </div>
   <div class='ocr_carea' id='block_1_69' title="bbox 1973 2703 3538 2774">
    <p class='ocr_par' dir='ltr' id='par_1_69' title="bbox 1973 2703 3538 2774">
     <span class='ocr_line' id='line_1_69' title="bbox 1973 2703 3538 2774; baseline -0.001 -16"><span class='ocrx_word' id='word_1_523' title='bbox 1973 2703 2103 2758; x_wconf 86' lang='lat' dir='ltr'><strong>dum</strong></span> <span class='ocrx_word' id='word_1_524' title='bbox 2136 2703 2487 2759; x_wconf 84' lang='lat' dir='ltr'><strong>vchetnentes</strong></span> <span class='ocrx_word' id='word_1_525' title='bbox 2515 2714 2663 2767; x_wconf 89' lang='lat' dir='ltr'><strong>sunt,</strong></span> <span class='ocrx_word' id='word_1_526' title='bbox 2696 2704 2880 2774; x_wconf 86' lang='lat' dir='ltr'><strong>aquilo</strong></span> <span class='ocrx_word' id='word_1_527' title='bbox 2918 2719 3044 2758; x_wconf 84' lang='lat' dir='ltr'><strong>vero</strong></span> <span class='ocrx_word' id='word_1_528' title='bbox 3104 2716 3158 2759; x_wconf 86' lang='lat' dir='ltr'><strong>et</strong></span> <span class='ocrx_word' id='word_1_529' title='bbox 3204 2715 3389 2759; x_wconf 89' lang='lat' dir='ltr'><strong>auster</strong></span> <span class='ocrx_word' id='word_1_530' title='bbox 3435 2706 3538 2758; x_wconf 79' lang='lat' dir='ltr'><strong>iiu-</strong></span> 
     </span>
    </p>
   </div>
   <div class='ocr_carea' id='block_1_70' title="bbox 1974 2784 3540 2866">
    <p class='ocr_par' dir='ltr' id='par_1_70' title="bbox 1974 2784 3540 2866">
     <span class='ocr_line' id='line_1_70' title="bbox 1974 2784 3540 2866; baseline 0.001 -16"><span class='ocrx_word' id='word_1_531' title='bbox 1974 2805 2101 2866; x_wconf 90' lang='lat' dir='ltr'><strong>petu</strong></span> <span class='ocrx_word' id='word_1_532' title='bbox 2133 2810 2196 2850; x_wconf 89' lang='lat' dir='ltr'><strong>ac</strong></span> <span class='ocrx_word' id='word_1_533' title='bbox 2226 2797 2276 2850; x_wconf 89' lang='lat' dir='ltr'><strong>vi</strong></span> <span class='ocrx_word' id='word_1_534' title='bbox 2304 2784 2531 2850; x_wconf 79' lang='lat' dir='ltr'><strong>maxima</strong></span> <span class='ocrx_word' id='word_1_535' title='bbox 2566 2807 2751 2852; x_wconf 89' lang='lat' dir='ltr'><strong>ruunt.</strong></span> <span class='ocrx_word' id='word_1_536' title='bbox 2798 2797 2930 2851; x_wconf 85' lang='lat' dir='ltr'><strong>Nam</strong></span> <span class='ocrx_word' id='word_1_537' title='bbox 2981 2813 3103 2851; x_wconf 90' lang='lat' dir='ltr'><strong>cum</strong></span> <span class='ocrx_word' id='word_1_538' title='bbox 3140 2798 3274 2852; x_wconf 87' lang='lat' dir='ltr'><strong>locis</strong></span> <span class='ocrx_word' id='word_1_539' title='bbox 3331 2800 3540 2865; x_wconf 86' lang='lat' dir='ltr'><strong>aquilo-</strong></span> 
     </span>
    </p>
   </div>
   <div class='ocr_carea' id='block_1_71' title="bbox 1978 2882 3541 2957">
    <p class='ocr_par' dir='ltr' id='par_1_71' title="bbox 1978 2882 3541 2957">
     <span class='ocr_line' id='line_1_71' title="bbox 1978 2882 3541 2957; baseline 0 -16"><span class='ocrx_word' id='word_1_540' title='bbox 1978 2887 2087 2941; x_wconf 89' lang='lat' dir='ltr'><strong>nali</strong></span> <span class='ocrx_word' id='word_1_541' title='bbox 2111 2885 2448 2955; x_wconf 86' lang='lat' dir='ltr'><strong>australique</strong></span> <span class='ocrx_word' id='word_1_542' title='bbox 2508 2887 2636 2956; x_wconf 88' lang='lat' dir='ltr'><strong>polo</strong></span> <span class='ocrx_word' id='word_1_543' title='bbox 2675 2886 2963 2957; x_wconf 85' lang='lat' dir='ltr'><strong>subjectis,</strong></span> <span class='ocrx_word' id='word_1_544' title='bbox 3022 2882 3171 2940; x_wconf 83' lang='lat' dir='ltr'><strong>unde</strong></span> <span class='ocrx_word' id='word_1_545' title='bbox 3210 2898 3316 2940; x_wconf 86' lang='lat' dir='ltr'><strong>tam</strong></span> <span class='ocrx_word' id='word_1_546' title='bbox 3358 2886 3541 2957; x_wconf 70' lang='lat' dir='ltr'><strong>aquilo</strong></span> 
     </span>
    </p>
   </div>
   <div class='ocr_carea' id='block_1_72' title="bbox 1975 2978 3541 3048">
    <p class='ocr_par' dir='ltr' id='par_1_72' title="bbox 1975 2978 3541 3048">
     <span class='ocr_line' id='line_1_72' title="bbox 1975 2978 3541 3048; baseline 0.004 -18"><span class='ocrx_word' id='word_1_547' title='bbox 1975 2993 2135 3048; x_wconf 88' lang='lat' dir='ltr'><strong>quam</strong></span> <span class='ocrx_word' id='word_1_548' title='bbox 2157 2986 2340 3032; x_wconf 89' lang='lat' dir='ltr'><strong>auster</strong></span> <span class='ocrx_word' id='word_1_549' title='bbox 2372 2978 2645 3041; x_wconf 85' lang='lat' dir='ltr'><strong>oriuntur,</strong></span> <span class='ocrx_word' id='word_1_550' title='bbox 2671 2979 2801 3033; x_wconf 88' lang='lat' dir='ltr'><strong>solis</strong></span> <span class='ocrx_word' id='word_1_551' title='bbox 2824 2980 3284 3048; x_wconf 69' lang='lat' dir='ltr'><strong>desitfprzesentia,</strong></span> <span class='ocrx_word' id='word_1_552' title='bbox 3315 2997 3541 3037; x_wconf 84' lang='lat' dir='ltr'><strong>necesse</strong></span> 
     </span>
    </p>
   </div>
   <div class='ocr_carea' id='block_1_73' title="bbox 1975 3068 3541 3141">
    <p class='ocr_par' dir='ltr' id='par_1_73' title="bbox 1975 3068 3541 3141">
     <span class='ocr_line' id='line_1_73' title="bbox 1975 3068 3541 3141; baseline 0.001 -18"><span class='ocrx_word' id='word_1_553' title='bbox 1975 3077 2145 3123; x_wconf 84' lang='lat' dir='ltr'><strong>estea</strong></span> <span class='ocrx_word' id='word_1_554' title='bbox 2176 3068 2359 3122; x_wconf 90' lang='lat' dir='ltr'><strong>minus</strong></span> <span class='ocrx_word' id='word_1_555' title='bbox 2380 3068 2733 3141; x_wconf 86' lang='lat' dir='ltr'><strong>incalescere,</strong></span> <span class='ocrx_word' id='word_1_556' title='bbox 2790 3082 3115 3138; x_wconf 88' lang='lat' dir='ltr'><strong>semperque</strong></span> <span class='ocrx_word' id='word_1_557' title='bbox 3151 3081 3265 3123; x_wconf 88' lang='lat' dir='ltr'><strong>tum</strong></span> <span class='ocrx_word' id='word_1_558' title='bbox 3322 3071 3541 3140; x_wconf 79' lang='lat' dir='ltr'><strong>frigoris</strong></span> 
     </span>
    </p>
   </div>
   <div class='ocr_carea' id='block_1_74' title="bbox 1903 3160 3541 3253">
    <p class='ocr_par' dir='ltr' id='par_1_74' title="bbox 1903 3160 3541 3253">
     <span class='ocr_line' id='line_1_74' title="bbox 1903 3160 3541 3253; baseline 0.001 -38"><span class='ocrx_word' id='word_1_559' title='bbox 1903 3196 1945 3253; x_wconf 63' lang='grc' dir='ltr'>ϐ</span> <span class='ocrx_word' id='word_1_560' title='bbox 1977 3160 2133 3230; x_wconf 89' lang='lat' dir='ltr'><strong>copia</strong></span> <span class='ocrx_word' id='word_1_561' title='bbox 2168 3171 2283 3213; x_wconf 87' lang='lat' dir='ltr'><strong>tum</strong></span> <span class='ocrx_word' id='word_1_562' title='bbox 2321 3160 2566 3215; x_wconf 87' lang='lat' dir='ltr'><strong>humoris</strong></span> <span class='ocrx_word' id='word_1_563' title='bbox 2614 3160 2918 3219; x_wconf 86' lang='lat' dir='ltr'><strong>abundare.</strong></span> <span class='ocrx_word' id='word_1_564' title='bbox 2968 3161 3087 3227; x_wconf 87' lang='lat' dir='ltr'><strong>Quo</strong></span> <span class='ocrx_word' id='word_1_565' title='bbox 3112 3162 3167 3215; x_wconf 90' lang='lat' dir='ltr'><strong>fit</strong></span> <span class='ocrx_word' id='word_1_566' title='bbox 3204 3172 3263 3216; x_wconf 90' lang='lat' dir='ltr'><strong>ut</strong></span> <span class='ocrx_word' id='word_1_567' title='bbox 3316 3175 3541 3233; x_wconf 87' lang='lat' dir='ltr'><strong>propter</strong></span> 
     </span>
    </p>
   </div>
   <div class='ocr_carea' id='block_1_75' title="bbox 1978 3250 3545 3326">
    <p class='ocr_par' dir='ltr' id='par_1_75' title="bbox 1978 3250 3545 3326">
     <span class='ocr_line' id='line_1_75' title="bbox 1978 3250 3545 3326; baseline 0.004 -22"><span class='ocrx_word' id='word_1_568' title='bbox 1978 3250 2332 3321; x_wconf 87' lang='lat' dir='ltr'><strong>frigidilatem</strong></span> <span class='ocrx_word' id='word_1_569' title='bbox 2370 3252 2578 3305; x_wconf 82' lang='lat' dir='ltr'><strong>exortis</strong></span> <span class='ocrx_word' id='word_1_570' title='bbox 2633 3251 2950 3321; x_wconf 84' lang='lat' dir='ltr'><strong>frequenter</strong></span> <span class='ocrx_word' id='word_1_571' title='bbox 2983 3253 3251 3309; x_wconf 85' lang='lat' dir='ltr'><strong>imbribus</strong></span> <span class='ocrx_word' id='word_1_572' title='bbox 3293 3256 3545 3326; x_wconf 78' lang='lat' dir='ltr'><strong>irrigatu-</strong></span> 
     </span>
    </p>
   </div>
   <div class='ocr_carea' id='block_1_76' title="bbox 1976 3342 3543 3417">
    <p class='ocr_par' dir='ltr' id='par_1_76' title="bbox 1976 3342 3543 3417">
     <span class='ocr_line' id='line_1_76' title="bbox 1976 3342 3543 3417; baseline 0.004 -20"><span class='ocrx_word' id='word_1_573' title='bbox 1976 3358 2082 3412; x_wconf 90' lang='lat' dir='ltr'><strong>que</strong></span> <span class='ocrx_word' id='word_1_574' title='bbox 2109 3342 2406 3412; x_wconf 90' lang='lat' dir='ltr'><strong>plurimum</strong></span> <span class='ocrx_word' id='word_1_575' title='bbox 2431 3351 2573 3398; x_wconf 87' lang='lat' dir='ltr'><strong>terra</strong></span> <span class='ocrx_word' id='word_1_576' title='bbox 2605 3343 2813 3413; x_wconf 80' lang='lat' dir='ltr'><strong>capiosi</strong></span> <span class='ocrx_word' id='word_1_577' title='bbox 2839 3344 3118 3415; x_wconf 89' lang='lat' dir='ltr'><strong>fumeique</strong></span> <span class='ocrx_word' id='word_1_578' title='bbox 3162 3362 3392 3417; x_wconf 84' lang='lat' dir='ltr'><strong>vapores</strong></span> <span class='ocrx_word' id='word_1_579' title='bbox 3416 3350 3543 3404; x_wconf 70' lang='lat' dir='ltr'><strong>isric</strong></span> 
     </span>
    </p>
   </div>
   <div class='ocr_carea' id='block_1_77' title="bbox 1980 3435 3542 3511">
    <p class='ocr_par' dir='ltr' id='par_1_77' title="bbox 1980 3435 3542 3511">
     <span class='ocr_line' id='line_1_77' title="bbox 1980 3435 3542 3511; baseline 0.005 -22"><span class='ocrx_word' id='word_1_580' title='bbox 1980 3436 2300 3501; x_wconf 86' lang='lat' dir='ltr'><strong>ascendant,</strong></span> <span class='ocrx_word' id='word_1_581' title='bbox 2328 3435 2395 3491; x_wconf 88' lang='lat' dir='ltr'><strong>de</strong></span> <span class='ocrx_word' id='word_1_582' title='bbox 2430 3435 2633 3506; x_wconf 87' lang='lat' dir='ltr'><strong>quibus</strong></span> <span class='ocrx_word' id='word_1_583' title='bbox 2667 3437 2851 3506; x_wconf 86' lang='lat' dir='ltr'><strong>aquilo</strong></span> <span class='ocrx_word' id='word_1_584' title='bbox 2881 3447 2936 3492; x_wconf 91' lang='lat' dir='ltr'><strong>et</strong></span> <span class='ocrx_word' id='word_1_585' title='bbox 2963 3447 3167 3504; x_wconf 86' lang='lat' dir='ltr'><strong>auster,</strong></span> <span class='ocrx_word' id='word_1_586' title='bbox 3206 3441 3351 3495; x_wconf 78' lang='lat' dir='ltr'><strong>venti</strong></span> <span class='ocrx_word' id='word_1_587' title='bbox 3381 3441 3542 3511; x_wconf 77' lang='lat' dir='ltr'><strong>longe</strong></span> 
     </span>
    </p>
   </div>
   <div class='ocr_carea' id='block_1_78' title="bbox 1976 3527 3545 3597">
    <p class='ocr_par' dir='ltr' id='par_1_78' title="bbox 1976 3527 3545 3597">
     <span class='ocr_line' id='line_1_78' title="bbox 1976 3527 3545 3597; baseline 0.006 -17"><span class='ocrx_word' id='word_1_588' title='bbox 1976 3528 2441 3583; x_wconf 85' lang='lat' dir='ltr'><strong>vehementissimi</strong></span> <span class='ocrx_word' id='word_1_589' title='bbox 2468 3529 2789 3597; x_wconf 88' lang='lat' dir='ltr'><strong>gignuntur.</strong></span> <span class='ocrx_word' id='word_1_590' title='bbox 2817 3527 2858 3583; x_wconf 85' lang='lat' dir='ltr'><strong>E</strong></span> <span class='ocrx_word' id='word_1_591' title='bbox 2880 3530 3101 3586; x_wconf 87' lang='lat' dir='ltr'><strong>diverso</strong></span> <span class='ocrx_word' id='word_1_592' title='bbox 3156 3548 3279 3586; x_wconf 85' lang='lat' dir='ltr'><strong>cum</strong></span> <span class='ocrx_word' id='word_1_593' title='bbox 3313 3534 3367 3587; x_wconf 91' lang='lat' dir='ltr'><strong>in</strong></span> <span class='ocrx_word' id='word_1_594' title='bbox 3410 3537 3545 3590; x_wconf 88' lang='lat' dir='ltr'><strong>locis</strong></span> 
     </span>
    </p>
   </div>
   <div class='ocr_carea' id='block_1_79' title="bbox 1978 3618 3543 3690">
    <p class='ocr_par' dir='ltr' id='par_1_79' title="bbox 1978 3618 3543 3690">
     <span class='ocr_line' id='line_1_79' title="bbox 1978 3618 3543 3690; baseline 0.006 -19"><span class='ocrx_word' id='word_1_595' title='bbox 1978 3618 2334 3672; x_wconf 87' lang='lat' dir='ltr'><strong>orientalibus</strong></span> <span class='ocrx_word' id='word_1_596' title='bbox 2354 3619 2404 3687; x_wconf 83' lang='lat'><strong><em>7</em></strong></span> <span class='ocrx_word' id='word_1_597' title='bbox 2421 3619 2915 3680; x_wconf 83' lang='lat' dir='ltr'><strong>etoccidcntalibus</strong></span> <span class='ocrx_word' id='word_1_598' title='bbox 2930 3633 3196 3690; x_wconf 85' lang='lat' dir='ltr'><strong>perpetuo</strong></span> <span class='ocrx_word' id='word_1_599' title='bbox 3215 3625 3293 3677; x_wconf 90' lang='lat' dir='ltr'><strong>sol</strong></span> <span class='ocrx_word' id='word_1_600' title='bbox 3320 3642 3543 3680; x_wconf 83' lang='lat' dir='ltr'><strong>movea-</strong></span> 
     </span>
    </p>
   </div>
   <div class='ocr_carea' id='block_1_80' title="bbox 1982 3710 3543 3784">
    <p class='ocr_par' dir='ltr' id='par_1_80' title="bbox 1982 3710 3543 3784">
     <span class='ocr_line' id='line_1_80' title="bbox 1982 3710 3543 3784; baseline 0.009 -23"><span class='ocrx_word' id='word_1_601' title='bbox 1982 3716 2091 3775; x_wconf 89' lang='lat' dir='ltr'><strong>tur,</strong></span> <span class='ocrx_word' id='word_1_602' title='bbox 2123 3725 2377 3780; x_wconf 85' lang='lat' dir='ltr'><strong>magnum</strong></span> <span class='ocrx_word' id='word_1_603' title='bbox 2415 3711 2540 3765; x_wconf 82' lang='lat' dir='ltr'><strong>istic</strong></span> <span class='ocrx_word' id='word_1_604' title='bbox 2566 3710 2737 3781; x_wconf 79' lang='lat' dir='ltr'><strong>frigus</strong></span> <span class='ocrx_word' id='word_1_605' title='bbox 2772 3713 2901 3766; x_wconf 92' lang='lat' dir='ltr'><strong>oriri</strong></span> <span class='ocrx_word' id='word_1_606' title='bbox 2936 3728 3041 3766; x_wconf 92' lang='lat' dir='ltr'><strong>non</strong></span> <span class='ocrx_word' id='word_1_607' title='bbox 3078 3716 3300 3783; x_wconf 87' lang='lat' dir='ltr'><strong>patitur.</strong></span> <span class='ocrx_word' id='word_1_608' title='bbox 3334 3718 3449 3784; x_wconf 84' lang='lat' dir='ltr'><strong>Qua</strong></span> <span class='ocrx_word' id='word_1_609' title='bbox 3474 3719 3543 3774; x_wconf 86' lang='lat' dir='ltr'><strong>de</strong></span> 
     </span>
    </p>
   </div>
   <div class='ocr_carea' id='block_1_81' title="bbox 1982 3800 3549 3879">
    <p class='ocr_par' dir='ltr' id='par_1_81' title="bbox 1982 3800 3549 3879">
     <span class='ocr_line' id='line_1_81' title="bbox 1982 3800 3549 3879; baseline 0.006 -23"><span class='ocrx_word' id='word_1_610' title='bbox 1982 3814 2145 3857; x_wconf 88' lang='lat' dir='ltr'><strong>causa</strong></span> <span class='ocrx_word' id='word_1_611' title='bbox 2185 3816 2287 3855; x_wconf 86' lang='lat' dir='ltr'><strong>nec</strong></span> <span class='ocrx_word' id='word_1_612' title='bbox 2311 3800 2627 3870; x_wconf 87' lang='lat' dir='ltr'><strong>frequentes</strong></span> <span class='ocrx_word' id='word_1_613' title='bbox 2657 3803 2731 3858; x_wconf 88' lang='lat' dir='ltr'><strong>lbi</strong></span> <span class='ocrx_word' id='word_1_614' title='bbox 2772 3804 2969 3872; x_wconf 72' lang='lat' dir='ltr'><strong>pluvia:</strong></span> <span class='ocrx_word' id='word_1_615' title='bbox 3000 3816 3147 3871; x_wconf 83' lang='lat' dir='ltr'><strong>sunt,</strong></span> <span class='ocrx_word' id='word_1_616' title='bbox 3203 3823 3304 3863; x_wconf 90' lang='lat' dir='ltr'><strong>nec</strong></span> <span class='ocrx_word' id='word_1_617' title='bbox 3349 3825 3549 3879; x_wconf 89' lang='lat' dir='ltr'><strong>evapo-</strong></span> 
     </span>
    </p>
   </div>
   <div class='ocr_carea' id='block_1_82' title="bbox 1981 3892 3548 3970">
    <p class='ocr_par' dir='ltr' id='par_1_82' title="bbox 1981 3892 3548 3970">
     <span class='ocr_line' id='line_1_82' title="bbox 1981 3892 3548 3970; baseline 0.008 -25"><span class='ocrx_word' id='word_1_618' title='bbox 1981 3892 2219 3948; x_wconf 89' lang='lat' dir='ltr'><strong>rationes</strong></span> <span class='ocrx_word' id='word_1_619' title='bbox 2243 3893 2358 3947; x_wconf 73' lang='lat' dir='ltr'><strong>istm</strong></span> <span class='ocrx_word' id='word_1_620' title='bbox 2401 3893 2552 3948; x_wconf 91' lang='lat' dir='ltr'><strong>fumo</strong></span> <span class='ocrx_word' id='word_1_621' title='bbox 2582 3895 2897 3951; x_wconf 81' lang='lat' dir='ltr'><strong>consimiles</strong></span> <span class='ocrx_word' id='word_1_622' title='bbox 2924 3897 3253 3964; x_wconf 82' lang='lat' dir='ltr'><strong>excitantur,</strong></span> <span class='ocrx_word' id='word_1_623' title='bbox 3280 3915 3401 3953; x_wconf 89' lang='lat' dir='ltr'><strong>cum</strong></span> <span class='ocrx_word' id='word_1_624' title='bbox 3430 3902 3548 3970; x_wconf 85' lang='lat' dir='ltr'><strong>ipsa</strong></span> 
     </span>
    </p>
   </div>
   <div class='ocr_carea' id='block_1_83' title="bbox 1979 3984 3549 4061">
    <p class='ocr_par' dir='ltr' id='par_1_83' title="bbox 1979 3984 3549 4061">
     <span class='ocr_line' id='line_1_83' title="bbox 1979 3984 3549 4061; baseline 0.006 -24"><span class='ocrx_word' id='word_1_625' title='bbox 1979 3984 2143 4037; x_wconf 88' lang='lat' dir='ltr'><strong>etiam</strong></span> <span class='ocrx_word' id='word_1_626' title='bbox 2166 3994 2311 4040; x_wconf 88' lang='lat' dir='ltr'><strong>terra</strong></span> <span class='ocrx_word' id='word_1_627' title='bbox 2355 4000 2465 4040; x_wconf 88' lang='lat' dir='ltr'><strong>non</strong></span> <span class='ocrx_word' id='word_1_628' title='bbox 2494 3987 2784 4041; x_wconf 88' lang='lat' dir='ltr'><strong>admodum</strong></span> <span class='ocrx_word' id='word_1_629' title='bbox 2826 3988 2898 4042; x_wconf 89' lang='lat' dir='ltr'><strong>sit</strong></span> <span class='ocrx_word' id='word_1_630' title='bbox 2929 3987 3155 4059; x_wconf 87' lang='lat' dir='ltr'><strong>irrigua.</strong></span> <span class='ocrx_word' id='word_1_631' title='bbox 3216 3991 3367 4046; x_wconf 88' lang='lat' dir='ltr'><strong>Unde</strong></span> <span class='ocrx_word' id='word_1_632' title='bbox 3391 3994 3549 4061; x_wconf 90' lang='lat' dir='ltr'><strong>sequi</strong></span> 
     </span>
    </p>
   </div>
   <div class='ocr_carea' id='block_1_84' title="bbox 1982 4076 3550 4149">
    <p class='ocr_par' dir='ltr' id='par_1_84' title="bbox 1982 4076 3550 4149">
     <span class='ocr_line' id='line_1_84' title="bbox 1982 4076 3550 4149; baseline 0.006 -19"><span class='ocrx_word' id='word_1_633' title='bbox 1982 4076 2369 4132; x_wconf 84' lang='lat' dir='ltr'><strong>animadvertis</strong></span> <span class='ocrx_word' id='word_1_634' title='bbox 2395 4093 2503 4132; x_wconf 91' lang='lat' dir='ltr'><strong>non</strong></span> <span class='ocrx_word' id='word_1_635' title='bbox 2527 4094 2680 4133; x_wconf 87' lang='lat' dir='ltr'><strong>acres</strong></span> <span class='ocrx_word' id='word_1_636' title='bbox 2720 4079 3126 4149; x_wconf 88' lang='lat' dir='ltr'><strong>impetuososve</strong></span> <span class='ocrx_word' id='word_1_637' title='bbox 3176 4095 3371 4139; x_wconf 86' lang='lat' dir='ltr'><strong>ventos</strong></span> <span class='ocrx_word' id='word_1_638' title='bbox 3424 4086 3550 4141; x_wconf 85' lang='lat' dir='ltr'><strong>inde</strong></span> 
     </span>
    </p>
   </div>
   <div class='ocr_carea' id='block_1_85' title="bbox 1982 4168 3549 4244">
    <p class='ocr_par' dir='ltr' id='par_1_85' title="bbox 1982 4168 3549 4244">
     <span class='ocr_line' id='line_1_85' title="bbox 1982 4168 3549 4244; baseline 0.008 -23"><span class='ocrx_word' id='word_1_639' title='bbox 1982 4168 2291 4238; x_wconf 88' lang='lat' dir='ltr'><strong>provenire.</strong></span> <span class='ocrx_word' id='word_1_640' title='bbox 2368 4169 2633 4225; x_wconf 66' lang='lat' dir='ltr'><strong>Praeterea</strong></span> <span class='ocrx_word' id='word_1_641' title='bbox 2688 4173 2836 4226; x_wconf 88' lang='lat' dir='ltr'><strong>venti</strong></span> <span class='ocrx_word' id='word_1_642' title='bbox 2891 4174 3109 4243; x_wconf 89' lang='lat' dir='ltr'><strong>quidam</strong></span> <span class='ocrx_word' id='word_1_643' title='bbox 3166 4177 3549 4244; x_wconf 88' lang='lat' dir='ltr'><strong>anniversarii,</strong></span> 
     </span>
    </p>
   </div>
   <div class='ocr_carea' id='block_1_86' title="bbox 1983 4260 3551 4333">
    <p class='ocr_par' dir='ltr' id='par_1_86' title="bbox 1983 4260 3551 4333">
     <span class='ocr_line' id='line_1_86' title="bbox 1983 4260 3551 4333; baseline 0.009 -22"><span class='ocrx_word' id='word_1_644' title='bbox 1983 4273 2123 4328; x_wconf 90' lang='lat' dir='ltr'><strong>quos</strong></span> <span class='ocrx_word' id='word_1_645' title='bbox 2146 4260 2347 4315; x_wconf 85' lang='lat' dir='ltr'><strong>etesias</strong></span> <span class='ocrx_word' id='word_1_646' title='bbox 2384 4261 2678 4330; x_wconf 86' lang='lat' dir='ltr'><strong>appellant,</strong></span> <span class='ocrx_word' id='word_1_647' title='bbox 2731 4263 2877 4333; x_wconf 86' lang='lat' dir='ltr'><strong>iique</strong></span> <span class='ocrx_word' id='word_1_648' title='bbox 2904 4264 3170 4329; x_wconf 88' lang='lat' dir='ltr'><strong>boreales,</strong></span> <span class='ocrx_word' id='word_1_649' title='bbox 3234 4269 3426 4324; x_wconf 84' lang='lat' dir='ltr'><strong>diebus</strong></span> <span class='ocrx_word' id='word_1_650' title='bbox 3482 4273 3551 4325; x_wconf 89' lang='lat' dir='ltr'><strong>ab</strong></span> 
     </span>
    </p>
   </div>
   <div class='ocr_carea' id='block_1_87' title="bbox 1982 4348 3551 4423">
    <p class='ocr_par' dir='ltr' id='par_1_87' title="bbox 1982 4348 3551 4423">
     <span class='ocr_line' id='line_1_87' title="bbox 1982 4348 3551 4423; baseline 0.008 -21"><span class='ocrx_word' id='word_1_651' title='bbox 1982 4348 2166 4403; x_wconf 65' lang='lat' dir='ltr'><strong>aestiva</strong></span> <span class='ocrx_word' id='word_1_652' title='bbox 2189 4350 2320 4404; x_wconf 91' lang='lat' dir='ltr'><strong>solis</strong></span> <span class='ocrx_word' id='word_1_653' title='bbox 2352 4353 2710 4407; x_wconf 89' lang='lat' dir='ltr'><strong>conversione</strong></span> <span class='ocrx_word' id='word_1_654' title='bbox 2741 4354 2956 4423; x_wconf 88' lang='lat' dir='ltr'><strong>viginti,</strong></span> <span class='ocrx_word' id='word_1_655' title='bbox 2987 4357 3090 4411; x_wconf 89' lang='lat' dir='ltr'><strong>sub</strong></span> <span class='ocrx_word' id='word_1_656' title='bbox 3138 4359 3318 4412; x_wconf 90' lang='lat' dir='ltr'><strong>canini</strong></span> <span class='ocrx_word' id='word_1_657' title='bbox 3354 4363 3551 4416; x_wconf 80' lang='lat' dir='ltr'><strong>sideris</strong></span> 
     </span>
    </p>
   </div>
   <div class='ocr_carea' id='block_1_88' title="bbox 1985 4438 3553 4513">
    <p class='ocr_par' dir='ltr' id='par_1_88' title="bbox 1985 4438 3553 4513">
     <span class='ocr_line' id='line_1_88' title="bbox 1985 4438 3553 4513; baseline 0.009 -24"><span class='ocrx_word' id='word_1_658' title='bbox 1985 4446 2163 4490; x_wconf 88' lang='lat' dir='ltr'><strong>ortum</strong></span> <span class='ocrx_word' id='word_1_659' title='bbox 2190 4438 2453 4493; x_wconf 80' lang='lat' dir='ltr'><strong>exsistere</strong></span> <span class='ocrx_word' id='word_1_660' title='bbox 2473 4440 2669 4494; x_wconf 86' lang='lat' dir='ltr'><strong>solent.</strong></span> <span class='ocrx_word' id='word_1_661' title='bbox 2704 4440 2841 4494; x_wconf 87' lang='lat' dir='ltr'><strong>Nam</strong></span> <span class='ocrx_word' id='word_1_662' title='bbox 2870 4456 2995 4496; x_wconf 92' lang='lat' dir='ltr'><strong>cum</strong></span> <span class='ocrx_word' id='word_1_663' title='bbox 3026 4443 3078 4497; x_wconf 91' lang='lat' dir='ltr'><strong>id</strong></span> <span class='ocrx_word' id='word_1_664' title='bbox 3110 4446 3375 4513; x_wconf 90' lang='lat' dir='ltr'><strong>temporis</strong></span> <span class='ocrx_word' id='word_1_665' title='bbox 3399 4448 3553 4503; x_wconf 84' lang='lat' dir='ltr'><strong>nives</strong></span> 
     </span>
    </p>
   </div>
   <div class='ocr_carea' id='block_1_89' title="bbox 315 4522 1979 4601">
    <p class='ocr_par' dir='ltr' id='par_1_89' title="bbox 315 4522 1955 4599">
     <span class='ocr_line' id='line_1_89' title="bbox 315 4522 1955 4599; baseline -0.001 -21"><span class='ocrx_word' id='word_1_666' title='bbox 315 4526 655 4597; x_wconf 79' lang='grc' dir='ltr'>καλούμενον</span> <span class='ocrx_word' id='word_1_667' title='bbox 696 4529 924 4583; x_wconf 81' lang='grc' dir='ltr'>θύελλαν</span> <span class='ocrx_word' id='word_1_668' title='bbox 962 4532 990 4583; x_wconf 85' lang='grc' dir='ltr'>ὁ</span> <span class='ocrx_word' id='word_1_669' title='bbox 1027 4529 1403 4599; x_wconf 80' lang='grc' dir='ltr'>Ἀριστοτέλης</span> <span class='ocrx_word' id='word_1_670' title='bbox 1440 4526 1663 4597; x_wconf 79' lang='grc' dir='ltr'>τυφῶνα</span> <span class='ocrx_word' id='word_1_671' title='bbox 1700 4527 1876 4589; x_wconf 87' lang='grc' dir='ltr'>καλεῖ,</span> <span class='ocrx_word' id='word_1_672' title='bbox 1910 4522 1955 4577; x_wconf 85' lang='grc' dir='ltr'>ι)</span> 
     </span>
    </p>
   </div>
   <div class='ocr_carea' id='block_1_90' title="bbox 1888 4522 3552 4601">
    <p class='ocr_par' dir='ltr' id='par_1_90' title="bbox 1910 4522 3552 4601">
     <span class='ocr_line' id='line_1_90' title="bbox 1910 4522 3552 4601; baseline 0.009 -24"><span class='ocrx_word' id='word_1_673' title='bbox 1910 4522 1955 4577; x_wconf 85' lang='grc' dir='ltr'>ι)</span> <span class='ocrx_word' id='word_1_674' title='bbox 1983 4526 2393 4594; x_wconf 89' lang='lat' dir='ltr'><strong>colliquescant,</strong></span> <span class='ocrx_word' id='word_1_675' title='bbox 2440 4544 2587 4582; x_wconf 71' lang='lat' dir='ltr'><strong>aura:</strong></span> <span class='ocrx_word' id='word_1_676' title='bbox 2640 4530 2886 4599; x_wconf 54' lang='lat' dir='ltr'><strong>quadam</strong></span> <span class='ocrx_word' id='word_1_677' title='bbox 2940 4531 3148 4601; x_wconf 75' lang='lat' dir='ltr'><strong>frigida:</strong></span> <span class='ocrx_word' id='word_1_678' title='bbox 3198 4550 3262 4588; x_wconf 89' lang='lat' dir='ltr'><strong>ac</strong></span> <span class='ocrx_word' id='word_1_679' title='bbox 3300 4535 3552 4591; x_wconf 85' lang='lat' dir='ltr'><strong>boreales</strong></span> 
     </span>
    </p>
   </div>
   <div class='ocr_carea' id='block_1_91' title="bbox 313 4616 1878 4689">
    <p class='ocr_par' dir='ltr' id='par_1_91' title="bbox 313 4616 1878 4689">
     <span class='ocr_line' id='line_1_91' title="bbox 313 4616 1878 4689; baseline -0.002 -19"><span class='ocrx_word' id='word_1_680' title='bbox 313 4620 405 4671; x_wconf 79' lang='grc' dir='ltr'><strong>διὰ</strong></span> <span class='ocrx_word' id='word_1_681' title='bbox 438 4619 499 4671; x_wconf 77' lang='grc' dir='ltr'><strong>τὸ</strong></span> <span class='ocrx_word' id='word_1_682' title='bbox 534 4620 680 4688; x_wconf 78' lang='grc' dir='ltr'>παχὺ</span> <span class='ocrx_word' id='word_1_683' title='bbox 714 4617 854 4674; x_wconf 73' lang='grc' dir='ltr'>εἶναι</span> <span class='ocrx_word' id='word_1_684' title='bbox 886 4620 945 4672; x_wconf 81' lang='grc' dir='ltr'>τὸ</span> <span class='ocrx_word' id='word_1_685' title='bbox 980 4620 1199 4689; x_wconf 80' lang='grc' dir='ltr'>πνεῦμα</span> <span class='ocrx_word' id='word_1_686' title='bbox 1234 4619 1329 4672; x_wconf 73' lang='grc' dir='ltr'>καὶ</span> <span class='ocrx_word' id='word_1_687' title='bbox 1361 4619 1525 4671; x_wconf 79' lang='grc' dir='ltr'>οἱονεὶ</span> <span class='ocrx_word' id='word_1_688' title='bbox 1554 4616 1781 4669; x_wconf 75' lang='grc' dir='ltr'>τύπτειν</span> <span class='ocrx_word' id='word_1_689' title='bbox 1812 4616 1878 4684; x_wconf 83' lang='grc' dir='ltr'>τῇ</span> 
     </span>
    </p>
   </div>
   <div class='ocr_carea' id='block_1_92' title="bbox 318 4702 1880 4775">
    <p class='ocr_par' dir='ltr' id='par_1_92' title="bbox 318 4702 1880 4775">
     <span class='ocr_line' id='line_1_92' title="bbox 318 4702 1880 4775; baseline -0.004 -15"><span class='ocrx_word' id='word_1_690' title='bbox 318 4708 475 4774; x_wconf 74' lang='grc' dir='ltr'>φωνῇ</span> <span class='ocrx_word' id='word_1_691' title='bbox 509 4707 570 4757; x_wconf 77' lang='grc' dir='ltr'>τὸ</span> <span class='ocrx_word' id='word_1_692' title='bbox 614 4706 946 4775; x_wconf 84' lang='grc' dir='ltr'>παρατυχόν.</span> <span class='ocrx_word' id='word_1_693' title='bbox 983 4708 1143 4759; x_wconf 78' lang='grc' dir='ltr'>Αἰτία</span> <span class='ocrx_word' id='word_1_694' title='bbox 1184 4706 1240 4758; x_wconf 80' lang='grc' dir='ltr'>δὲ</span> <span class='ocrx_word' id='word_1_695' title='bbox 1273 4704 1367 4757; x_wconf 75' lang='grc' dir='ltr'><strong>τοῦ</strong></span> <span class='ocrx_word' id='word_1_696' title='bbox 1399 4704 1661 4767; x_wconf 61' lang='grc' dir='ltr'>τοιούτου,</span> <span class='ocrx_word' id='word_1_697' title='bbox 1677 4702 1880 4772; x_wconf 83' lang='grc' dir='ltr'>ἀνέμου</span> 
     </span>
    </p>
   </div>
   <div class='ocr_carea' id='block_1_93' title="bbox 319 4796 1882 4870">
    <p class='ocr_par' dir='ltr' id='par_1_93' title="bbox 319 4796 1882 4870">
     <span class='ocr_line' id='line_1_93' title="bbox 319 4796 1882 4870; baseline -0.004 -16"><span class='ocrx_word' id='word_1_698' title='bbox 319 4802 490 4869; x_wconf 73' lang='grc' dir='ltr'>ἀτμὶς</span> <span class='ocrx_word' id='word_1_699' title='bbox 516 4804 716 4870; x_wconf 84' lang='grc' dir='ltr'>παχεῖα</span> <span class='ocrx_word' id='word_1_700' title='bbox 745 4800 953 4853; x_wconf 82' lang='grc' dir='ltr'>ἄνωθεν</span> <span class='ocrx_word' id='word_1_701' title='bbox 978 4799 1086 4853; x_wconf 81' lang='grc' dir='ltr'><strong>ἀπὸ</strong></span> <span class='ocrx_word' id='word_1_702' title='bbox 1109 4800 1217 4853; x_wconf 81' lang='grc' dir='ltr'>τῶν</span> <span class='ocrx_word' id='word_1_703' title='bbox 1240 4799 1416 4866; x_wconf 81' lang='grc' dir='ltr'>νεφῶν</span> <span class='ocrx_word' id='word_1_704' title='bbox 1441 4799 1745 4868; x_wconf 83' lang='grc' dir='ltr'>φερομένη,</span> <span class='ocrx_word' id='word_1_705' title='bbox 1774 4796 1882 4848; x_wconf 77' lang='grc' dir='ltr'>εἴτε</span> 
     </span>
    </p>
   </div>
   <div class='ocr_carea' id='block_1_94' title="bbox 321 4887 1884 4961">
    <p class='ocr_par' dir='ltr' id='par_1_94' title="bbox 321 4887 1884 4961">
     <span class='ocr_line' id='line_1_94' title="bbox 321 4887 1884 4961; baseline -0.003 -16"><span class='ocrx_word' id='word_1_706' title='bbox 321 4893 471 4945; x_wconf 83' lang='grc' dir='ltr'>κατὰ</span> <span class='ocrx_word' id='word_1_707' title='bbox 504 4892 608 4961; x_wconf 79' lang='grc' dir='ltr'><strong>γῆς</strong></span> <span class='ocrx_word' id='word_1_708' title='bbox 641 4892 749 4944; x_wconf 77' lang='grc' dir='ltr'>εἴτε</span> <span class='ocrx_word' id='word_1_709' title='bbox 787 4892 927 4943; x_wconf 80' lang='grc' dir='ltr'>κατὰ</span> <span class='ocrx_word' id='word_1_710' title='bbox 963 4890 1271 4957; x_wconf 81' lang='grc' dir='ltr'>θαλάσσης,</span> <span class='ocrx_word' id='word_1_711' title='bbox 1308 4889 1429 4957; x_wconf 76' lang='grc' dir='ltr'>ἥτις</span> <span class='ocrx_word' id='word_1_712' title='bbox 1469 4887 1884 4959; x_wconf 83' lang='grc' dir='ltr'>προσπταίουσά</span> 
     </span>
    </p>
   </div>
   <div class='ocr_carea' id='block_1_95' title="bbox 319 4978 1881 5051">
    <p class='ocr_par' dir='ltr' id='par_1_95' title="bbox 319 4978 1881 5051">
     <span class='ocr_line' id='line_1_95' title="bbox 319 4978 1881 5051; baseline -0.004 -14"><span class='ocrx_word' id='word_1_713' title='bbox 319 5001 431 5037; x_wconf 84' lang='grc' dir='ltr'>τινι</span> <span class='ocrx_word' id='word_1_714' title='bbox 477 4981 756 5051; x_wconf 78' lang='grc' dir='ltr'>ἀντιτύπῳ</span> <span class='ocrx_word' id='word_1_715' title='bbox 802 4982 1016 5050; x_wconf 83' lang='grc' dir='ltr'>σώματι</span> <span class='ocrx_word' id='word_1_716' title='bbox 1066 4980 1432 5033; x_wconf 82' lang='grc' dir='ltr'>ἀναπάλλεται</span> <span class='ocrx_word' id='word_1_717' title='bbox 1481 4980 1558 5040; x_wconf 75' lang='grc' dir='ltr'>εἰς</span> <span class='ocrx_word' id='word_1_718' title='bbox 1603 4978 1881 5044; x_wconf 81' lang='grc' dir='ltr'>τούπίσω,</span> 
     </span>
    </p>
   </div>
   <div class='ocr_carea' id='block_1_96' title="bbox 319 5071 1886 5142">
    <p class='ocr_par' dir='ltr' id='par_1_96' title="bbox 319 5071 1886 5142">
     <span class='ocr_line' id='line_1_96' title="bbox 319 5071 1886 5142; baseline -0.004 -14"><span class='ocrx_word' id='word_1_719' title='bbox 319 5082 445 5129; x_wconf 80' lang='grc' dir='ltr'>ἐπεὶ</span> <span class='ocrx_word' id='word_1_720' title='bbox 474 5075 531 5127; x_wconf 76' lang='grc' dir='ltr'>δὲ</span> <span class='ocrx_word' id='word_1_721' title='bbox 556 5075 615 5127; x_wconf 84' lang='grc' dir='ltr'>τὸ</span> <span class='ocrx_word' id='word_1_722' title='bbox 643 5074 1083 5142; x_wconf 77' lang='grc' dir='ltr'>ἁναπαλλόμενον</span> <span class='ocrx_word' id='word_1_723' title='bbox 1110 5071 1375 5125; x_wconf 78' lang='grc' dir='ltr'>κωλύεται</span> <span class='ocrx_word' id='word_1_724' title='bbox 1402 5073 1484 5134; x_wconf 90' lang='grc' dir='ltr'><strong>εἰς</strong></span> <span class='ocrx_word' id='word_1_725' title='bbox 1510 5071 1752 5123; x_wconf 83' lang='grc' dir='ltr'>τούπίσω</span> <span class='ocrx_word' id='word_1_726' title='bbox 1778 5088 1886 5138; x_wconf 85' lang='grc' dir='ltr'>χω-</span> 
     </span>
    </p>
   </div>
   <div class='ocr_carea' id='block_1_97' title="bbox 318 5163 1886 5235">
    <p class='ocr_par' dir='ltr' id='par_1_97' title="bbox 318 5163 1886 5235">
     <span class='ocr_line' id='line_1_97' title="bbox 318 5163 1886 5235; baseline -0.002 -16"><span class='ocrx_word' id='word_1_727' title='bbox 318 5171 437 5235; x_wconf 84' lang='grc' dir='ltr'>ρεῖν</span> <span class='ocrx_word' id='word_1_728' title='bbox 469 5167 575 5218; x_wconf 80' lang='grc' dir='ltr'><strong>ὑπὸ</strong></span> <span class='ocrx_word' id='word_1_729' title='bbox 602 5167 693 5218; x_wconf 71' lang='grc' dir='ltr'>τοῦ</span> <span class='ocrx_word' id='word_1_730' title='bbox 722 5165 945 5218; x_wconf 71' lang='grc' dir='ltr'>ὄπισθεν</span> <span class='ocrx_word' id='word_1_731' title='bbox 979 5163 1496 5227; x_wconf 76' lang='grc' dir='ltr'>ἐπακολουθοῦντος,</span> <span class='ocrx_word' id='word_1_732' title='bbox 1529 5166 1622 5219; x_wconf 74' lang='grc' dir='ltr'><strong>ἐπὶ</strong></span> <span class='ocrx_word' id='word_1_733' title='bbox 1649 5163 1716 5217; x_wconf 75' lang='grc' dir='ltr'><strong>τὰ</strong></span> <span class='ocrx_word' id='word_1_734' title='bbox 1744 5163 1886 5216; x_wconf 81' lang='grc' dir='ltr'>πλά-</span> 
     </span>
    </p>
   </div>
   <div class='ocr_carea' id='block_1_98' title="bbox 314 5243 1884 5325">
    <p class='ocr_par' dir='ltr' id='par_1_98' title="bbox 314 5243 1884 5325">
     <span class='ocr_line' id='line_1_98' title="bbox 314 5243 1884 5325; baseline 0.001 -20"><span class='ocrx_word' id='word_1_735' title='bbox 314 5275 413 5325; x_wconf 86' lang='grc' dir='ltr'><strong>για</strong></span> <span class='ocrx_word' id='word_1_736' title='bbox 448 5256 764 5318; x_wconf 84' lang='grc' dir='ltr'>διακλᾶται,</span> <span class='ocrx_word' id='word_1_737' title='bbox 795 5251 912 5308; x_wconf 79' lang='grc' dir='ltr'>εἶτα</span> <span class='ocrx_word' id='word_1_738' title='bbox 942 5257 1163 5307; x_wconf 85' lang='grc' dir='ltr'>κάκεῖσε</span> <span class='ocrx_word' id='word_1_739' title='bbox 1194 5254 1474 5321; x_wconf 81' lang='grc' dir='ltr'>ἀντιτύπῳ</span> <span class='ocrx_word' id='word_1_740' title='bbox 1505 5243 1884 5322; x_wconf 84' lang='grc' dir='ltr'>συναντήσασα</span> 
     </span>
    </p>
   </div>
   <div class='ocr_carea' id='block_1_99' title="bbox 316 5343 1885 5422">
    <p class='ocr_par' dir='ltr' id='par_1_99' title="bbox 316 5343 1885 5422">
     <span class='ocr_line' id='line_1_99' title="bbox 316 5343 1885 5422; baseline -0.003 -21"><span class='ocrx_word' id='word_1_741' title='bbox 316 5350 481 5402; x_wconf 78' lang='grc' dir='ltr'>πάλιν</span> <span class='ocrx_word' id='word_1_742' title='bbox 505 5348 966 5417; x_wconf 80' lang='grc' dir='ltr'>διασκορπίζεται,</span> <span class='ocrx_word' id='word_1_743' title='bbox 996 5348 1088 5399; x_wconf 82' lang='grc' dir='ltr'>καὶ</span> <span class='ocrx_word' id='word_1_744' title='bbox 1113 5348 1320 5413; x_wconf 84' lang='grc' dir='ltr'>γίνεται</span> <span class='ocrx_word' id='word_1_745' title='bbox 1347 5346 1579 5416; x_wconf 79' lang='grc' dir='ltr'>ἑλιξίτης</span> <span class='ocrx_word' id='word_1_746' title='bbox 1607 5343 1885 5422; x_wconf 77' lang='grc' dir='ltr'>συστροφὴ</span> 
     </span>
    </p>
   </div>
   <div class='ocr_carea' id='block_1_100' title="bbox 312 5434 1882 5503">
    <p class='ocr_par' dir='ltr' id='par_1_100' title="bbox 312 5434 1882 5503">
     <span class='ocr_line' id='line_1_100' title="bbox 312 5434 1882 5503; baseline -0.002 -16"><span class='ocrx_word' id='word_1_747' title='bbox 312 5435 410 5487; x_wconf 73' lang='grc' dir='ltr'>τοῦ</span> <span class='ocrx_word' id='word_1_748' title='bbox 463 5436 687 5502; x_wconf 81' lang='grc' dir='ltr'>ἀνέμου,</span> <span class='ocrx_word' id='word_1_749' title='bbox 737 5434 1144 5503; x_wconf 70' lang='grc' dir='ltr'>μετεωρίζουσα</span> <span class='ocrx_word' id='word_1_750' title='bbox 1196 5435 1290 5485; x_wconf 74' lang='grc' dir='ltr'>καὶ</span> <span class='ocrx_word' id='word_1_751' title='bbox 1336 5434 1443 5485; x_wconf 74' lang='grc' dir='ltr'><strong>ἀπὸ</strong></span> <span class='ocrx_word' id='word_1_752' title='bbox 1485 5436 1589 5503; x_wconf 82' lang='grc' dir='ltr'>γῆς</span> <span class='ocrx_word' id='word_1_753' title='bbox 1637 5434 1730 5485; x_wconf 77' lang='grc' dir='ltr'><strong>καὶ</strong></span> <span class='ocrx_word' id='word_1_754' title='bbox 1775 5434 1882 5485; x_wconf 82' lang='grc' dir='ltr'><strong>ἀπὸ</strong></span> 
     </span>
    </p>
   </div>
   <div class='ocr_carea' id='block_1_101' title="bbox 313 5524 1884 5595">
    <p class='ocr_par' dir='ltr' id='par_1_101' title="bbox 313 5524 1884 5595">
     <span class='ocr_line' id='line_1_101' title="bbox 313 5524 1884 5595; baseline -0.001 -17"><span class='ocrx_word' id='word_1_755' title='bbox 313 5528 595 5593; x_wconf 65' lang='grc' dir='ltr'>θαλάσσης</span> <span class='ocrx_word' id='word_1_756' title='bbox 627 5526 694 5577; x_wconf 69' lang='grc' dir='ltr'>τὰ</span> <span class='ocrx_word' id='word_1_757' title='bbox 732 5526 1120 5595; x_wconf 77' lang='grc' dir='ltr'>παρατυχόντα</span> <span class='ocrx_word' id='word_1_758' title='bbox 1162 5526 1411 5595; x_wconf 78' lang='grc' dir='ltr'>σώματα.</span> <span class='ocrx_word' id='word_1_759' title='bbox 1444 5526 1635 5577; x_wconf 80' lang='grc' dir='ltr'>Ἔνθεν</span> <span class='ocrx_word' id='word_1_760' title='bbox 1668 5542 1750 5577; x_wconf 79' lang='grc' dir='ltr'><strong>τοι</strong></span> <span class='ocrx_word' id='word_1_761' title='bbox 1792 5524 1884 5578; x_wconf 74' lang='grc' dir='ltr'>καὶ</span> 
     </span>
    </p>
   </div>
   <div class='ocr_carea' id='block_1_102' title="bbox 315 5617 1885 5687">
    <p class='ocr_par' dir='ltr' id='par_1_102' title="bbox 315 5617 1885 5687">
     <span class='ocr_line' id='line_1_102' title="bbox 315 5617 1885 5687; baseline 0.003 -22"><span class='ocrx_word' id='word_1_762' title='bbox 315 5637 533 5685; x_wconf 59' lang='grc' dir='ltr'>σιςωνα</span> <span class='ocrx_word' id='word_1_763' title='bbox 566 5621 656 5669; x_wconf 71' lang='grc' dir='ltr'>τὸν</span> <span class='ocrx_word' id='word_1_764' title='bbox 689 5617 928 5670; x_wconf 52' lang='grc' dir='ltr'>τοιοῦτον</span> <span class='ocrx_word' id='word_1_765' title='bbox 962 5620 1162 5687; x_wconf 77' lang='grc' dir='ltr'>ἄνεμον</span> <span class='ocrx_word' id='word_1_766' title='bbox 1196 5619 1418 5671; x_wconf 75' lang='grc' dir='ltr'>καλουσι</span> <span class='ocrx_word' id='word_1_767' title='bbox 1445 5634 1458 5647; x_wconf 75' lang='grc' dir='ltr'><strong><em>ο</em></strong></span> <span class='ocrx_word' id='word_1_768' title='bbox 1503 5619 1642 5668; x_wconf 75' lang='grc' dir='ltr'>κατὰ</span> <span class='ocrx_word' id='word_1_769' title='bbox 1684 5617 1885 5669; x_wconf 80' lang='grc' dir='ltr'>κύκλον</span> 
     </span>
    </p>
   </div>
   <div class='ocr_carea' id='block_1_103' title="bbox 311 5709 1884 5783">
    <p class='ocr_par' dir='ltr' id='par_1_103' title="bbox 311 5709 1884 5783">
     <span class='ocr_line' id='line_1_103' title="bbox 311 5709 1884 5783; baseline -0.002 -20"><span class='ocrx_word' id='word_1_770' title='bbox 311 5730 374 5763; x_wconf 83' lang='grc' dir='ltr'><strong>τε</strong></span> <span class='ocrx_word' id='word_1_771' title='bbox 412 5714 518 5778; x_wconf 75' lang='grc' dir='ltr'>γὰρ</span> <span class='ocrx_word' id='word_1_772' title='bbox 555 5712 777 5763; x_wconf 72' lang='grc' dir='ltr'>εἱλεῖται</span> <span class='ocrx_word' id='word_1_773' title='bbox 812 5713 941 5783; x_wconf 77' lang='grc' dir='ltr'>περὶ</span> <span class='ocrx_word' id='word_1_774' title='bbox 970 5712 1068 5780; x_wconf 77' lang='grc' dir='ltr'>τὴν</span> <span class='ocrx_word' id='word_1_775' title='bbox 1100 5714 1222 5779; x_wconf 73' lang='grc' dir='ltr'>γῆν,</span> <span class='ocrx_word' id='word_1_776' title='bbox 1256 5715 1348 5762; x_wconf 74' lang='grc' dir='ltr'>καὶ</span> <span class='ocrx_word' id='word_1_777' title='bbox 1386 5710 1514 5778; x_wconf 67' lang='grc' dir='ltr'>πρὸς</span> <span class='ocrx_word' id='word_1_778' title='bbox 1550 5709 1646 5778; x_wconf 87' lang='grc' dir='ltr'>τὴν</span> <span class='ocrx_word' id='word_1_779' title='bbox 1679 5710 1884 5761; x_wconf 78' lang='grc' dir='ltr'>οἰκείαν</span> 
     </span>
    </p>
   </div>
   <div class='ocr_carea' id='block_1_104' title="bbox 314 5800 1883 5867">
    <p class='ocr_par' dir='ltr' id='par_1_104' title="bbox 314 5800 1883 5867">
     <span class='ocr_line' id='line_1_104' title="bbox 314 5800 1883 5867; baseline 0 -14"><span class='ocrx_word' id='word_1_780' title='bbox 314 5801 472 5863; x_wconf 76' lang='grc' dir='ltr'>αὖθις</span> <span class='ocrx_word' id='word_1_781' title='bbox 498 5803 920 5865; x_wconf 72' lang='grc' dir='ltr'>ὲπανακὰμπτει</span> <span class='ocrx_word' id='word_1_782' title='bbox 952 5805 1148 5862; x_wconf 68' lang='grc' dir='ltr'>ἀργὴν,</span> <span class='ocrx_word' id='word_1_783' title='bbox 1181 5803 1300 5853; x_wconf 66' lang='grc' dir='ltr'>ὅθεν</span> <span class='ocrx_word' id='word_1_784' title='bbox 1334 5802 1423 5854; x_wconf 69' lang='grc' dir='ltr'>καὶ</span> <span class='ocrx_word' id='word_1_785' title='bbox 1456 5800 1632 5862; x_wconf 73' lang='grc' dir='ltr'>λίθους</span> <span class='ocrx_word' id='word_1_786' title='bbox 1663 5802 1883 5867; x_wconf 57' lang='grc' dir='ltr'>ἐφέλκε-</span> 
     </span>
    </p>
   </div>
   <div class='ocr_carea' id='block_1_105' title="bbox 1982 4616 3554 4695">
    <p class='ocr_par' dir='ltr' id='par_1_105' title="bbox 1982 4616 3554 4695">
     <span class='ocr_line' id='line_1_105' title="bbox 1982 4616 3554 4695; baseline 0.008 -26"><span class='ocrx_word' id='word_1_787' title='bbox 1982 4616 2313 4671; x_wconf 73' lang='lat' dir='ltr'><strong>efﬁciuntur.</strong></span> <span class='ocrx_word' id='word_1_788' title='bbox 2350 4617 2478 4683; x_wconf 65' lang='lat' dir='ltr'><strong>Quae</strong></span> <span class='ocrx_word' id='word_1_789' title='bbox 2501 4632 2664 4674; x_wconf 87' lang='lat' dir='ltr'><strong>causa</strong></span> <span class='ocrx_word' id='word_1_790' title='bbox 2694 4631 2778 4675; x_wconf 87' lang='lat' dir='ltr'><strong>est</strong></span> <span class='ocrx_word' id='word_1_791' title='bbox 2808 4631 2866 4675; x_wconf 90' lang='lat' dir='ltr'><strong>ut</strong></span> <span class='ocrx_word' id='word_1_792' title='bbox 2892 4631 3005 4677; x_wconf 91' lang='lat' dir='ltr'><strong>tum</strong></span> <span class='ocrx_word' id='word_1_793' title='bbox 3039 4626 3211 4691; x_wconf 90' lang='lat' dir='ltr'><strong>venti,</strong></span> <span class='ocrx_word' id='word_1_794' title='bbox 3244 4642 3382 4695; x_wconf 91' lang='lat' dir='ltr'><strong>quos</strong></span> <span class='ocrx_word' id='word_1_795' title='bbox 3408 4629 3554 4682; x_wconf 89' lang='lat' dir='ltr'><strong>indi-</strong></span> 
     </span>
    </p>
   </div>
   <div class='ocr_carea' id='block_1_106' title="bbox 1982 4708 3554 4787">
    <p class='ocr_par' dir='ltr' id='par_1_106' title="bbox 1982 4708 3554 4787">
     <span class='ocr_line' id='line_1_106' title="bbox 1982 4708 3554 4787; baseline 0.01 -27"><span class='ocrx_word' id='word_1_796' title='bbox 1982 4708 2244 4771; x_wconf 89' lang='lat' dir='ltr'><strong>cavimus,</strong></span> <span class='ocrx_word' id='word_1_797' title='bbox 2272 4708 2401 4763; x_wconf 81' lang='lat' dir='ltr'><strong>flare</strong></span> <span class='ocrx_word' id='word_1_798' title='bbox 2442 4711 2669 4780; x_wconf 84' lang='lat' dir='ltr'><strong>singulis</strong></span> <span class='ocrx_word' id='word_1_799' title='bbox 2689 4713 2847 4767; x_wconf 89' lang='lat' dir='ltr'><strong>annis</strong></span> <span class='ocrx_word' id='word_1_800' title='bbox 2888 4713 3171 4783; x_wconf 88' lang='lat' dir='ltr'><strong>incipiant.</strong></span> <span class='ocrx_word' id='word_1_801' title='bbox 3226 4720 3403 4787; x_wconf 81' lang='lat' dir='ltr'><strong>Atque.</strong></span> <span class='ocrx_word' id='word_1_802' title='bbox 3438 4721 3554 4775; x_wconf 70' lang='lat' dir='ltr'><strong>haec</strong></span> 
     </span>
    </p>
   </div>
   <div class='ocr_carea' id='block_1_107' title="bbox 1983 4796 3553 4878">
    <p class='ocr_par' dir='ltr' id='par_1_107' title="bbox 1983 4796 3553 4878">
     <span class='ocr_line' id='line_1_107' title="bbox 1983 4796 3553 4878; baseline 0.006 -27"><span class='ocrx_word' id='word_1_803' title='bbox 1983 4797 2050 4851; x_wconf 92' lang='lat' dir='ltr'><strong>de</strong></span> <span class='ocrx_word' id='word_1_804' title='bbox 2076 4798 2159 4851; x_wconf 86' lang='lat' dir='ltr'><strong>his</strong></span> <span class='ocrx_word' id='word_1_805' title='bbox 2189 4796 2332 4852; x_wconf 87' lang='lat' dir='ltr'><strong>dicta</strong></span> <span class='ocrx_word' id='word_1_806' title='bbox 2390 4808 2570 4852; x_wconf 89' lang='lat' dir='ltr'><strong>sunto.</strong></span> <span class='ocrx_word' id='word_1_807' title='bbox 2618 4800 2886 4855; x_wconf 74' lang='lat' dir='ltr'><strong>Caeterum</strong></span> <span class='ocrx_word' id='word_1_808' title='bbox 2944 4816 3165 4858; x_wconf 85' lang='lat' dir='ltr'><strong>ventum</strong></span> <span class='ocrx_word' id='word_1_809' title='bbox 3203 4805 3353 4860; x_wconf 93' lang='lat' dir='ltr'><strong>illum</strong></span> <span class='ocrx_word' id='word_1_810' title='bbox 3391 4826 3553 4878; x_wconf 86' lang='lat' dir='ltr'><strong>quem</strong></span> 
     </span>
    </p>
   </div>
   <div class='ocr_carea' id='block_1_108' title="bbox 1985 4888 3554 4963">
    <p class='ocr_par' dir='ltr' id='par_1_108' title="bbox 1985 4888 3554 4963">
     <span class='ocr_line' id='line_1_108' title="bbox 1985 4888 3554 4963; baseline 0.008 -23"><span class='ocrx_word' id='word_1_811' title='bbox 1985 4888 2237 4957; x_wconf 82' lang='lat' dir='ltr'><strong>tltyellam</strong></span> <span class='ocrx_word' id='word_1_812' title='bbox 2272 4889 2537 4944; x_wconf 85' lang='lat' dir='ltr'><strong>llomerus</strong></span> <span class='ocrx_word' id='word_1_813' title='bbox 2560 4892 2816 4960; x_wconf 85' lang='lat' dir='ltr'><strong>appellat.</strong></span> <span class='ocrx_word' id='word_1_814' title='bbox 2838 4892 3153 4963; x_wconf 79' lang='lat' dir='ltr'><strong>Typhonem</strong></span> <span class='ocrx_word' id='word_1_815' title='bbox 3171 4912 3326 4951; x_wconf 87' lang='lat' dir='ltr'><strong>vocat</strong></span> <span class='ocrx_word' id='word_1_816' title='bbox 3344 4900 3554 4954; x_wconf 81' lang='lat' dir='ltr'><strong>Aristu-</strong></span> 
     </span>
    </p>
   </div>
   <div class='ocr_carea' id='block_1_109' title="bbox 1984 4977 3553 5058">
    <p class='ocr_par' dir='ltr' id='par_1_109' title="bbox 1984 4977 3553 5058">
     <span class='ocr_line' id='line_1_109' title="bbox 1984 4977 3553 5058; baseline 0.008 -28"><span class='ocrx_word' id='word_1_817' title='bbox 1984 4978 2118 5031; x_wconf 89' lang='lat' dir='ltr'><strong>teles</strong></span> <span class='ocrx_word' id='word_1_818' title='bbox 2149 4977 2348 5045; x_wconf 84' lang='lat' dir='ltr'><strong>(Latini</strong></span> <span class='ocrx_word' id='word_1_819' title='bbox 2390 4979 2703 5048; x_wconf 87' lang='lat' dir='ltr'><strong>turbinem),</strong></span> <span class='ocrx_word' id='word_1_820' title='bbox 2748 4992 3035 5051; x_wconf 86' lang='lat' dir='ltr'><strong>propterea</strong></span> <span class='ocrx_word' id='word_1_821' title='bbox 3071 4986 3215 5053; x_wconf 90' lang='lat' dir='ltr'><strong>quod</strong></span> <span class='ocrx_word' id='word_1_822' title='bbox 3241 4987 3400 5042; x_wconf 84' lang='lat' dir='ltr'><strong>tlatus</strong></span> <span class='ocrx_word' id='word_1_823' title='bbox 3436 4991 3553 5058; x_wconf 77' lang='lat' dir='ltr'><strong>ipse</strong></span> 
     </span>
    </p>
   </div>
   <div class='ocr_carea' id='block_1_110' title="bbox 1986 5072 3551 5153">
    <p class='ocr_par' dir='ltr' id='par_1_110' title="bbox 1986 5072 3551 5153">
     <span class='ocr_line' id='line_1_110' title="bbox 1986 5072 3551 5153; baseline 0.009 -29"><span class='ocrx_word' id='word_1_824' title='bbox 1986 5085 2200 5124; x_wconf 85' lang='lat' dir='ltr'><strong>crassus</strong></span> <span class='ocrx_word' id='word_1_825' title='bbox 2230 5072 2320 5136; x_wconf 85' lang='lat' dir='ltr'><strong>sit,</strong></span> <span class='ocrx_word' id='word_1_826' title='bbox 2350 5077 2614 5142; x_wconf 86' lang='lat' dir='ltr'><strong>quasique</strong></span> <span class='ocrx_word' id='word_1_827' title='bbox 2648 5090 2783 5128; x_wconf 89' lang='lat' dir='ltr'><strong>sono</strong></span> <span class='ocrx_word' id='word_1_828' title='bbox 2812 5091 2911 5130; x_wconf 83' lang='lat' dir='ltr'><strong>suo</strong></span> <span class='ocrx_word' id='word_1_829' title='bbox 2958 5080 3210 5134; x_wconf 87' lang='lat' dir='ltr'><strong>verberet</strong></span> <span class='ocrx_word' id='word_1_830' title='bbox 3242 5083 3293 5136; x_wconf 92' lang='lat' dir='ltr'><strong>id</strong></span> <span class='ocrx_word' id='word_1_831' title='bbox 3321 5083 3377 5136; x_wconf 90' lang='lat' dir='ltr'><strong>in</strong></span> <span class='ocrx_word' id='word_1_832' title='bbox 3403 5086 3551 5153; x_wconf 91' lang='lat' dir='ltr'><strong>quod</strong></span> 
     </span>
    </p>
   </div>
   <div class='ocr_carea' id='block_1_111' title="bbox 1988 5163 3550 5241">
    <p class='ocr_par' dir='ltr' id='par_1_111' title="bbox 1988 5163 3550 5241">
     <span class='ocr_line' id='line_1_111' title="bbox 1988 5163 3550 5241; baseline 0.008 -26"><span class='ocrx_word' id='word_1_833' title='bbox 1988 5163 2199 5217; x_wconf 92' lang='lat' dir='ltr'><strong>incidit.</strong></span> <span class='ocrx_word' id='word_1_834' title='bbox 2228 5163 2357 5234; x_wconf 85' lang='lat' dir='ltr'><strong>Ejus</strong></span> <span class='ocrx_word' id='word_1_835' title='bbox 2375 5166 2524 5219; x_wconf 82' lang='lat' dir='ltr'><strong>venti</strong></span> <span class='ocrx_word' id='word_1_836' title='bbox 2560 5179 2720 5221; x_wconf 87' lang='lat' dir='ltr'><strong>causa</strong></span> <span class='ocrx_word' id='word_1_837' title='bbox 2748 5179 2831 5221; x_wconf 89' lang='lat' dir='ltr'><strong>est</strong></span> <span class='ocrx_word' id='word_1_838' title='bbox 2874 5173 3042 5238; x_wconf 67' lang='lat' dir='ltr'><strong>vapor</strong></span> <span class='ocrx_word' id='word_1_839' title='bbox 3063 5173 3284 5241; x_wconf 53' lang='lat' dir='ltr'><strong>quidam</strong></span> <span class='ocrx_word' id='word_1_840' title='bbox 3311 5191 3550 5239; x_wconf 82' lang='lat' dir='ltr'><strong>crassus,</strong></span> 
     </span>
    </p>
   </div>
   <div class='ocr_carea' id='block_1_112' title="bbox 1987 5257 3555 5325">
    <p class='ocr_par' dir='ltr' id='par_1_112' title="bbox 1987 5257 3555 5325">
     <span class='ocr_line' id='line_1_112' title="bbox 1987 5257 3555 5325; baseline 0.01 -18"><span class='ocrx_word' id='word_1_841' title='bbox 1987 5270 2201 5308; x_wconf 82' lang='lat' dir='ltr'><strong>sursum</strong></span> <span class='ocrx_word' id='word_1_842' title='bbox 2242 5270 2273 5309; x_wconf 92' lang='lat' dir='ltr'><strong>e</strong></span> <span class='ocrx_word' id='word_1_843' title='bbox 2302 5257 2540 5311; x_wconf 86' lang='lat' dir='ltr'><strong>nubibus</strong></span> <span class='ocrx_word' id='word_1_844' title='bbox 2560 5257 2792 5325; x_wconf 88' lang='lat' dir='ltr'><strong>delatus,</strong></span> <span class='ocrx_word' id='word_1_845' title='bbox 2823 5260 2937 5315; x_wconf 87' lang='lat' dir='ltr'><strong>sive</strong></span> <span class='ocrx_word' id='word_1_846' title='bbox 2984 5263 3087 5317; x_wconf 90' lang='lat' dir='ltr'><strong>hoc</strong></span> <span class='ocrx_word' id='word_1_847' title='bbox 3114 5272 3255 5317; x_wconf 84' lang='lat' dir='ltr'><strong>terra</strong></span> <span class='ocrx_word' id='word_1_848' title='bbox 3291 5266 3382 5319; x_wconf 87' lang='lat' dir='ltr'><strong>ﬂat</strong></span> <span class='ocrx_word' id='word_1_849' title='bbox 3435 5269 3555 5322; x_wconf 87' lang='lat' dir='ltr'><strong>sive</strong></span> 
     </span>
    </p>
   </div>
   <div class='ocr_carea' id='block_1_113' title="bbox 1989 5348 3552 5423">
    <p class='ocr_par' dir='ltr' id='par_1_113' title="bbox 1989 5348 3552 5423">
     <span class='ocr_line' id='line_1_113' title="bbox 1989 5348 3552 5423; baseline 0.01 -24"><span class='ocrx_word' id='word_1_850' title='bbox 1989 5348 2146 5412; x_wconf 83' lang='lat' dir='ltr'><strong>mari,</strong></span> <span class='ocrx_word' id='word_1_851' title='bbox 2181 5348 2272 5415; x_wconf 90' lang='lat' dir='ltr'><strong>qui</strong></span> <span class='ocrx_word' id='word_1_852' title='bbox 2301 5348 2519 5416; x_wconf 90' lang='lat' dir='ltr'><strong>quidem</strong></span> <span class='ocrx_word' id='word_1_853' title='bbox 2554 5365 2721 5418; x_wconf 87' lang='lat' dir='ltr'><strong>vapor</strong></span> <span class='ocrx_word' id='word_1_854' title='bbox 2752 5352 2804 5404; x_wconf 93' lang='lat' dir='ltr'><strong>in</strong></span> <span class='ocrx_word' id='word_1_855' title='bbox 2835 5366 3035 5421; x_wconf 92' lang='lat' dir='ltr'><strong>corpus</strong></span> <span class='ocrx_word' id='word_1_856' title='bbox 3066 5355 3284 5423; x_wconf 86' lang='lat' dir='ltr'><strong>aliquod</strong></span> <span class='ocrx_word' id='word_1_857' title='bbox 3315 5360 3552 5415; x_wconf 83' lang='lat' dir='ltr'><strong>solidum</strong></span> 
     </span>
    </p>
   </div>
   <div class='ocr_carea' id='block_1_114' title="bbox 1986 5438 3548 5516">
    <p class='ocr_par' dir='ltr' id='par_1_114' title="bbox 1986 5438 3548 5516">
     <span class='ocr_line' id='line_1_114' title="bbox 1986 5438 3548 5516; baseline 0.008 -23"><span class='ocrx_word' id='word_1_858' title='bbox 1986 5449 2039 5493; x_wconf 86' lang='lat' dir='ltr'><strong>et</strong></span> <span class='ocrx_word' id='word_1_859' title='bbox 2070 5438 2342 5493; x_wconf 80' lang='lat' dir='ltr'><strong>obsistens</strong></span> <span class='ocrx_word' id='word_1_860' title='bbox 2374 5440 2541 5494; x_wconf 88' lang='lat' dir='ltr'><strong>illisus</strong></span> <span class='ocrx_word' id='word_1_861' title='bbox 2566 5452 2711 5495; x_wconf 87' lang='lat' dir='ltr'><strong>retro</strong></span> <span class='ocrx_word' id='word_1_862' title='bbox 2749 5452 3045 5512; x_wconf 77' lang='lat' dir='ltr'><strong>torquetur.</strong></span> <span class='ocrx_word' id='word_1_863' title='bbox 3074 5446 3139 5500; x_wconf 82' lang='lat' dir='ltr'><strong>Et</strong></span> <span class='ocrx_word' id='word_1_864' title='bbox 3166 5444 3291 5516; x_wconf 74' lang='lat' dir='ltr'><strong>quia</strong></span> <span class='ocrx_word' id='word_1_865' title='bbox 3313 5467 3408 5513; x_wconf 80' lang='lat' dir='ltr'><strong>per</strong></span> <span class='ocrx_word' id='word_1_866' title='bbox 3436 5455 3548 5507; x_wconf 85' lang='lat' dir='ltr'><strong>vim</strong></span> 
     </span>
    </p>
   </div>
   <div class='ocr_carea' id='block_1_115' title="bbox 1990 5528 3544 5604">
    <p class='ocr_par' dir='ltr' id='par_1_115' title="bbox 1990 5528 3544 5604">
     <span class='ocr_line' id='line_1_115' title="bbox 1990 5528 3544 5604; baseline 0.011 -24"><span class='ocrx_word' id='word_1_867' title='bbox 1990 5542 2134 5582; x_wconf 73' lang='lat' dir='ltr'><strong>retro</strong></span> <span class='ocrx_word' id='word_1_868' title='bbox 2165 5538 2321 5583; x_wconf 86' lang='lat' dir='ltr'><strong>actus</strong></span> <span class='ocrx_word' id='word_1_869' title='bbox 2375 5528 2465 5583; x_wconf 88' lang='lat' dir='ltr'><strong>ltic</strong></span> <span class='ocrx_word' id='word_1_870' title='bbox 2512 5546 2680 5599; x_wconf 90' lang='lat' dir='ltr'><strong>vapor</strong></span> <span class='ocrx_word' id='word_1_871' title='bbox 2730 5534 2923 5586; x_wconf 81' lang='lat' dir='ltr'><strong>cedere</strong></span> <span class='ocrx_word' id='word_1_872' title='bbox 2988 5539 3194 5604; x_wconf 71' lang='lat' dir='ltr'><strong>nequit,</strong></span> <span class='ocrx_word' id='word_1_873' title='bbox 3239 5541 3544 5597; x_wconf 80' lang='lat' dir='ltr'><strong>obsistente</strong></span> 
     </span>
    </p>
   </div>
   <div class='ocr_carea' id='block_1_116' title="bbox 1988 5621 3552 5703">
    <p class='ocr_par' dir='ltr' id='par_1_116' title="bbox 1988 5621 3552 5703">
     <span class='ocr_line' id='line_1_116' title="bbox 1988 5621 3552 5703; baseline 0.002 -29"><span class='ocrx_word' id='word_1_874' title='bbox 1988 5622 2131 5674; x_wconf 84' lang='lat' dir='ltr'><strong>illico</strong></span> <span class='ocrx_word' id='word_1_875' title='bbox 2163 5621 2305 5689; x_wconf 90' lang='lat' dir='ltr'><strong>quod</strong></span> <span class='ocrx_word' id='word_1_876' title='bbox 2330 5637 2360 5675; x_wconf 90' lang='lat' dir='ltr'><strong>a</strong></span> <span class='ocrx_word' id='word_1_877' title='bbox 2388 5629 2539 5691; x_wconf 82' lang='lat' dir='ltr'><strong>tergo</strong></span> <span class='ocrx_word' id='word_1_878' title='bbox 2569 5625 2817 5691; x_wconf 79' lang='lat' dir='ltr'><strong>sequitur</strong></span> <span class='ocrx_word' id='word_1_879' title='bbox 2838 5635 3001 5694; x_wconf 79' lang='lat' dir='ltr'><strong>atque</strong></span> <span class='ocrx_word' id='word_1_880' title='bbox 3050 5629 3313 5703; x_wconf 50' lang='lat' dir='ltr'><strong>numine},</strong></span> <span class='ocrx_word' id='word_1_881' title='bbox 3346 5635 3552 5691; x_wconf 65' lang='grc' dir='ltr'>ίίιςιι-(ιο</span> 
     </span>
    </p>
   </div>
   <div class='ocr_carea' id='block_1_117' title="bbox 1988 5712 3553 5784">
    <p class='ocr_par' dir='ltr' id='par_1_117' title="bbox 1988 5712 3553 5784">
     <span class='ocr_line' id='line_1_117' title="bbox 1988 5712 3553 5784; baseline 0.012 -21"><span class='ocrx_word' id='word_1_882' title='bbox 1988 5714 2156 5765; x_wconf 80' lang='lat' dir='ltr'><strong>veluti</strong></span> <span class='ocrx_word' id='word_1_883' title='bbox 2190 5712 2390 5767; x_wconf 86' lang='lat' dir='ltr'><strong>fractus</strong></span> <span class='ocrx_word' id='word_1_884' title='bbox 2418 5712 2471 5765; x_wconf 89' lang='lat' dir='ltr'><strong>in</strong></span> <span class='ocrx_word' id='word_1_885' title='bbox 2506 5724 2878 5768; x_wconf 84' lang='lat' dir='ltr'><strong>transversum</strong></span> <span class='ocrx_word' id='word_1_886' title='bbox 2910 5721 3107 5783; x_wconf 59' lang='lat' dir='ltr'><strong>agitur.</strong></span> <span class='ocrx_word' id='word_1_887' title='bbox 3148 5721 3246 5775; x_wconf 68' lang='lat' dir='ltr'><strong>U‘2i</strong></span> <span class='ocrx_word' id='word_1_888' title='bbox 3279 5728 3553 5784; x_wconf 55' lang='lat' dir='ltr'><strong>coniunli</strong></span> 
     </span>
    </p>
   </div>
   <div class='ocr_carea' id='block_1_118' title="bbox 1992 5804 3550 5873">
    <p class='ocr_par' dir='ltr' id='par_1_118' title="bbox 1992 5804 3550 5873">
     <span class='ocr_line' id='line_1_118' title="bbox 1992 5804 3550 5873; baseline 0.01 -17"><span class='ocrx_word' id='word_1_889' title='bbox 1992 5804 2153 5858; x_wconf 87' lang='lat' dir='ltr'><strong>modo</strong></span> <span class='ocrx_word' id='word_1_890' title='bbox 2187 5815 2749 5869; x_wconf 79' lang='lat' dir='ltr'><strong>exceptusacorpore</strong></span> <span class='ocrx_word' id='word_1_891' title='bbox 2794 5810 3049 5870; x_wconf 82' lang='lat' dir='ltr'><strong>quoniam</strong></span> <span class='ocrx_word' id='word_1_892' title='bbox 3099 5814 3273 5866; x_wconf 68' lang='lat' dir='ltr'><strong>seiiitlu</strong></span> <span class='ocrx_word' id='word_1_893' title='bbox 3333 5834 3550 5873; x_wconf 77' lang='lat' dir='ltr'><strong>rnrsuttt</strong></span> 
     </span>
    </p>
   </div>
  </div>
