4214 6442
655 385 717 442 42
1386 372 1397 380 ’
1918 386 2337 443 menaeus
2380 385 2634 445 nuc/1:
3819 381 3886 441 tt

647 497 944 563 excipiunt,
993 497 1192 562 quibus
1229 497 1282 549 in
1313 509 1465 564 aqum
1492 493 1743 562 potabilis
1785 495 2010 562 penuria
2073 493 2208 547 sitim

2320 495 2385 547 ἂν
2425 495 2528 548 ὑπὸ
2560 497 2669 548 τῶν
2705 496 3130 566 ναυτιλλομένων
3167 496 3430 564 ἑψόμενον
3465 494 3758 549 κάντεῦθεν
3787 492 3890 564 τὴν

647 589 1011 655 restinguunt.
1035 588 1377 654 Quapropter
1405 597 1552 638 recte
1584 585 1788 637 dictum
1815 593 1900 638 est
1921 601 1950 636 a
1987 591 2104 638 vate
2123 600 2218 636 nu-

649 688 763 731 stro
805 694 818 731 :
860 699 876 729 ί
908 679 1011 742 Qui
1053 694 1248 746 aquam
1293 678 1558 730 marinam
1597 677 1700 744 ιο
1725 691 1941 730 sursum
1969 675 2112 728 tollit
2161 686 2216 727 et

641 768 840 818 eamiu
891 778 1047 819 terra:
1106 765 1452 834 superﬁciem
1502 765 1755 818 cﬂ‘undit.
1787 785 1805 816 ›
1861 766 2074 819 Etenim
2121 779 2217 833 per

639 857 1016 911 exhalationes
1077 869 1224 910 ortas
1280 858 1346 909 de
1381 856 1514 910 locis
1565 856 1917 909 inferioribus
1958 857 2217 910 densatus

639 964 736 1000 aer
759 957 937 1016 guttas
967 949 1231 1015 quasdam
1268 947 1528 1010 demittit,
1575 947 1750 1014 iisque
1782 956 1980 999 terram
2022 945 2212 998 fecun-

639 1037 732 1090 dat
791 1053 854 1089 ac
887 1038 1238 1106 pinguefacit.
1275 1037 1468 1090 Itidem
1523 1047 1576 1090 et
1626 1038 1726 1098 sol,
1799 1053 1920 1090 cum
1971 1037 2216 1106 partibus

637 1128 969 1180 australibus
1003 1128 1264 1181 absolutis
1288 1126 1352 1179 ad
1381 1127 1630 1181 boreales
1651 1142 1707 1180 se
1734 1127 2030 1181 confertae
2059 1137 2217 1180 testa-

638 1227 744 1266 lt‘ttt
781 1219 963 1279 cllicit,
1021 1233 1126 1269 non
1186 1218 1360 1269 solum
1405 1231 1574 1283 aquas
1634 1216 1818 1268 haurit
1866 1225 1919 1268 et
1975 1215 2212 1267 aridiora

633 1326 863 1380 corpora
895 1320 1074 1362 nostra
1136 1309 1336 1372 reddit,
1395 1309 1489 1362 sed
1553 1323 1946 1375 nonnunquam
2018 1305 2213 1359 ﬂuvios

633 1404 798 1455 etiam
847 1401 1086 1453 minores
1119 1400 1379 1453 cxsiccat.
1442 1399 1640 1453 Eadem
1704 1398 1912 1451 ratione
1960 1397 2044 1462 ﬁt}
2065 1397 2210 1466 quod

634 1494 816 1547 Nilum
842 1493 1121 1546 exundare
1177 1491 1399 1545 tradunt
1457 1506 1564 1543 non
1603 1499 1864 1543 consueto
1897 1488 2214 1543 ﬂuminibus

631 1585 846 1638 ru'leris
875 1593 1136 1651 tempore,
1168 1583 1262 1636 sed
1296 1591 1483 1636 aestate
1530 1581 1709 1635 media
1743 1579 2034 1649 Egyptum
2082 1595 2212 1633 coo-

630 1682 833 1751 perire,
889 1694 998 1747 quo
1059 1688 1303 1746 tempore
1339 1677 1418 1732 sol
1469 1677 1711 1731 cmlestis
1765 1676 1966 1744 cingnli
2008 1683 2210 1742 partem

629 1770 991 1840 aquilonalem
1031 1779 1296 1837 permeat,
1329 1777 1383 1822 et
1413 1769 1624 1822 caeteris
1645 1767 1864 1835 quidem
1913 1766 2096 1820 ﬂuviis
2125 1780 2215 1818 ca-

628 1862 745 1916 lore
775 1878 874 1915 suo
907 1863 1170 1914 molestus
1217 1870 1322 1922 esti
1375 1860 1448 1913 ab
1501 1859 1606 1913 hoc
1644 1859 1855 1927 autem]
1891 1859 2209 1928 longissime

629 1955 805 2009 abest.
843 1955 960 2023 Ipsa
1008 1967 1267 2021 vaporum
1309 1961 1501 2005 natura
1550 1950 1685 2004 nihil
1738 1960 1822 2005 est
1859 1949 2008 2003 aliud
2046 1965 2207 2018 quam

627 2057 905 2101 attenuata
948 2045 1158 2100 scilicet
1219 2054 1382 2113 aqua.
1418 2043 1480 2096 Hi
1536 2059 1668 2112 ergo
1716 2057 1842 2097 cum
1882 2044 2208 2096 attractione

627 2139 780 2200 solis,
813 2138 1098 2192 utdictutn
1163 2147 1269 2197 est,
1302 2136 1358 2189 in
1414 2135 1651 2189 sublime
1712 2135 1982 2188 tolluntur
2025 2144 2081 2188 et
2113 2149 2208 2188 aer

625 2229 751 2282 inle
769 2229 1049 2290 densatur,
1071 2228 1289 2297 pluvite,
1311 2226 1486 2290 nives,
1510 2225 1804 2296 grandines
1821 2226 2034 2295 aliaque
2057 2225 2203 2290 talia,

623 2322 692 2372 de
719 2319 1041 2388 humoribus
1065 2318 1322 2371 nimirum
1357 2326 1497 2378 orta,
1542 2317 1892 2371 delabuntur.
1921 2319 1998 2372 Ac
2027 2316 2094 2371 de
2124 2316 2208 2370 his

621 2411 844 2481 quidem
887 2411 942 2464 in
975 2410 1120 2464 hunc
1153 2409 1374 2463 modum
1412 2409 1697 2464 hactenus.

698 2683 812 2738 Non
847 2682 1041 2737 dubito
1075 2693 1276 2746 autent,
1329 2682 1523 2738 dilecte
1589 2680 1684 2746 ﬁli,
1753 2691 1803 2737 te
1849 2691 2205 2752 posteaquam

621 2791 770 2828 nunc
796 2791 825 2828 a
859 2775 1005 2829 Mose
1056 2776 1370 2843 conscripta
1429 2783 1543 2828 tum
1589 2773 1656 2827 de
1686 2773 1824 2829 coelo
1855 2775 2033 2844 primo
2089 2786 2204 2828 tum

621 2871 688 2920 de
714 2868 907 2930 altero,
941 2867 1204 2920 nimirum
1235 2866 1301 2921 de
1331 2865 1676 2922 ﬁrmamento
1698 2875 1754 2921 et
1793 2867 2206 2936 comprehensis

620 2959 763 3012 iuzer
792 2958 958 3012 hosce
983 2960 1122 3011 duos
1146 2958 1314 3012 etelos
1339 2958 1518 3027 aquis,
1550 2960 1916 3027 percurreris,
1957 2959 2202 3023 omnino,

620 3063 742 3115 quae
775 3057 864 3099 tua
909 3045 1174 3100 sedulitas
1230 3056 1314 3100 est
1378 3047 1736 3116 discendique
1785 3047 2052 3111 studium,
2109 3050 2202 3117 qui

2321 587 2510 655 χρείαν
2565 586 2801 656 μετρίως
2847 585 3344 656 παραμυθούμενον
3371 601 3385 614 ·
3434 584 3738 652 τηνικαῦτα
3782 584 3888 653 γὰρ

2321 678 2582 742 σπόγγοις
2635 661 3039 746 ὑποδεχόμενοί
3069 677 3195 738 τοὺς
3247 676 3624 742 ἀναγομένους
3677 675 3889 726 ἐκεῖθεν

2318 767 2525 834 ἀτμοὺς
2572 768 2710 836 ῐαμα
2751 768 2913 836 δίψης
2962 770 3021 820 ὲν
3065 770 3186 830 ταῖς
3234 768 3504 831 ἀνάγκαις
3549 765 3889 834 εὑρίσκουσι.

2318 857 2513 920 Καλῶς
2545 854 2637 910 οῦν
2665 862 2691 911 6
2724 863 3007 929 προφήτης
3040 858 3226 926 ἔλεγεν
3263 878 3280 908 ι
3314 858 3374 910 '0
3408 857 3625 922 ἀνάγων
3651 856 3711 906 τὸ
3743 854 3889 922 ὕδωρ

2315 953 2416 1018 τῆς
2456 951 2732 1020 θαλάσσης
2773 953 2868 1003 καὶ
2911 953 3115 1020 ὲκχέων
3153 953 3282 1003 αὐτὸ
3328 950 3419 1002 ἐπὶ
3462 951 3753 1018 πρόσωπον
3789 951 3889 1014 τῆς

2316 1043 2420 1109 γῆς
2449 1056 2464 1072 ⁸
2503 1059 2523 1092 δ
2579 1045 2604 1094 ὁ
2639 1044 2748 1109 γὰρ
2783 1041 2889 1111 ἀὴρ
2924 1045 3045 1099 ταῖς
3083 1042 3328 1093 κάτωθεν
3361 1039 3760 1108 ἀναθυμιάσεσι
3795 1055 3891 1090 κα-

2315 1133 2759 1200 ταπυκνούμενος
2788 1134 3054 1200 σταγόνας
3081 1132 3273 1198 ἀφίησι
3301 1132 3394 1184 καὶ
3419 1130 3768 1183 καταπιαίνει
3792 1128 3890 1195 τὴν

2315 1225 2438 1291 γῆν.
2466 1225 2623 1276 Κατὰ
2652 1224 2810 1277 τοῦτο
2840 1225 2934 1297 κα)
2963 1227 2990 1277 6
3019 1225 3169 1294 ἥλιος
3200 1224 3362 1292 ἡνίκα
3390 1224 3458 1275 τὰ
3490 1223 3642 1274 νότια
3674 1222 3887 1289 παρεά-

2317 1331 2414 1376 σας
2449 1315 2539 1365 ἐπὶ
2573 1313 2642 1366 τὰ
2679 1314 2863 1382 βόρεια
2903 1296 3048 1382 μέρη
3081 1314 3267 1381 τρέχει
3302 1314 3395 1364 καὶ
3427 1312 3488 1364 τὸ
3524 1311 3682 1379 θέρος
3717 1312 3887 1379 ἐργά-

2315 1409 2500 1468 ζεται,
2532 1404 2813 1457 ἀναλίσκει
2845 1405 2912 1456 τὰ
2946 1404 3114 1456 ὕδατα
3141 1405 3237 1455 καὶ
3263 1406 3331 1454 τὰ
3363 1405 3606 1471 ἡμέτερα
3643 1400 3889 1468 ξηραίνει

2315 1496 2564 1564 σώματα.
2595 1496 2702 1548 Καὶ
2731 1497 2917 1564 μέντοι
2946 1495 3039 1546 καὶ
3067 1495 3191 1556 τοὺς
3217 1493 3497 1562 ποταμοὺς
3526 1493 3889 1560 μικροτέρους

2314 1586 2462 1639 ἔστιν
2500 1587 2649 1640 ἰδεῖν.
2687 1587 2876 1656 Τούτῳ
2920 1587 3104 1655 μέντοι
3139 1585 3214 1652 τῷ
3253 1586 3397 1653 λόγῳ
3438 1587 3533 1636 καὶ
3566 1585 3658 1636 τὸν
3693 1583 3888 1634 Νεῖλον

2314 1680 2480 1731 αὑτὸν
2511 1680 2570 1732 οὐ
2607 1681 2748 1733 κατὰ
2777 1681 2868 1732 τὸν
2898 1679 3062 1732 αὐτὸν
3091 1681 3203 1740 τοῖς
3235 1675 3415 1738 ἀλλοις
3450 1678 3584 1744 φασὶ
3619 1677 3885 1745 πλημμυ-

2319 1770 2434 1837 ρεῖν
2465 1768 2688 1836 καιρὸν,
2719 1766 2856 1820 ἀλλὰ
2891 1766 3186 1836 μεσοῦντος
3216 1764 3309 1817 τοῦ
3343 1764 3538 1832 θέρους
3572 1763 3888 1826 ιπικλύζειν

2315 1859 2413 1930 τὴν
2443 1862 2748 1927 Αἴγυπτον,
2777 1859 2854 1920 ώς
2878 1859 2972 1910 τοῦ
3001 1874 3066 1925 γε
3095 1856 3248 1925 ἡλίου
3284 1855 3376 1924 τὴν
3409 1855 3755 1924 βορειοτέραν
3786 1870 3852 1920 τη
3870 1881 3888 1892 -

2313 1949 2543 2003 νικαῦτα
2567 1950 2874 2012 διαθέοντος
2899 1949 3099 2018 ζώνην,
3123 1949 3219 2002 καὶ
3242 1950 3352 2008 τοῖς
3379 1948 3562 2008 ἄλλοις
3588 1947 3688 2014 μὲν
3711 1961 3885 1997 ποτα-

2313 2044 2436 2112 μοῖς
2483 2040 2858 2111 ἐνοχλοῦντος,
2907 2040 3100 2092 τούτου
3149 2041 3204 2092 δὲ
3257 2040 3511 2092 πλεῖστον
3561 2038 3881 2106 ἀπέχοντος.

2319 2134 2386 2186 Ἦ
2417 2135 2600 2202 μέντοι
2624 2133 2733 2186 τῶν
2759 2132 2948 2201 ἀτμῶν
2977 2132 3135 2198 φύσις
3165 2131 3317 2183 οὐδὲν
3344 2130 3470 2183 ἄλλο
3500 2131 3648 2181 ἐστὶν
3675 2131 3706 2193 ἥ
3737 2129 3887 2180 λελε-

2308 2225 2618 2293 πτυσμένον
2647 2223 2812 2292 ὕδωρ.
2846 2223 3224 2291 Ἀναγομένων
3258 2218 3373 2287 οὖν,
3406 2221 3480 2282 ώς
3509 2222 3744 2289 εἴρηται,
3779 2223 3883 2271 αύ-

2307 2318 2415 2369 τῶν
2447 2319 2514 2386 τῇ
2543 2316 2636 2369 τοῦ
2670 2317 2820 2386 ἡλίου
2851 2316 2982 2384 ὁλκῇ
3009 2355 3024 2378 ,
3054 2313 3349 2367 κάντεῦθεν
3379 2329 3584 2365 πυκνου
3595 2314 3754 2381 μένου
3787 2310 3882 2363 τοῦ

2307 2407 2491 2477 ἀέρος,
2521 2407 2666 2459 ὑετοὶ
2698 2407 3184 2476 καταρῤήγνυνται
3214 2405 3389 2472 χιόνες
3416 2419 3472 2454 τε
3507 2405 3597 2454 καὶ
3627 2401 3883 2470 χάλαζαι,

2307 2499 2403 2554 καὶ
2447 2501 2547 2552 ὅσα
2591 2502 2691 2570 τῆς
2736 2499 2910 2569 ύργᾶς
2959 2497 3194 2567 ὑπάρχει
3245 2495 3460 2564 φύσεως
3514 2495 3732 2563 ἔγγονα.
3776 2493 3888 2547 Καὶ

2309 2594 2437 2662 περὶ
2470 2592 2570 2660 μὲν
2593 2592 2798 2645 τούτων
2823 2591 3021 2652 οὕτως.

2377 2680 2509 2736 Οἶδα
2539 2683 2615 2747 δὲ,
2646 2683 2898 2752 ἀγαπητὲ
2918 2721 2932 2746 ,
2959 2683 3042 2734 ὅτι
3077 2681 3201 2734 καθ’
3223 2681 3482 2755 ⁹ἱστορίαν
3513 2679 3820 2734 ἐπελθοῦσα
3846 2679 3879 2747 ἡ

2309 2776 2376 2846 σὴ
2414 2774 2741 2843 φιλομάθεια
2767 2776 2836 2828 τὰ
2871 2774 3022 2843 παρά
3052 2774 3296 2834 Μωσέως
3329 2775 3619 2843 γραφέντα
3659 2773 3786 2841 περί
3819 2787 3882 2823 τε

2307 2867 2400 2918 τοῦ
2446 2865 2661 2936 πρώτου
2699 2865 2932 2934 ούρανοῦ
2964 2865 3091 2933 περί
3125 2881 3185 2916 τε
3211 2863 3305 2916 τοῦ
3336 2864 3613 2933 δευτέρου,
3649 2863 3887 2932 στερεώ-

2310 2974 2480 3025 ματος
2509 2955 2733 3025 δηλαδὴ,
2769 2959 2863 3009 καὶ
2910 2957 3040 3025 περὶ
3084 2955 3192 3007 τῶν
3236 2955 3725 3023 ὲναπειλημμένων
3752 2954 3884 3006 ὑδά-

2307 3062 2417 3097 των
2453 3045 2616 3114 μέσον
2649 3044 2758 3098 τῶν
2786 3044 2879 3097 δύο
2921 3042 3124 3096 τούτων
3149 3043 3205 3094 ού
3219 3042 3418 3112 ρανῶν,
3454 3040 3784 3094 ἐκλαὸέσθαι
3813 3043 3884 3094 τά

622 3138 912 3196 sublimius
947 3138 1204 3207 quiddam
1236 3153 1302 3193 ex
1334 3137 1420 3193 his
1445 3139 1570 3193 elici
1601 3141 1770 3207 possit
1796 3139 2199 3210 iudagaturum.

2310 3135 2532 3189 τοιαῦτα
2585 3137 2679 3187 καὶ
2723 3135 2865 3188 κατά
2905 3137 3194 3207 ἀναγωγὴν
3246 3136 3513 3206 ἑπιζητεῐ.
3564 3138 3752 3209 Ταύτῃ
3801 3152 3884 3189 τοι

620 3232 697 3285 Ea
723 3231 791 3283 de
840 3245 1004 3284 causa
1055 3229 1152 3283 tibi
1209 3229 1456 3283 divinum
1507 3229 1807 3292 hominem,
1851 3229 2202 3286 Auas'tasium

620 3326 775 3379 illum
825 3323 1069 3378 Sinaiten
1105 3321 1345 3390 profero,
1377 3325 1620 3391 quicum
1672 3338 1740 3377 ex
1765 3323 1938 3376 Paulo
1972 3324 2013 3353 ¹²
2051 3339 2208 3379 acce-

620 3421 794 3487 pisset
825 3432 1016 3472 omnes
1046 3431 1132 3471 res
1160 3427 1266 3472 tam
1291 3416 1542 3471 caelestes
1588 3432 1749 3485 quam
1807 3426 2096 3473 terrestres
2129 3419 2207 3474 sic

622 3510 794 3563 factas
834 3523 956 3562 esse
983 3519 1039 3561 ut
1067 3507 1270 3562 Christi
1311 3508 1514 3577 figuras
1547 3517 1603 3562 et
1648 3507 1916 3577 imagines
1941 3510 2205 3578 quasdam

623 3609 1039 3670 repraesentem,
1071 3599 1336 3669 pleraque
1367 3601 1547 3670 prisco
1577 3602 1629 3653 'rn
1656 3597 1865 3655 foedere
1900 3603 2207 3671 perscripta

621 3706 786 3745 sensu
838 3691 1135 3760 allegorica
1193 3699 1276 3744 est
1358 3690 1772 3759 interpretatus.
1829 3690 2202 3755 Quamobrem

620 3785 747 3837 audi
784 3783 914 3853 quid
947 3783 1015 3837 de
1047 3782 1375 3837 etelishisce
1432 3783 1649 3836 duobus
1703 3782 1902 3836 tradat.
1949 3782 2226 3849 Superio--

620 3877 717 3940 ris,
777 3876 975 3944 inquit,
1038 3874 1162 3931 cmli
1225 3883 1421 3929 natura
1471 3874 1631 3929 nobis
1692 3875 2209 3943 incomprehensilis

625 3968 910 4023 continere
962 3967 1096 4021 mihi
1159 3965 1386 4036 ﬁguram
1437 3965 1727 4035 quamdam
1803 3966 2210 4034 inaspectabilis

622 4060 773 4114 illius
843 4070 898 4114 et
989 4059 1511 4128 incomprehensilis
1588 4057 1894 4114 divinitatis
1967 4062 2206 4123 vtdetur,

620 4151 1086 4220 quemadmodum
1144 4133 1547 4203 ﬁrmamentum
1607 4150 1838 4204 inferius
1877 4150 2130 4204 humana:
2155 4153 2208 4204 in

623 4245 841 4298 Christo
867 4251 1076 4297 natura:
1111 4241 1528 4296 similitudinem
1576 4240 1764 4305 habet,
1806 4257 1971 4311 quam
2021 4243 2112 4296 ille
2142 4243 2209 4296 de

623 4340 759 4394 locis
829 4338 1020 4393 inferis
1048 4339 1389 4406 assumpsit;
1450 4351 1572 4391 cum
1625 4337 1844 4390 interim
1913 4352 2054 4405 aqua
2117 4336 2207 4392 illa

622 4433 856 4485 duorum
889 4431 1153 4483 cmlorum
1181 4430 1233 4482 in
1259 4425 1439 4482 medio
1463 4427 1858 4497 comprehensa
1897 4427 2055 4481 nobis
2087 4429 2208 4480 ani-

624 4538 766 4575 tnam
802 4522 918 4590 ejus
952 4521 1131 4574 omnis
1159 4519 1318 4589 plane
1341 4518 1484 4575 labis
1510 4525 1789 4589 expertem
1826 4527 2204 4586 reprzesentet,

623 4631 731 4684 qua
760 4614 998 4669 medium
1051 4612 1206 4681 quasi
1242 4611 1500 4681 quiddam
1556 4610 1811 4666 estinter
1864 4610 2207 4663 divinitatem

621 4719 676 4762 ct
711 4707 895 4760 carnis
921 4703 1244 4759 crassitiem.
1287 4702 1424 4756 Ecce
1457 4704 1627 4766 enim,
1693 4702 1892 4756 coelum
1946 4700 2078 4754 illud
2116 4716 2207 4754 su-

623 4797 811 4866 perius
836 4794 1106 4862 principio
1130 4791 1331 4846 coelum
1364 4792 1698 4860 appellatum
1735 4800 1840 4852 est,
1877 4799 1930 4843 et
1984 4790 2203 4858 quidem

627 4889 974 4950 naturaliter,
1016 4885 1477 4956 quemadmodum
1508 4883 1672 4938 etiam
1707 4884 1849 4937 Deus
1900 4883 1988 4939 ille
2021 4897 2204 4937 sermo

625 4983 874 5037 ab'iuitio
921 4980 1062 5035 Deus
1115 4989 1219 5034 est.
1265 4979 1332 5032 At
1361 4977 1763 5030 ﬁrmamentum
1792 4966 1922 5030 illud
1981 4976 2209 5030 inferius

625 5086 681 5129 et
721 5073 1000 5128 tnateriale
1044 5086 1150 5125 non
1177 5071 1246 5125 ab
1275 5071 1456 5132 initio,
1512 5068 1604 5125 sed
1652 5080 1772 5137 post
1800 5068 2206 5138 copulatiouem

625 5183 749 5224 cum
783 5166 875 5221 illo
907 5165 1192 5232 superiore
1226 5162 1350 5217 caeli
1389 5176 1585 5214 nomen
1639 5161 1872 5228 accepit,
1911 5162 2131 5230 quando
2159 5171 2212 5216 et

625 5266 1032 5313 sacrosanctum
1067 5253 1436 5309 illud'Christi
1469 5267 1671 5323 corpus
1740 5263 1962 5322 propter
1996 5253 2222 5327 deilicaj

629 5353 835 5405 tionem
872 5361 926 5404 et
953 5348 1211 5402 unionem
1246 5346 1388 5399 Deus
1411 5360 1532 5399 esse
1555 5345 1779 5411 dicitur,
1822 5359 1931 5397 non
1963 5360 1992 5399 a
2021 5353 2214 5399 natura

629 5444 874 5514 propria.
906 5441 1164 5495 Testatur
1196 5439 1300 5494 hoc
1335 5447 1390 5494 et
1450 5454 1677 5509 magnus
1708 5438 1797 5492 ille
1860 5437 2080 5501 Paulus,
2109 5438 2208 5507 ιι

2309 3228 2402 3280 καὶ
2436 3229 2527 3280 τὸν
2568 3228 2820 3298 Σιναῖτην
2855 3228 2961 3281 ἰδοὺ
3004 3229 3240 3299 παράγω
3295 3246 3379 3281 σοι
3433 3229 3574 3282 θεῖον
3617 3229 3882 3281 Ἀναστά-

2311 3338 2424 3373 σιον
2445 3337 2458 3352 ·
2491 3323 2518 3373 6
2553 3321 2660 3390 γὰρ
2692 3321 2831 3383 θεῖος
2853 3312 3008 3383 οὗτος
3043 3322 3181 3389 ἀνὴρ
3230 3321 3469 3384 ἀκούσας
3511 3320 3605 3373 τοῦ
3639 3321 3882 3391 μεγάλου

2311 3413 2526 3467 Παύλου
2576 3414 2824 3481 λέγοντος
2865 3417 2946 3467 ὃτι
2990 3415 3166 3467 πάντα
3215 3417 3295 3476 είς
3339 3416 3574 3483 Χριστὸν
3617 3415 3883 3483 προτετύο

2311 3523 2509 3569 πωται,
2540 3507 2608 3558 τά
2666 3508 2724 3558 ἐν
2766 3505 2978 3576 οὐρανῷ
3021 3508 3114 3560 καὶ
3164 3508 3229 3559 τὰ
3278 3508 3371 3560 ἐπὶ
3405 3507 3500 3576 τῆς
3527 3507 3651 3576 γῆς,
3688 3507 3880 3561 τούτου

2311 3600 2469 3668 χάριν
2519 3599 2895 3668 άλληγορικῶς
2937 3600 3006 3651 τὰ
3054 3599 3226 3653 πλείω
3274 3601 3373 3668 τῆς
3418 3599 3663 3661 Παλαιᾶς
3705 3600 3891 3665 ἐξελά-

2311 3692 2457 3747 6ετο.
2493 3693 2602 3746 Καὶ
2654 3691 2816 3746 ἄκουε
2861 3691 2916 3743 τί
2965 3708 3098 3761 φησι
3143 3691 3272 3760 περὶ
3315 3689 3424 3743 τῶν
3465 3691 3712 3760 οὐρανῶν
3745 3694 3888 3751 τέως

2311 3785 2534 3837 αὐτῶν*
2578 3802 2596 3834 r
2647 3784 2712 3835 'H
2747 3783 2840 3836 τοῦ
2893 3784 3168 3852 ἀνωτέρου
3216 3783 3446 3853 ούρανοῦ
3501 3783 3890 3851 ἀκατάληπτος

2313 3875 2473 3942 φύσις
2523 3876 2646 3943 ἐμοὶ
2689 3875 2839 3929 δοκεί
2890 3875 3058 3928 τύπον
3102 3875 3320 3944 ἐπέχειν
3365 3877 3465 3941 τῆς
3516 3875 3751 3940 ἀοράτου
3789 3878 3885 3928 καὶ

2311 3967 2701 4036 ἀκαταλήπτου
2755 3967 2913 4035 λόγου
2977 3967 3251 4037 θεότητος,
3280 3968 3338 4019 τὸ
3379 3967 3436 4019 δὲ
3495 3968 3782 4038 στερέωμα
3828 3967 3891 4018 τὸ

2313 4061 2556 4117 κάτωθεν
2602 4059 2824 4113 ἀνελθὸν
2872 4059 3039 4111 τύπον
3089 4059 3308 4128 ιπέχειν
3358 4062 3459 4122 τῆς
3499 4061 3594 4110 τοῦ
3644 4058 3887 4127 Χριστοῦ

2315 4151 2735 4220 άνθρωπότητος
2786 4151 2852 4218 ἣν
2909 4149 3069 4205 ἔλασε
3112 4151 3377 4203 κάτωθεν.
3417 4150 3490 4203 T6
3537 4151 3592 4203 δὲ
3641 4149 3784 4219 ὕδωρ
3826 4153 3889 4203 τὸ

2316 4243 2498 4313 μέσων
2537 4243 2645 4296 τῶν
2677 4242 2770 4294 δύο
2805 4242 3214 4312 ἑμπεριληφθὲν
3243 4243 3425 4294 εἰκόνα
3463 4243 3756 4312 διαγράφει
3790 4245 3890 4312 τῆς

2312 4336 2585 4406 ἀχράντου
2633 4333 2801 4385 αὺτοῦ
2840 4333 3020 4405 ψυχῆς
3075 4332 3469 4404 μεσιτευούσης
3531 4333 3745 4402 θεότητι
3793 4334 3893 4386 καὶ

2323 4426 2525 4497 σαρκὸς
2587 4428 2883 4494 παχύτητι.
2918 4426 3063 4494 Ὅρα
3107 4427 3215 4494 γὰρ
3264 4426 3346 4478 ὅτι
3395 4427 3423 4476 6
3472 4425 3573 4494 μὲν
3619 4425 3894 4494 ἀνώτερος

2313 4520 2544 4589 οὐρανὸς
2583 4518 2744 4585 φύσει
2779 4516 2874 4571 ἀπ’
2903 4519 3076 4586 ἀρχῆς
3101 4513 3329 4586 οὐρανὸς
3361 4517 3588 4584 ἐκλήθη,
3617 4517 3758 4572 καθά
3797 4518 3893 4574 καὶ

2309 4611 2337 4664 6
2361 4610 2492 4673 Θεὸς
2525 4611 2681 4678 λόγος
2711 4609 2805 4663 ἀπ’
2839 4610 3014 4679 ἀρχῆς
3049 4610 3181 4672 Θεὸς
3215 4609 3358 4674 ἐστὶ,
3390 4611 3451 4660 τὸ
3498 4609 3556 4660 δὲ
3592 4609 3887 4678 στερέωμα

2306 4702 2367 4756 τὸ
2399 4702 2643 4756 κάτωθεν
2678 4704 2771 4754 καὶ
2799 4703 2981 4755 ὑλικὸν
3020 4702 3121 4752 οὐκ
3165 4701 3261 4753 ἀπ’
3297 4701 3492 4770 ἀρχῆς,
3532 4701 3667 4768 μετά
3695 4701 3751 4752 δὲ
3787 4701 3893 4768 τὴν

2309 4791 2446 4859 πρὸς
2476 4791 2565 4844 τὲν
2615 4790 2885 4861 ἀνώτερον
2932 4790 3124 4844 ἕνωσιν
3174 4789 3403 4860 οὐρανὸς
3451 4790 3893 4862 ἐκλήθη,ὲπειδὴ

2315 4885 2413 4936 καὶ
2443 4884 2502 4934 τὸ
2531 4884 2687 4948 ἅγιον
2737 4881 2830 4934 τοῦ
2865 4881 3100 4951 Χριστοῦ
3147 4880 3308 4948 σῶμα
3342 4884 3404 4951 τῇ
3438 4880 3630 4932 θεώσει
3685 4884 3776 4932 καὶ
3821 4886 3887 4950 τῇ

2317 4975 2508 5028 ἐνώσει
2551 4975 2769 5042 λέγεται
2816 4974 2970 5035 Θεὸς.
3024 4972 3085 5025 οὑ
3133 4974 3240 5043 μὴν
3283 4975 3349 5042 τῇ
3397 4973 3571 5044 οἰκείᾳ
3629 4976 3808 5040 φύσει.
3865 4995 3886 5029 ι

2314 5067 2712 5137 Συμμαρτυρεῖ
2752 5067 2806 5118 δὲ
2842 5064 2999 5117 τοῦτο
3036 5067 3062 5117 6
3112 5070 3412 5135 πάμμεγα;
3462 5067 3690 5131 Παῦλος,
3726 5085 3894 5120 κατα-

2315 5160 2576 5226 πέτασμα
2607 5157 2782 5225 λέγων
2823 5158 2922 5228 τὴν
2952 5157 3116 5225 ἀγίαν
3140 5156 3234 5210 τοῦ
3265 5157 3504 5226 Χριστοῦ
3537 5159 3733 5227 σάρκα,
3766 5161 3892 5226 ἥτις

2317 5251 2565 5304 κάτωθεν
2611 5252 2708 5304 καὶ
2747 5252 2804 5316 ἐξ
2850 5251 3104 5318 αἱμάτων
3156 5251 3459 5323 συνεπάγη,
3493 5250 3636 5303 καθά
3685 5251 3750 5319 δὴ
3795 5258 3893 5303 καὶ

2317 5345 2450 5397 αὐτὸ
2489 5349 2548 5397 τὸ
2582 5343 2869 5412 στερέωμα
2899 5345 2963 5394 ὲκ
2998 5343 3105 5393 τῶν
3135 5343 3286 5395 κάτω
3316 5343 3556 5396 νοτίόων.
3579 5345 3688 5396 Καὶ
3717 5343 3894 5396 ταῦτα

2321 5435 2421 5505 μὲν
2451 5435 2638 5489 τοῦτον
2673 5435 2786 5506 ἔχει
2824 5435 2917 5489 τὸν
2951 5434 3172 5504 τρόπον.

628 5551 753 5590 cum
779 5541 1022 5588 sanctam
1051 5531 1251 5586 Christi
1280 5546 1500 5585 carnem
1537 5529 1897 5584 velamentum
1943 5529 2200 5597 appellat,
2241 5541 2363 5594 quae
2383 5540 2511 5578 caro
2573 5526 2803 5581 inferius
2853 5538 3130 5598 assumpta
3153 5530 3322 5583 estde
3345 5531 3583 5601 Virginis
3606 5531 3892 5598 sanguine,

631 5626 1098 5700 quemadmodum
1135 5624 1539 5679 ﬁrmamentum
1591 5622 1792 5679 factum
1824 5632 1909 5677 est
1961 5637 2027 5676 ex
2097 5620 2253 5690 aquis
2293 5619 2503 5675 inferis.
2541 5619 2723 5675 llahes
2783 5620 2927 5691 quod
2983 5622 3083 5676 hac
3118 5623 3170 5675 in
3206 5635 3359 5692 parte
3413 5623 3509 5678 tibi
3545 5623 3895 5679 sentiendum

633 5735 740 5782 ρει.

709 5816 1054 5878 ⁸’10›1”.λ,
1098 5816 1148 5868 6.
