4214 6442
322 367 393 432 45
1592 358 1986 423 ANNALIUM

1901 361 1999 423 ΗΜ
2042 360 2239 421 PARS
2284 362 2333 420 Γ.
3500 354 3565 409 te

845 485 1087 540 HMEPA
1140 483 1375 539 ΤΡΙἹἮ.
1926 484 1970 539 Α
2550 472 2705 529 DlES
2745 471 3025 528 TERTIA.

395 575 476 645 Τῇ
520 573 579 629 δὲ
634 574 794 646 τρίτῃ
855 574 1039 646 ἡμέρᾳ
1090 574 1160 628 τά
1210 573 1377 626 ὕδατα
1434 571 1616 625 πάντα
1666 572 1749 634 είς
1800 570 1901 633 τάς

2081 572 2177 625 Die
2217 571 2377 625 tertia
2409 578 2614 623 coactae
2663 576 2793 620 sunt
2824 579 2978 634 aqua:
3012 577 3203 619 omnes
3252 562 3300 614 vi
3346 562 3581 614 mandati

327 664 538 719 ἑαυτῶν
571 665 895 733 συναγωγάς
934 662 1285 735 συνήχθησαν
1332 663 1474 716 κατά
1524 661 1674 714 θείαν
1706 661 1897 714 κέλευ-

2006 661 2180 748 d'qini
2210 675 2342 715 suas
2394 658 2461 712 ad
2518 655 2897 716 collectiones,
2936 668 3114 720 eoque
3169 652 3331 704 modo
3382 652 3583 703 siccum

329 773 435 821 σιν,
467 756 561 810 καὶ
584 754 756 818 οὓτως
788 755 963 824 ἐφάνη
986 758 1021 825 ἡ
1045 755 1207 825 ξηρά.
1236 754 1367 808 Τότε
1398 753 1462 822 δὴ
1492 754 1587 807 καὶ
1619 752 1901 817 παντοίοις

2005 744 2295 823 apparuit;
2330 750 2476 821 quod
2530 749 2750 817 quidem
2808 761 2930 799 mox
2976 744 3371 799 admirabiliter
3407 744 3587 794 munis

327 850 468 920 αὕτη
504 851 693 917 φυτοῖς
738 866 799 902 τε
831 852 924 903 καὶ
955 851 1200 921 δένδρεσι
1243 849 1568 920 παραδόξως
1595 847 1905 902 ἐκαλλωπί-

2005 847 2226 918 generis
2259 845 2462 913 plantis
2505 852 2560 896 ct
2611 840 2905 895 arboribus
2939 837 3328 890 osculabatur.
3374 836 3585 900 Quippe

328 940 473 1006 ζετο.
504 942 595 1012 Τῷ
641 944 751 1013 γάρ
789 942 920 1013 θείῳ
964 943 1348 1012 δυναμωθείσα
1406 942 1731 1011 βουλήματι,
1763 940 1837 1003 ὡς
1877 942 1905 994 6

2006 947 2152 993 terra
2184 935 2383 989 divinae
2413 934 2711 986 voluntatis
2733 930 2970 986 cllicacia
2997 927 3373 987 corroborata,
3394 941 3583 993 quem-

328 1034 551 1102 Νύσσης
582 1034 773 1104 φησὶν,
809 1035 1006 1104 ἀθρόον
1057 1034 1372 1104 ἀπεκύησεν
1408 1033 1648 1097 ἅπαντα,
1675 1033 1737 1086 οὐ
1779 1033 1907 1102 χρό-

2008 1026 2302 1082 admodum
2357 1023 2645 1095 Nyssensis
2708 1022 2937 1075 antistes
2974 1018 3218 1088 scripsit,
3258 1020 3369 1071 lucc
3404 1019 3582 1069 omnia

329 1141 422 1178 νου
458 1124 713 1195 δεηθεῖσα
768 1124 906 1195 πρὸς
939 1126 1169 1196 αὔξησιν
1194 1126 1306 1178 τῶν
1355 1126 1417 1189 ἐξ
1454 1126 1626 1194 αὐτῆς
1658 1126 1905 1178 ἀναδιδο-

2008 1118 2194 1173 subito
2236 1120 2392 1188 quasi
2440 1116 2673 1186 peperit,
2716 1129 2824 1169 non
2881 1116 3144 1182 temporis
3199 1128 3367 1182 egens
3415 1111 3586 1164 inter—

332 1218 531 1287 μένων,
591 1217 709 1271 ἀλλ’
752 1217 889 1288 ὁμοῦ
939 1219 1052 1281 τοῖς
1083 1219 1274 1272 ἄνθεσι
1326 1219 1420 1271 καὶ
1483 1218 1611 1276 τοὺς
1660 1218 1904 1287 καρποὺς

2008 1210 2153 1263 Vallo
2183 1208 2249 1263 ad
2307 1209 2708 1263 incrementum
2758 1221 2950 1260 eorum
2992 1221 3113 1275 qua:
3147 1204 3214 1259 de
3250 1207 3362 1274 ipsa
3406 1203 3585 1259 esuri-

330 1310 748 1381 ἀκόλαστήσασα
801 1311 982 1381 θέαμά
1045 1329 1099 1364 τι
1160 1310 1502 1381 τερψίθυμον
1548 1306 1635 1381 ἦν.
1689 1311 1752 1364 Εί
1800 1311 1908 1379 γάρ

2011 1311 2209 1356 rentur
2243 1319 2257 1355 :
2298 1301 2392 1356 sed
2433 1316 2537 1355 una
2569 1315 2691 1354 cum
2740 1299 2972 1355 tioribus
3010 1299 3174 1353 etiam
3215 1299 3425 1353 fructus
3461 1313 3586 1365 pro-

330 1397 495 1468 ἀηδές
521 1415 576 1452 τι
608 1402 849 1470 πρᾶγμα
877 1404 973 1455 καὶ
1007 1403 1346 1473 παρεκτικὸν
1374 1401 1570 1472 ὀδύνης
1609 1402 1642 1473 ή
1671 1400 1905 1464 ἀκανθα,

2011 1391 2217 1455 ferens,
2243 1391 2545 1462 jucundum
2569 1390 2845 1460 quoddam
2867 1392 3240 1460 spectaculum
3280 1389 3581 1459 przebetst.

330 1488 449 1541 ἀλλ’
488 1488 589 1542 οὐκ
637 1489 697 1554 ἐξ
739 1490 917 1562 ἀρχῆς
952 1491 1127 1562 αὐτῆς
1156 1493 1190 1563 ἡ
1239 1492 1313 1561 γῆ
1354 1492 1453 1545 καὶ
1479 1491 1685 1559 ταύτην
1713 1491 1911 1545 ἀνέδω-

2010 1483 2215 1549 Quodsi
2251 1483 2377 1553 quis
2425 1484 2574 1538 dicat
2629 1485 2842 1553 spinam
2884 1498 3006 1538 esse
3052 1498 3165 1537 rem
3204 1482 3430 1536 minime
3468 1482 3590 1551 pul-

329 1596 447 1645 κεν,
493 1580 611 1634 ἀλλ’
662 1581 829 1651 ἡνίκα
884 1582 1023 1651 μετά
1085 1582 1187 1653 τὴν
1236 1582 1554 1654 παράϐασιν
1602 1583 1837 1652 ἤκουσεν
1881 1583 1910 1635 6

2011 1576 2199 1630 chram
2230 1582 2394 1644 atque
2425 1576 2593 1630 etiam
2626 1575 2938 1635 molestam,
2994 1575 3040 1629 is
3083 1575 3220 1629 sciat
3252 1585 3370 1627 eam
3401 1588 3587 1627 rerum

342 1670 517 1741 Ἀδὰμ
568 1691 588 1724 ι
623 1672 1051 1744 Ἐπικατάρατος
1097 1676 1132 1745 ἡ
1190 1675 1261 1745 γῆ
1319 1676 1378 1729 ἐν
1420 1677 1533 1738 τοῖς
1580 1674 1765 1744 ἔργοις
1815 1690 1909 1728 σου

2014 1668 2172 1722 initio
2222 1679 2427 1723 eterra
2478 1683 2587 1722 non
2644 1668 2986 1737 provenisse,
3032 1666 3125 1720 sed
3167 1677 3292 1736 post
3348 1664 3588 1718 mandati

332 1761 578 1827 ἀκάνθας
611 1764 707 1817 καὶ
741 1765 1027 1836 τριϐόλους
1055 1767 1312 1821 ἀνατελεϊ
1344 1782 1448 1822 σοι.
1490 1784 1509 1817 ι
1538 1766 1656 1819 Ἵνα
1685 1766 1795 1836 γὰρ
1831 1764 1910 1834 τῷ

2013 1761 2255 1831 primum
2306 1760 2475 1815 divini
2535 1760 2927 1825 violationem,
2987 1774 3111 1813 cum
3174 1760 3290 1814 haec
3350 1758 3592 1811 Adamns

331 1855 553 1925 τερπνῷ
590 1856 688 1927 τὴν
730 1856 908 1925 λύπην
929 1861 1342 1929 παρακειμένην
1372 1857 1609 1928 ἔχωμεν,
1655 1860 1766 1911 κάκ
1787 1856 1910 1909 τού·
1942 1842 1983 1896 Β

1942 1842 1983 1896 Β
2013 1852 2268 1910 audiret:
2299 1852 2607 1908 «Infelicem
2633 1854 2713 1908 tui
2738 1854 2953 1908 labores
2982 1862 3183 1907 terram
3215 1854 3591 1922 experiantur.

332 1963 428 2000 του
451 1947 550 2018 τὴν
586 1949 868 2019 ἁμαρτίαν
900 1950 1369 2021 μνημονεύωμεν,
1399 1951 1474 2014 ὡς
1498 1952 1526 2003 6
1570 1949 1744 2018 μέγας
1777 1948 1913 2019 φησι

2013 1953 2199 1999 sentes
2228 1952 2392 2015 atque
2424 1944 2660 1998 carduos
2697 1945 2792 1998 tibi
2850 1954 3107 2012 procreet
3142 1944 3211 1998 ¹³.
3246 1962 3262 1994 ι
3315 1942 3587 1996 Nimirum

334 2038 639 2107 Βασίλειος,
673 2041 761 2095 διά
791 2042 950 2095 τοῦτο
994 2042 1285 2112 προσεφύη
1330 2041 1409 2113 τῷ
1447 2043 1585 2113 ῥόδῳ
1616 2044 1649 2113 ἡ
1679 2041 1912 2097 ἀκανθα.

2017 2045 2079 2093 ut
2106 2037 2377 2106 voluptati
2409 2036 2656 2092 dolorem
2696 2036 3017 2105 adjunctqu
3056 2036 3386 2098 habeamus,
3420 2052 3594 2105 caque

335 2130 579 2201 Πρόσεχε
612 2131 727 2188 οὖν.
762 2134 827 2186 Et
858 2134 933 2204 μὴ
965 2133 1074 2206 γάρ
1107 2134 1340 2204 ἡκουσεν
1372 2134 1401 2186 6
1440 2134 1614 2201 Ἀδάμ
1647 2152 1664 2185 ι
1688 2134 1917 2187 Ἐπικα-

2014 2144 2074 2183 re
2101 2129 2311 2198 peccati
2374 2128 2547 2182 nostri
2594 2127 2755 2181 nobis
2812 2128 3008 2181 subeat
3068 2130 3402 2193 recordatio,
3454 2131 3594 2183 sicut

335 2220 572 2290 τάρατος
621 2224 654 2294 ὴ
706 2223 778 2292 γῆ
825 2225 883 2277 έν
914 2226 1023 2288 τοῖς
1071 2224 1256 2294 ἔργοις
1295 2241 1413 2287 σου,
1453 2242 1471 2276 ι
1512 2225 1652 2295 τάχα
1684 2224 1750 2277 ἂν
1785 2223 1915 2294 ήγῆ

2015 2222 2247 2277 Basilius
2267 2222 2364 2284 ait,
2396 2219 2599 2274 idcirco
2620 2219 2791 2289 spina;
2826 2220 2965 2273 rosis
2994 2219 3191 2275 additae
3231 2230 3378 2275 sunt.
3407 2222 3596 2286 Itaque

339 2313 435 2365 καὶ
472 2311 629 2377 αὖθις
675 2314 819 2384 φυτά
852 2316 1082 2385 παρεῖχέ
1133 2333 1216 2369 σοι
1254 2316 1512 2385 ἔγκαρπα
1564 2314 1638 2385 μὴ
1685 2315 1917 2385 δεόμενα

2014 2313 2176 2367 velim
2195 2312 2324 2366 mihi
2340 2311 2763 2377 animadvertas,
2782 2311 2927 2380 quod
2948 2313 3051 2366 nisi
3070 2312 3239 2366 Adam
3251 2313 3569 2367 us’audisset
3583 2356 3595 2375 ,

338 2402 533 2472 χρόνου
560 2405 696 2475 πρὸς
727 2404 976 2477 αὔξησιν.
1011 2408 1144 2461 Τότε
1177 2408 1278 2476 μὲν
1301 2409 1432 2478 γάρ,
1475 2406 1581 2477 πρὸ
1609 2408 1711 2477 τῆς
1742 2426 1918 2478 παρα-

2024 2421 2045 2455 (
2080 2401 2358 2457 Infelicem
2408 2401 2484 2455 tui
2515 2401 2732 2456 labores
2757 2410 2959 2456 terram
3005 2406 3384 2472 experiantur,
3424 2422 3441 2455 ι
3481 2404 3600 2457 for-

341 2494 554 2559 6άσεως
604 2495 869 2568 δηλονότι,
911 2498 986 2561 ὡς
1020 2501 1048 2552 6
1098 2501 1279 2568 μέγας
1330 2499 1464 2569 φησὶ
1516 2498 1818 2563 Βασίλειος,
1861 2502 1918 2552 ἐν

2018 2502 2164 2548 tasse
2222 2493 2486 2563 deinceps
2546 2507 2768 2563 quoque
2823 2493 3118 2562 frugiferas
3170 2494 3332 2548 nobis
3382 2495 3598 2565 plantas

343 2588 607 2660 ἀκαριαίᾳ
650 2588 847 2659 χρόνου
881 2593 1023 2662 ῥοπῇ
1076 2591 1184 2645 ἀπὸ
1229 2594 1330 2663 τῆς
1373 2590 1720 2662 βλαστήσεως
1751 2591 1922 2661 ἀρξα-

2022 2587 2395 2659 produxisset,
2432 2586 2501 2641 ad
2568 2587 2971 2642 incrementum
3020 2587 3106 2642 sui
3157 2587 3309 2641 nullo
3340 2588 3603 2657 temporis

346 2673 482 2743 μένη
507 2677 541 2745 ἡ
569 2676 663 2745 γῆ,
689 2677 775 2730 ἵνα
814 2679 1023 2750 φυλάξῃ
1053 2681 1179 2744 τοὺς
1215 2682 1418 2751 νόμους
1464 2680 1561 2735 τοῦ
1605 2682 1917 2744 κτίσαντος,

2020 2680 2201 2750 spatio
2238 2678 2572 2750 indigentes.
2614 2678 2748 2733 Nam
2781 2688 2907 2733 ante
2940 2678 3179 2749 lapsum,
3218 2689 3276 2733 ut
3317 2678 3462 2733 idem
3501 2680 3604 2732 Ba-

343 2767 525 2819 πᾶσαν
563 2768 710 2822 ίδέαν
744 2770 1029 2842 αὐξήσεως
1068 2770 1438 2839 διεξελθοῦσα,
1478 2772 1642 2835 εὐθὺς
1686 2773 1826 2843 πρὸς
1860 2774 1921 2826 τὸ

2022 2772 2184 2827 silius
2238 2770 2443 2840 inquit,
2493 2779 2774 2825 momento
2816 2772 3080 2841 temporis
3148 2786 3175 2824 a
3205 2773 3603 2839 germinatione

342 2857 552 2912 τέλειον
598 2860 776 2930 ἤγαγε
820 2861 890 2914 τὰ
945 2861 1325 2931 βλαστήματα.
1365 2863 1477 2916 Καὶ
1509 2862 1779 2933 λειμῶνες
1824 2864 1922 2931 μὲν

2024 2862 2209 2925 tellus,
2260 2869 2320 2913 ut
2374 2858 2588 2930 legibus
2650 2858 2865 2929 opiﬁcis
2919 2869 3156 2929 pareret,
3199 2859 3393 2928 quavis
3440 2877 3607 2927 angtu

344 2949 454 3020 γὰρ
498 2947 639 3023 ἦσαν
682 2951 870 3023 βαθεῖς
926 2956 993 3024 τῇ
1048 2954 1284 3026 ἀφθονίᾳ
1327 2955 1420 3009 τοῦ
1460 2956 1681 3027 χόρτου,
1714 2956 1824 3009 τῶν
1866 2957 1953 3026 δὲ⁵

1941 3014 1953 3026 ,
2024 2951 2214 3007 sccndi
2272 2949 2455 3021 specie
2527 2950 2819 3016 absoluta,
2883 2966 3009 3004 mox
3069 2950 3283 3005 fructus
3356 2960 3605 3003 tnatuz'ns

343 3042 540 3095 πεδίων
599 3046 667 3099 τὰ
712 3044 967 3118 εὖκαρπα
1016 3048 1272 3121 βρίθοντα
1333 3048 1450 3111 τοῖς
1504 3048 1681 3118 ληῖοις
1738 3049 1924 3105 είκόνα

2023 3044 2358 3114 proferebat.
2411 3043 2614 3113 Itaque.
2634 3051 2789 3112 prata
2836 3043 3061 3113 copioso
3098 3044 3318 3113 altoque
3357 3046 3602 3113 grainIue

346 3133 619 3203 πελάγους
649 3138 1012 3207 κυμαίνοντος
1040 3142 1099 3195 ὲν
1119 3144 1185 3212 τῇ
1228 3142 1445 3211 κινήσει
1483 3142 1590 3194 τῶν
1632 3140 1922 3211 ἀσταχύων
1953 3190 1991 3212 η

1953 3190 1991 3212 η
2028 3135 2404 3200 abundabant,
2440 3143 2496 3191 et
2539 3136 2716 3205 campi
2770 3134 3017 3204 frugiferi
3067 3137 3344 3206 segetibus
3395 3140 3606 3190 onerati

344 3222 619 3289 ἀπέσωζε.
674 3229 785 3281 Καὶ
840 3230 1017 3284 ταῦτα
1083 3232 1203 3302 μὲν,
1254 3233 1420 3304 ήνίκα
1476 3231 1662 3300 ἔλεγεν
1718 3233 1746 3284 6
1791 3222 1993 3295 956;“

1951 3222 1993 3249 ’³
2032 3235 2196 3290 motis
2233 3250 2421 3289 earum
2477 3234 2673 3291 culmis
2710 3233 3004 3305 imaginem
3056 3234 3377 3289 ﬂuctuantis
3432 3238 3604 3304 pelagi

351 3329 371 3362 ε
407 3313 776 3384 Βλαστησάτω
806 3319 840 3389 ἡ
871 3321 942 3391 γῆ
980 3320 1214 3392 βοτάνην
1243 3324 1440 3393 χόρτου
1468 3338 1482 3353 ⁸
1538 3342 1556 3377 ι
1596 3325 1833 3393 ὁπηνίκα
1870 3324 1927 3378 δὲ

2029 3328 2366 3384 referebant.
2405 3328 2470 3382 Et
2498 3328 2613 3382 hac
2646 3326 2870 3397 quidem
2909 3337 3027 3381 orta
3062 3338 3210 3391 sunt,
3241 3344 3363 3381 cum
3400 3330 3604 3381 σὶὶισοτιι

348 3408 667 3474 προσετίθει
718 3430 738 3463 ε
800 3412 911 3466 Καὶ
961 3414 1117 3479 ξύλον
1150 3415 1432 3485 κάρπιμον
1471 3416 1661 3470 ποιοῦν
1690 3416 1924 3487 καρπὸν,

1916 3457 1924 3479 .
2033 3421 2213 3475 Deus:
2252 3440 2270 3472 ι
2300 3420 2439 3475 Edat
2463 3420 2665 3473 humus
2691 3421 3001 3491 gramineas
3034 3420 3231 3473 herbas
3260 3421 3319 3472 ¹”ι.
3354 3442 3368 3469 ι
3412 3420 3570 3473 chi:

346 3490 411 3553 οἵ)
445 3500 507 3552 τδ
546 3502 771 3574 σπέρμα
800 3505 968 3559 αὐτοῦ
999 3510 1056 3560 ὲν
1090 3507 1266 3578 αὐτῷ,
1296 3508 1439 3563 κατά
1476 3511 1634 3577 γένος
1671 3512 1764 3563 καὶ
1806 3509 1928 3563 καθ’

1915 3509 1928 3529 ‘
2030 3520 2385 3580 posteaquam
2448 3511 2651 3580 adjecit
2700 3490 2719 3563 ξ
2782 3529 2799 3561 ι
2847 3490 2911 3563 Et
2982 3511 3210 3564 arbores
3276 3511 3574 3565 fructifera

346 3592 664 3662 ὁμοιότητα,
696 3596 788 3649 ἐπὶ
813 3599 914 3668 τῆς
952 3600 1075 3669 γῆς,
1109 3620 1128 3652 ι
1173 3601 1296 3656 τότε
1338 3600 1425 3671 δὴ,
1464 3603 1588 3655 τότε
1627 3604 1797 3655 πᾶσαι
1831 3603 1931 3670 μὲν

2030 3617 2151 3672 qua:
2190 3618 2291 3655 suo
2340 3618 2573 3672 quinque
2616 3603 2669 3655 in
2706 3617 2908 3673 genere
2945 3618 3130 3655 semen
3165 3618 3322 3655 suum
3358 3607 3408 3656 in
3450 3606 3604 3657 turri

348 3683 550 3753 λόχμαι
581 3689 1049 3756 κατεπυκνοῦντο,
1082 3694 1261 3746 πάντα
1311 3695 1367 3746 δὲ
1413 3695 1674 3764 ἀνέτρεχε
1713 3694 1927 3766 δένδρα,

2031 3693 2293 3759 habeant,
2336 3712 2353 3745 ι
2396 3704 2508 3748 ιυηι
2546 3710 2678 3748 vero
2729 3695 2837 3749 luci
2897 3696 3275 3749 densabantur
3326 3705 3375 3749 ct
3409 3698 3613 3767 qumvis

349 3774 541 3830 ἐλάται
588 3780 681 3831 καὶ
735 3780 941 3850 κέδροι,
979 3782 1182 3835 πεῦκαί
1214 3801 1274 3836 τε
1314 3785 1411 3838 καὶ
1455 3786 1808 3855 κυπάρισσοι,
1835 3785 1931 3837 καὶ

2032 3787 2259 3842 arbores
2326 3788 2673 3854 oriebantur,
2746 3790 2976 3855 abietes,
3034 3791 3217 3849 cedri.‘
3272 3792 3455 3860 pinus,
3514 3809 3606 3844 cu-

349 3867 451 3919 δσα
505 3871 753 3935 τοιαῦτα,
808 3872 871 3923 αἶ
916 3889 976 3924 τε
1040 3874 1298 3941 ροδωνιαὶ
1354 3876 1451 3927 καὶ
1520 3876 1781 3943 μυρσίναι
1835 3875 1931 3927 καὶ

2034 3878 2232 3948 pressi,
2274 3892 2508 3935 exterae.
2572 3881 2843 3936 Praeterea
2893 3898 3141 3936 rosarum
3201 3896 3616 3954 myrtorumque

349 3956 569 4027 δάφναι,
606 3963 785 4017 πάντα
834 3966 894 4017 ἐν
932 3969 1031 4036 μιᾷ
1064 3968 1261 4035 καιροῦ
1296 3969 1461 4038 ῥοπῇ,
1505 3968 1604 4020 οὐκ
1632 3968 1763 4021 δντα
1797 3968 1928 4039 πρό-

2034 3970 2283 4036 l'rulices,
2347 3987 2409 4027 ac
2461 3972 2600 4026 lauri
2660 3988 2771 4026 uno
2826 3973 3091 4041 temporis
3158 3985 3437 4028 momento
3493 3992 3606 4043 pro-

352 4066 535 4121 τερον,
572 4054 653 4117 είς
686 4055 747 4107 τὸ
778 4052 921 4109 εἶναι
954 4060 1215 4130 παρήχθη
1247 4059 1387 4130 μετά
1419 4061 1516 4130 τῆς
1547 4060 1758 4125 οἰκείας
1798 4063 1930 4116 sxa-

2035 4062 2215 4118 ducta:
2267 4074 2418 4131 sunt,
2481 4065 2597 4118 suis
2655 4064 2915 4134 qutelibct
2969 4079 3093 4117 cum
3156 4065 3613 4133 preprietatibus,

355 4161 483 4198 στου
522 4146 807 4216 ίδιότητος.

2034 4172 2159 4210 cum
2197 4167 2358 4211 antea
2396 4172 2503 4210 non
2534 4156 2888 4213 exsisterent.

425 4236 516 4308 Μὴ
566 4238 815 4309 θαύμαζε
873 4240 929 4294 δὲ
986 4244 1147 4311 εἴπερ
1199 4245 1256 4296 ai
1319 4244 1543 4313 βοτάναι
1607 4249 1778 4302 πᾶσαι
1830 4249 1931 4303 οὐκ

2104 4249 2217 4304 Nec
2258 4249 2458 4303 mirum
2488 4250 2587 4304 tibi
2624 4250 2795 4304 videri
2829 4251 2995 4308 debet
3029 4268 3139 4307 non
3184 4269 3375 4307 omnes
3417 4252 3618 4308 herbas

352 4327 620 4399 ιδώδιμοι.
672 4332 755 4385 Τά
795 4333 906 4403 γάρ
958 4335 1032 4405 μὴ
1069 4339 1482 4407 χρησιμεύοντα
1533 4339 1611 4411 τῷ
1657 4341 1931 4413 ἀνθρώπῳ

2035 4341 2348 4397 esculentas
2384 4358 2527 4397 esse.
2554 4342 2689 4397 Nam
2715 4344 2907 4414 siqua:
2959 4345 3169 4400 homini
3213 4349 3449 4401 maxime
3507 4363 3615 4399 non

352 4424 602 4495 χρήσιμά
630 4426 746 4477 ἑστι
773 4429 887 4489 τοῖς
913 4427 983 4479 δι’
1020 4428 1183 4480 αὑτὸν
1226 4432 1619 4501 γεγενημένοις
1651 4432 1837 4497 ζώοις.
1868 4436 1931 4487 Εί
1971 4437 1980 4445 ’

1971 4437 1980 4445 ’
2038 4439 2169 4485 sunt
2206 4431 2352 4497 usui,
2399 4432 2763 4487 nihilominus
2811 4433 2935 4487 aliis
2988 4434 3359 4490 animantibus
3404 4435 3617 4488 condn-

351 4511 409 4565 δὲ
464 4514 559 4565 καὶ
619 4514 927 4585 δηλητήρια
976 4518 1263 4587 πρόσεισιν
1325 4521 1539 4586 αὐταῖς,
1592 4524 1714 4577 οὐδὲ
1774 4524 1934 4578 τοῦτο
1968 4536 2011 4591 ι)

1968 4536 2011 4591 ι)
2037 4530 2192 4587 cunt,
2228 4539 2350 4593 qum
2388 4532 2613 4593 propter
2642 4525 2923 4580 hominem
2957 4525 3181 4581 condita
3214 4537 3363 4580 sunt.
3410 4526 3511 4594 12
3543 4526 3620 4579 Ne

353 4603 659 4669 ξενίζεσθαι
704 4608 835 4676 χρή.
870 4608 1138 4673 Πολλάκις
1192 4612 1302 4681 γὰρ
1360 4614 1454 4666 καὶ
1507 4612 1682 4668 ταῦτα
1739 4615 1931 4670 παθῶν

2043 4612 2095 4665 id
2147 4613 2370 4682 quidem
2435 4629 2639 4669 novum
2696 4616 3062 4680 existimabis,
3114 4633 3236 4672 esse
3297 4620 3511 4671 illarum
3566 4618 3616 4669 in

356 4697 576 4768 ίατήρια
613 4699 889 4765 γίνονταν
923 4704 1306 4770 κεραννύμενα
1356 4706 1471 4776 γὰρ
1515 4707 1734 4777 ἑτέραις
1775 4707 1932 4774 βοτά-

2040 4718 2271 4758 numero
2321 4705 2584 4774 quasdam
2633 4716 2955 4761 venenatas.
3007 4709 3221 4763 Etenim
3256 4710 3345 4763 illa
3401 4726 3618 4777 quoque

353 4806 473 4852 ναις
496 4788 794 4854 ἀλεξίκακα
821 4792 1032 4861 γίνεται
1065 4794 1158 4847 καὶ
1182 4796 1374 4862 ὑγείας
1406 4800 1739 4867 παρεκτικά.
1769 4799 1929 4853 Οὕτω

2038 4811 2437 4865 szepcnumero-
2472 4797 2643 4852 certis
2686 4798 2894 4852 morbis
2936 4799 3267 4864 medentur;
3327 4818 3448 4853 naui
3499 4802 3620 4855 titus

356 4879 456 4949 μὲν
486 4875 579 4935 οὖν
613 4883 711 4936 καὶΙ
746 4886 775 4937 ό
810 4886 984 4953 μέγας
1017 4886 1303 4951 Βασίλειός
1352 4906 1519 4959 φησιν
1565 4892 1647 4943 ὅτι
1685 4889 1795 4943 τῶν
1838 4890 1932 4961 δη-

2033 4903 2158 4944 cum
2195 4890 2384 4944 herbis
2437 4892 2613 4946 mista:
2662 4893 3034 4948 valetudinem
3086 4906 3327 4949 nostram
3374 4906 3615 4951 tuentur.

354 4971 630 5044 λητηρίων
657 4976 808 5030 οὐδὲν
846 4978 1033 5048 ἀργῶς
1061 4979 1184 5032 οὐδὲ
1212 4981 1510 5051 ἀχρήστως
1550 4984 1932 5054 γεγενημένον

2033 4982 2092 5037 In
2123 4982 2267 5037 hanc
2297 4984 2628 5039 sententiam
2655 4985 2901 5039 Basilius
2932 4988 3124 5041 scribit
3153 4989 3358 5042 nullam
3395 4991 3618 5045 barbam

354 5062 529 5130 ιστὶν,
584 5066 631 5117 εί
693 5068 783 5120 καὶ
846 5070 974 5133 τοὺς
1033 5071 1371 5140 ἀχαρίστους
1427 5076 1573 5144 ἡμᾶς
1635 5076 1776 5129 κατά
1840 5076 1935 5130 τοῦ

2034 5082 2359 5129 venenatam
2395 5077 2513 5130 sine
2547 5076 2727 5131 fructu
2767 5077 3005 5147 quodam
3058 5094 3179 5133 esse
3222 5080 3438 5144 factam,
3502 5094 3613 5134 mw

356 5155 722 5224 πεποιηκότος
780 5160 1195 5228 παρασκευάζει
1253 5151 1492 5233 φρονεῖν.
1536 5165 1617 5218 Ta
1684 5166 1783 5234 μὲν
1826 5168 1937 5238 γὰρ

2038 5179 2140 5219 nos
2183 5166 2383 5237 ingrati
2424 5182 2519 5222 eas
2557 5168 2844 5224 intuentes
2906 5171 3071 5241 impie
3112 5161 3179 5224 ile
3214 5188 3393 5225 rerum
3428 5172 3622 5240 οριίιςιε

358 5246 539 5299 αὐτῶν
583 5248 614 5317 ἢ
662 5250 871 5322 τροφὴν
914 5254 1146 5324 παρέχει
1193 5256 1301 5308 τινὶ
1344 5255 1454 5309 τῶν
1495 5258 1728 5327 ἀλόγων,
1771 5261 1803 5331 ἢ
1842 5264 1938 5316 καὶ

2037 5259 2365 5313 sentiamus.
2420 5259 2625 5314 Partim
2687 5276 2925 5332 namque
2974 5264 3155 5317 brutis
3214 5264 3493 5333 aliquibus
3519 5264 3623 5319 ali-

360 5337 494 5404 ὴμῖν
517 5336 700 5402 αὐτοῖς
728 5341 881 5410 παρὰ
920 5343 1015 5410 τῆς
1048 5344 1299 5412 ἰατρικῆς
1331 5345 1527 5416 τέχνης
1558 5348 1639 5411 είς
1672 5364 1935 5419 παραμυ-

2039 5358 2286 5405 mentum
2342 5350 2612 5422 pnebent,
2672 5354 2870 5422 partim
2920 5355 3081 5411 nobis
3126 5357 3259 5425 ipsis
3299 5374 3397 5427 per
3451 5363 3623 5414 altera

361 5426 483 5519 θίαν
530 5429 692 5481 τινῶν
741 5432 1194 5503 ἀρρωστημάτων
1246 5435 1558 5507 ἐξεύρηται.
1592 5438 1667 5491 T6
1697 5439 1793 5507 μὲν
1829 5441 1936 5511 γάρ

2039 5441 2312 5496 medicam
2376 5442 2442 5496 ad
2503 5452 2780 5499 certorum
2856 5448 3174 5503 morborum
3244 5426 3623 5519 depulsioan

360 5518 588 5572 κώνειον
632 5522 679 5574 οί
727 5522 901 5593 ψᾶρες
944 5525 1252 5594 βόσκονται,
1296 5527 1383 5580 διὰ
1443 5528 1542 5599 τὴν
1589 5533 1939 5603 κατασκευὴν

2039 5542 2203 5604 atque
2232 5535 2538 5590 remedium
2580 5538 2849 5593 serviunt.
2908 5540 3126 5595 Etenim
3178 5518 3356 5597 cicuta
3403 5554 3625 5612 propte'

358 5610 453 5661 τοῦ
502 5614 750 5681 σώματος
800 5619 899 5687 τὴν
940 5618 1003 5670 ἐκ
1052 5616 1145 5671 τοῦ
1194 5617 1527 5689 δηλητηρίου
1572 5620 1779 5693 βλάϐην
1806 5623 1940 5676 ἀπο-

2041 5625 2377 5695 peculiarem
2404 5628 2700 5700 quamdam
2754 5633 2841 5688 sui
2882 5632 3132 5704 corporis
3176 5610 3624 5694 consumtionem

436 5787 474 5814 ⁸⁷·
508 5785 642 5840 lien.
676 5804 754 5849 ιιι,
792 5787 871 5840 I7.
954 5790 995 5820 "
1024 5788 1162 5845 Gen.
1205 5805 1244 5857 ι,
1277 5788 1359 5843 ll.
