4214 6442
295 327 366 395 £9
1558 330 1835 391 ΛΝΝΛῙᾹ
1851 331 1959 390 Ulli

1851 331 1961 390 Ulli
2001 329 2199 390 PARS
2241 329 2290 389 Ι.
3446 323 3513 383 50

284 437 542 503 ἐπίδειξιν
565 456 580 472 ο
615 439 711 492 οὔκ
748 438 917 508 ὀλίγοι
941 441 1049 509 γὰρ
1080 439 1260 493 αὐτῶν
1281 438 1523 507 ἐννόμως
1561 439 1842 510 αἱροῦνται
1871 448 1915 501 Α
1945 467 1948 486 ι

1871 440 2164 509 Aquidem
2222 438 2542 507 prtescripto
2611 439 2778 490 vitam
2837 449 3021 505 agere,
3081 432 3172 503 qui
3227 443 3406 487 tamen
3461 433 3513 484 in

285 529 404 599 ζῇν,
439 530 543 584 κᾶν
572 530 628 581 ἐν
660 530 893 596 δόγμασι
936 530 1300 596 σφάλλωνται.
1338 530 1496 582 Ἀλλὰ
1544 533 1639 583 καὶ
1671 532 1844 598 φοῖνιξ

285 621 496 686 καρπδν
521 620 621 687 μὲν
648 622 938 690 ἀποφέρων
966 621 1188 687 γλυκὺν.
1210 623 1270 674 ἐν
1298 621 1559 687 ἁλμυροῖς
1587 623 1644 674 δὲ
1658 622 1844 686 τόποις

285 711 362 774 ὡς
405 713 468 764 τὰ
503 713 670 763 πολλὰ
715 713 1123 781 εὑρισκόμενος,
1151 714 1281 765 αὖτ’)
1324 713 1484 764 τοῦτο
1515 713 1839 770 αἰνίττεται.

285 798 368 851 ὅτι
419 799 513 851 καὶ
535 800 696 867 ἡμεῖς
740 800 892 850 αὐτοὶ
933 799 1208 868 δυνάμεθα
1229 801 1297 852 τὰ
1338 800 1476 852 κατὰ
1509 799 1732 869 γνώμην
1768 802 1842 868 μὴ

289 891 646 962 διαφθείρειν,
667 891 772 944 κᾶν
802 893 860 944 ὲν
880 894 992 954 τοῖς
1024 892 1284 953 ἐναντίοις
1302 892 1413 944 τισὶ
1447 894 1843 962 συνδιάγωμεν.

359 1075 500 1145 Ὅρα
551 1074 628 1139 δὲ,
686 1074 956 1143 ἁγαπητὲ,
1006 1075 1090 1128 ὅτι
1155 1075 1250 1127 καὶ
1298 1075 1366 1128 τέι
1425 1074 1598 1143 εὐώδη
1650 1075 1847 1140 πάντα,

285 1169 416 1219 ὅταν
447 1165 672 1233 σκόροδα
705 1168 798 1218 καὶ
821 1167 1085 1233 κρόμμυα
1110 1166 1321 1225 τούτοις
1360 1166 1846 1233 παραφυτεύηται,

289 1256 627 1324 εὐωδέστεραι
660 1255 892 1322 γίνεται.
918 1255 1051 1308 διότι
1081 1257 1190 1308 πᾶν
1218 1255 1272 1307 ετ
1304 1271 1356 1306 τι
1386 1255 1552 1324 δριμὺ
1586 1255 1681 1308 καὶ
1713 1255 1846 1308 δύσ-

285 1363 453 1415 οσμον
507 1347 566 1398 ὲν
608 1346 820 1408 τούτοις
863 1348 1029 1408 ἐστὶν,
1077 1347 1134 1398 ὲν
1185 1346 1300 1407 τοῖς
1338 1344 1686 1414 δριμυτέροις
1737 1344 1848 1398 τῶν

290 1435 624 1502 σπερμάτων
661 1434 906 1502 φυσικῶς
933 1436 1182 1506 ἀπορρεῖ,
1215 1435 1312 1486 καὶ
1344 1433 1558 1501 γίνεται
1585 1433 1645 1486 τὸ
1677 1452 1847 1488 κατα-

285 1526 504 1592 λειφθὲν
530 1527 917 1581 εὐωδέστατον.
957 1527 1118 1579 ’Δλλὰ
1144 1525 1241 1579 καὶ
1281 1525 1342 1578 τὸ
1369 1527 1612 1595 πήγανον
1641 1526 1744 1580 ὕπο
1779 1528 1844 1595 τῇ

289 1620 427 1686 συκῇ
503 1619 862 1686 φυτευόμενον
933 1616 1260 1686 δριμύτερον
1337 1616 1534 1670 ἑαυτοῦ
1595 1617 1846 1685 γίνεταιο

291 1709 635 1778 μετατίθεται
665 1710 772 1777 γὰρ
795 1709 873 1770 είς
903 1708 1034 1761 αὐτὸ
1069 1710 1131 1762 τὸ
1161 1711 1216 1760 ἐν
1245 1712 1310 1779 τῇ
1341 1711 1479 1776 συκῇ
1509 1708 1842 1778 βαρύοσμον,

288 1799 580 1852 κάντεῦθεν
609 1798 800 1866 βελτίω
836 1801 903 1851 τὰ
930 1799 1072 1851 σῦκα
1108 1801 1343 1867 γίνεται.
1391 1799 1549 1851 Ἀλλὰ
1580 1800 1676 1852 καί
1708 1803 1843 1869 κρέη
1881 1831 1920 1888 Β

284 1891 407 1942 τινὰ
439 1892 588 1960 παρὰ
613 1893 677 1960 τῇ
728 1892 864 1960 συκῇ
919 1890 1338 1961 κρεμαννύμενα
1381 1891 1662 1962 εὔθρυπτα
1703 1892 1848 1960 γίνε-

284 1997 397 2046 ται,
433 1981 507 2032 Τὸ
559 1982 668 2049 γὰρ
719 1980 908 2045 φυτὸν,
941 1980 1015 2043 ὡς
1061 1965 1358 2052 sign-catuli
1404 1983 1544 2051 συκῆ
1591 1984 1847 2036 ἁπάντων

286 2071 433 2122 ἐστὶν
462 2071 858 2124 ὀπωδέστατον.
884 2071 1096 2141 Θερμδν
1145 2073 1362 2141 πνεῦμα
1398 2075 1490 2126 καὶ
1537 2076 1706 2144 δριμὺ
1756 2076 1848 2128 καὶ

283 2163 553 2230 τμητικδν
592 2163 808 2231 ἀφίησι,
839 2164 932 2216 καὶ
982 2163 1138 2216 τοῦτο
1185 2163 1416 2234 θρύπτει
1464 2165 1561 2218 καὶ
1591 2167 1848 2220 πεπαίνει

286 2257 386 2321 τὴν
437 2255 614 2323 σάρκα
663 2254 757 2308 τοῦ
813 2255 1044 2324 ὄρνιθος.
1091 2256 1258 2310 Ὅθεν
1289 2257 1384 2310 καὶ
1427 2259 1537 2312 τῶν
1577 2259 1796 2330 ταύρων
1822 2262 1850 2313 ὁ

286 2347 667 2415 χαλεπώτατος
724 2351 863 2418 συκῇ
929 2349 1245 2417 προσδεθεὶς
1311 2351 1541 2421 ἡσυχίαν
1588 2352 1711 2418 ἄγει
1757 2353 1848 2404 καὶ

283 2437 536 2505 ψαύσεως
567 2437 837 2508 ἀνέχεται,
856 2438 953 2490 καὶ
971 2438 1107 2498 ὅλως
1129 2439 1322 2510 ἀφίησι
1347 2439 1438 2492 τὸν
1465 2440 1635 2510 θυμὸν
1662 2439 1852 2510 ὥσπερ

286 2531 819 2600 ἀπομαραινόμενος.
845 2532 1016 2584 Τοῦτο
1068 2531 1198 2599 γοῦν
1242 2534 1304 2585 τὸ
1354 2533 1574 2602 πνεῦμα
1609 2532 1704 2586 καὶ
1740 2535 1852 2596 τοῖς

289 2622 480 2690 κρέασι
534 2625 884 2688 προσπίπτον
933 2624 1134 2694 διαιρεῖ
1174 2625 1272 2692 τὴν
1335 2625 1514 2693 σάρκα
1557 2625 1654 2678 καὶ
1695 2642 1855 2695 περι-

288 2716 538 2784 θρύπτει.
573 2719 676 2769 Διὰ
727 2717 900 2768 ταῦτα
947 2719 1041 2769 καὶ
1082 2716 1189 2786 πρὸ
1229 2716 1329 2783 τῆς
1379 2717 1634 2784 γλυκείας
1683 2717 1856 2786 συκῆς

287 2810 373 2860 Et:
385 2825 448 2876 ρα
473 2809 608 2861 σῦκα
642 2809 910 2876 λεγόμενα
932 2807 1142 2860 ὄλυνθοι
1156 2809 1253 2878 τὴν
1280 2809 1556 2878 ἄχρηστον
1582 2809 1856 2878 ὑγρότητα

288 2901 381 2954 τοῦ
406 2901 571 2968 φυτοῦ
596 2905 650 2953 ἐν
674 2903 885 2962 ἑαυτοῖς
905 2902 1128 2953 ἕλκοντα
1146 2904 1512 2970 χρηστοτέραν
1530 2901 1742 2968 ἀφίησι.
1759 2901 1858 2953 Διά

285 2992 441 3044 τοῦτό
457 3008 587 3062 φησι
608 2994 702 3044 καὶ
719 2994 751 3060 ἡ
776 2991 967 3059 Γραφὴ
994 3010 1012 3042 ι
1035 2991 1098 3043 'H
1129 2991 1265 3060 συκῆ
1284 2989 1540 3059 ἐξήνεγκε
1563 2990 1859 3054 τοὺςόλύν-

287 3082 414 3144 Θους
431 3084 616 3148 αὐτῆς,
632 3083 999 3153 »τουτέστιν,ἡ
1017 3082 1164 3150 ψυχὴ
1186 3083 1269 3135 διὰ
1288 3082 1606 3151 καθάρσεως
1618 3083 1677 3136 τὸ
1692 3084 1861 3156 ἄχρη-

1951 531 2198 584 doctrina
2232 544 2364 585 suos
2403 528 2669 596 quosdam
2719 541 2939 582 errores
2991 527 3247 580 habeant.
3288 523 3430 589 Quin
3462 535 3514 575 et

1950 625 2041 678 illa
2074 623 2142 678 de
2198 638 2304 692 qua
2337 624 2574 676 diximus
2623 623 2825 689 palma,
2860 637 2982 677 cum
3021 621 3235 674 dulcem
3278 620 3516 672 fructum

1949 716 2087 769 {erat
2125 730 2187 767 ac
2219 717 2574 769 nihilominus
2605 716 2658 768 in
2713 729 2896 768 amaro
2933 714 3254 783 plerumque
3285 713 3400 766 solo
3431 728 3517 765 re-

1947 806 2214 874 periatur,
2265 805 2572 874 signiﬁcare
2619 806 2839 858 videtur
2871 819 3028 872 posse
3079 818 3178 857 nos
3207 803 3408 857 animis
3435 801 3507 853 in-

1947 903 2239 964 corruptos
2269 911 2510 959 manere,
2540 897 2791 965 quamvis
2817 897 2962 950 inter
2999 910 3094 949 eos
3126 895 3392 964 degamus
3423 891 3518 960 Qui

1951 985 2196 1039 moribus
2237 1001 2266 1039 a
2317 987 2476 1040 nobis
2510 986 2833 1042 dissideant.

2019 1077 2288 1130 Praeterea
2326 1076 2497 1140 disce,
2529 1076 2600 1130 ﬁli
2634 1075 2852 1143 dilecte,
2888 1075 3113 1146 quasvis
3145 1092 3233 1131 res
3274 1075 3519 1145 fragran-

1951 1174 2054 1229 tes,
2082 1167 2126 1220 si
2161 1167 2225 1221 ad
2250 1183 2343 1220 eas
2368 1169 2421 1220 in
2449 1167 2766 1236 propinquo
2792 1168 2976 1222 allium
3000 1179 3054 1222 et
3072 1183 3218 1237 cepae
3240 1176 3517 1231 serantur,

1949 1257 2122 1327 magis
2175 1258 2337 1311 etiam
2398 1261 2654 1314 odoratas
2709 1260 2889 1314 reddi.
2952 1261 3088 1314 Nam
3140 1258 3405 1328 quidquid
3459 1258 3515 1311 in

1949 1349 2321 1418 fragrantibus
2382 1351 2548 1405 nimis
2601 1352 2745 1406 acris
2783 1363 2878 1407 aut
2926 1355 3105 1421 gravis
3161 1353 3344 1406 odoris
3405 1360 3514 1411 est,

1949 1439 2184 1493 naturali
2244 1439 2458 1493 ratione
2507 1439 2742 1507 quadam
2798 1441 2864 1493 ad
2919 1440 3126 1494 semina
3165 1441 3253 1494 illa
3307 1441 3520 1492 acriora

1949 1531 2102 1599 quasi
2137 1530 2351 1593 deﬂuit,
2399 1531 2654 1599 quodque
2703 1531 2974 1600 reliquum
3021 1539 3123 1592 est,
3159 1531 3523 1600 fragrantissi—

1951 1637 2097 1675 mum
2147 1637 2210 1677 ac
2264 1623 2648 1676 suavissimum
2709 1623 2964 1677 edicitur.
3018 1623 3190 1676 Etiam
3254 1631 3372 1675 ruta
3420 1625 3522 1676 sub

1947 1711 2050 1766 ﬁcu
2085 1714 2128 1767 si
2168 1724 2404 1777 seratur,
2443 1715 2619 1784 seipsa
2652 1715 2709 1768 ﬁt
2751 1717 2966 1780 acrior;
3003 1730 3124 1768 nam
3160 1714 3302 1782 quod
3342 1715 3523 1783 gravia

1949 1813 2034 1858 est
2064 1807 2251 1859 odoris
2285 1807 2339 1858 in
2377 1805 2502 1867 ﬁcu,
2534 1805 2599 1858 ad
2650 1807 2820 1874 ipsam
2882 1804 3235 1867 transfertur,
3267 1820 3373 1873 qua
3407 1806 3521 1871 ipsa

1951 1912 2114 1950 causa
2146 1897 2230 1950 ﬁci
2271 1897 2524 1951 meliores
2571 1897 2908 1952 eﬁiciuntur.
2946 1897 3133 1964 Neque
3169 1905 3378 1948 tantum
3419 1897 3523 1948 hoc

1950 1989 2150 2043 accidit
2183 1990 2235 2041 in
2266 1995 2412 2046 ruta.
2449 1988 2543 2042 sed
2573 1988 2739 2042 etiam
2784 1997 2949 2041 certa:
3000 2001 3194 2040 carnes
3238 1986 3302 2039 ad
3361 1984 3522 2039 ﬁcum

1952 2097 2208 2151 appensre
2295 2081 2574 2135 molliores
2652 2081 3107 2147 dclicatioresquc
3193 2078 3521 2131 redduntur.

1950 2175 2084 2229 Nam
2119 2174 2254 2227 ﬁcus
2294 2173 2477 2236 arbor,
2519 2173 2596 2226 uti
2649 2169 2908 2235 diximus,
2958 2170 3106 2223 inter
3158 2184 3349 2222 onmes
3392 2169 3527 2221 alias

1952 2265 2099 2320 succi
2132 2265 2452 2333 plenissima
2503 2271 2610 2318 est.
2655 2262 3028 2328 Quamobrem
3065 2261 3293 2315 halitum
3345 2277 3408 2313 et
3466 2275 3525 2314 se

1951 2357 2208 2421 calidum,
2240 2371 2445 2422 acrem,
2495 2356 2715 2412 secandi
2766 2355 3201 2424 penetrandique
3253 2354 3361 2408 vim
3414 2354 3528 2407 ha—

1956 2449 2174 2502 bentem
2223 2449 2460 2512 emittit;
2512 2447 2605 2517 qui
2654 2449 2874 2517 quidem
2935 2447 3114 2501 avium
3164 2446 3528 2514 quarumdam

1957 2556 2152 2595 carnes
2185 2541 2361 2595 mollit
2390 2556 2452 2595 ac
2483 2541 2735 2594 nonnihil
2773 2539 2978 2607 coquit.
3027 2537 3223 2592 Eadem
3273 2553 3336 2591 ex
3363 2551 3529 2591 causa

1960 2633 2184 2702 ﬁtquod
2213 2635 2377 2688 etiam
2437 2633 2762 2688 ferocissimi
2799 2631 2937 2686 tauri
2990 2629 3055 2684 ad
3109 2630 3270 2683 ﬁcum
3313 2627 3528 2698 allegati

1958 2727 2249 2792 quiescunt
2298 2736 2354 2780 et
2396 2725 2543 2795 tangi
2593 2740 2650 2778 se
2681 2725 2969 2794 patiuntur
2996 2726 3252 2806 omnique
3304 2737 3532 2791 prorsus

1961 2816 2245 2870 iracundia
2298 2815 2524 2869 remissa
2557 2823 2765 2867 tantum
2801 2828 2911 2866 non
2946 2819 3316 2866 marcescunt.
3365 2810 3533 2880 Igitur

1960 2906 2103 2960 idem
2141 2907 2344 2960 halitus
2375 2906 2476 2959 iste
2504 2906 2558 2958 in
2601 2919 2796 2958 carnes
2848 2903 3096 2958 incidens
3129 2919 3222 2956 eas
3253 2904 3408 2971 quasi
3450 2900 3533 2954 die

1959 2997 2098 3051 vidit
2127 3013 2192 3051 ac
2219 2997 2681 3051 tenerioresfacit.
2704 2995 2896 3049 [tidem
2922 3005 3048 3049 ante
3070 2995 3283 3048 fruetus
3318 2994 3534 3047 arboris

1961 3088 2126 3159 hujus
2185 3087 2375 3141 dulces
2415 3097 2550 3141 orta!
2590 3086 2724 3139 ﬁcus
2754 3085 3081 3147 immaturae,
3126 3099 3264 3154 quas
3317 3097 3535 3148 grossos

289 3191 415 3226 στον
436 3175 580 3228 ἅπαν
601 3176 790 3243 ὥσπερ
807 3174 1024 3227 ὗλυνθον
1055 3175 1316 3244 ἐξήνεγκε
1349 3176 1443 3228 καὶ
1464 3177 1863 3244 ἁπωχέτευσεν.
1894 3174 1936 3231 C

1894 3174 1936 3231 C
1969 3179 2226 3243 dicimus,
2254 3180 2506 3233 inutilem
2534 3179 2652 3250 ejus
2680 3178 2964 3231 humorem
3005 3175 3310 3236 attrahunt,
3343 3173 3535 3226 relicto

286 3281 454 3320 socco
483 3267 576 3336 qui
610 3267 805 3322 melior
839 3276 942 3321 est.
997 3266 1288 3334 Propterea
1327 3268 1498 3322 sacris
1520 3267 1573 3320 in
1624 3266 1875 3336 Litteris“
1906 3269 2109 3325 dicitur

2153 3288 2166 3324 :
2221 3289 2240 3322 ι
2275 3270 2437 3325 Ficus
2461 3284 2682 3340 gressus
2713 3283 2846 3322 suos
2879 3267 3118 3322 extrusit
3142 3267 3206 3329 ",
3247 3285 3266 3317 ι
3297 3266 3401 3319 hoc
3427 3273 3533 3321 est.

285 3361 504 3414 animus
564 3375 661 3427 per
730 3359 1109 3429 purgationem
1157 3357 1244 3411 sui
1276 3357 1548 3428 quidquid
1595 3368 1679 3413 est.
1727 3359 1925 3416 inutile
1955 3371 2214 3432 tanquam
2244 3376 2496 3432 gressum
2532 3361 2766 3414 extrusit
2797 3370 2852 3414 et
2898 3369 3048 3414 extra
3091 3375 3148 3414 se
3176 3359 3381 3413 emisit.

373 3449 513 3502 Ἀλλ’
543 3448 662 3502 οὐδὲ
701 3448 860 3501 τοῦτό
911 3465 970 3501 σε
1025 3447 1410 3519 παραδραμεῖν
1458 3447 1650 3515 ἀξιον·
1702 3450 1859 3519 λόγος

285 3546 500 3612 γάρ’τις
524 3543 640 3596 ἐστὶ
669 3542 763 3595 καὶ
804 3541 866 3593 τὸ
901 3541 1167 3610 ἤλεκτρον
1196 3540 1330 3592 ὀπὸν
1376 3535 1520 3594 εἶναι
1559 3543 1744 3610 φυτῶν
1784 3545 1864 3605 είς

285 3637 436 3690 λίθου
463 3634 626 3705 φύσιν
655 3633 1132 3704 ἀποπηγνύμενον.
1200 3631 1364 3686 Ἀλλὰ
1408 3633 1596 3688 καὶτὰ
1633 3635 1730 3704 μὲν
1755 3635 1864 3690 τῶν

287 3730 474 3801 φυτῶν
513 3727 740 3795 ἀειθαλῆ
774 3720 987 3794 γέγονε,
1019 3725 1088 3778 τὰ
1129 3724 1187 3777 δὲ
1213 3725 1590 3794 γυμνούμενα,
1615 3727 1710 3779 καὶ⁵
1756 3729 1864 3781 τῶν

286 3822 552 3876 ἁειθαλῶν
583 3825 650 3874 τὰ
686 3820 780 3886 μὲν
827 3817 1148 3886 φυλλοδόλα,
1181 3817 1277 3871 τὰ⁶
1296 3817 1356 3871 δὲ
1413 3819 1702 3888 ἁείφυλλα.
1754 3822 1865 3874 Καὶ

290 3914 589 3981 φυλλοὸόλα
637 3912 737 3978 μὲν
792 3908 946 3963 ἐλαία
993 3908 1088 3963 καὶ
1142 3908 1302 3971 πίτυς
1363 3909 1703 3980 (λεληθότως
1753 3911 1864 3981 γὰρ

292 4005 627 4060 ὑπαλλάστει
681 4004 748 4055 τὰ
803 4000 1010 4071 φύλλα,
1063 3999 1141 4064 ὡς
1205 4000 1474 4070 μηδέποτε
1531 4001 1708 4055 δοκεῖν
1763 4001 1864 4070 τῆς

295 4098 470 4164 noun;
516 4091 1012 4165 ἀπογυμνοῦσθαι),
1054 4091 1342 4161 ἀείφυλλον
1394 4093 1450 4146 δὲ
1497 4093 1525 4146 ὁ
1579 4093 1774 4164 φοῖνιξ,
1804 4093 1867 4147 τὸ

295 4193 428 4246 αὐτὸ
474 4190 672 4259 φύλλον
713 4191 775 4242 ὲκ
831 4189 930 4257 τῆς
984 4187 1203 4257 πρώτης
1248 4186 1597 4258 βλαστήσεως
1642 4205 1866 4256 συμπα-

296 4285 530 4352 pagina»
554 4283 668 4350 ἔχει
691 4284 770 4344 εἰς
798 4281 966 4343 τέλος.
1000 4279 1108 4332 Καὶ
1133 4282 1261 4350 περὶ
1293 4280 1391 4350 μὲν
1423 4281 1630 4335 τούτων
1665 4280 1864 4344 οὕτως.

2034 3454 2114 3509 Ne
2146 3453 2200 3508 id
2233 3453 2454 3522 quidem
2503 3452 2682 3506 omitti
2733 3467 2760 3506 a
2795 3452 2950 3506 nobis
2981 3451 3164 3505 debet.
3213 3451 3380 3504 Aiunt
3427 3449 3538 3505 elc-

1967 3556 2144 3602 ctrum
2179 3547 2318 3601 nihil
2348 3545 2495 3600 aliud
2529 3559 2649 3598 esse
2678 3559 2842 3613 quam
2891 3557 3113 3597 succum
3169 3542 3422 3596 arborum
3481 3542 3535 3596 in

1965 3640 2233 3708 lapideam
2270 3636 2374 3708 14
2409 3635 2563 3706 quasi
2604 3634 2894 3705 quamdam
2948 3641 3199 3687 naturam
3256 3631 3534 3686 duratum.

1966 3731 2238 3786 Praeterea
2299 3727 2576 3782 nonnulla:
2623 3727 2703 3780 sic
2751 3725 2987 3780 conditae
3043 3734 3170 3777 sunt
3208 3723 3435 3777 arbores
3477 3734 3537 3778 ut

1969 3837 2187 3890 semper
2211 3819 2460 3879 ﬁoreant.
2493 3817 2768 3872 nonnullae
2812 3815 2959 3870 loliis
2988 3817 3290 3869 nudentur.
3335 3814 3397 3867 Ιιὶ
3423 3817 3527 3867 tem

1965 3910 2127 3966 exiis
2149 3924 2270 3981 qua:
2295 3923 2513 3976 semper
2559 3905 2778 3965 florent.
2823 3903 3073 3974 quaedam
3123 3903 3392 3972 abjiciunt
3453 3903 3538 3956 fo-

1962 4003 2321 4075 lia,qua:dam
2356 4017 2420 4056 ca
2453 4010 2722 4071 perpetuo
2753 3999 3016 4054 retinent.
3040 3998 3330 4068 Abjicinnt
3380 3998 3534 4053 verbi

1960 4093 2135 4163 gratia
2165 4092 2282 4147 olea
2309 4100 2365 4147 et
2397 4091 2561 4162 pinus
2593 4108 2608 4146 :
2649 4105 2776 4146 nam
2819 4090 2983 4145 tacite
3021 4089 3178 4160 quasi
3212 4105 3274 4144 ac
3299 4089 3539 4144 latenter

1961 4185 2088 4241 folia
2108 4199 2205 4257 pro
2229 4185 2352 4240 aliis
2409 4184 2512 4238 alia
2559 4183 2640 4238 sic
2677 4192 3112 4252 consequuntur,
3152 4191 3211 4236 ut
3257 4197 3534 4249 nunquam

1964 4279 2135 4335 comis
2167 4278 2282 4334 suis
2311 4277 2578 4332 denudari
2612 4277 2924 4331 videantur.
2949 4275 3134 4330 Palma
3173 4290 3304 4329 vero
3337 4291 3539 4345 perpe-

293 4378 404 4430 tuis
457 4385 644 4428 ornata
695 4373 840 4429 foliis
893 4381 996 4436 est,
1045 4381 1101 4427 et
1161 4387 1283 4442 qua;
1338 4373 1506 4428 semel
1565 4373 1800 4442 accepit,
1854 4372 1920 4428 ad
1965 4371 2128 4428 ﬁnem
2192 4384 2366 4440 usque
2400 4368 2620 4423 retinet.
2651 4367 2730 4422 Ac
2767 4367 2949 4422 dehis
2992 4369 3212 4436 quidem
3245 4369 3536 4422 hactenus.

362 4471 454 4542 Μὴ
489 4470 734 4539 θαύμαζε
779 4468 858 4528 δὲ,
899 4467 1175 4534 ἀγαπητὲ,
1213 4468 1370 4538 εἰπερ
1421 4469 1455 4538 ἡ
1495 4469 1628 4535 ἁγία
1665 4469 1856 4538 Γραφή

290 4582 458 4634 φησιν
507 4563 587 4624 είς
646 4563 774 4632 μίαν
828 4559 1158 4629 συναγωγὴν
1218 4559 1549 4629 συναχθῆναι
1585 4559 1644 4612 τὸ
1689 4559 1855 4628 ὕδωρ,

290 4657 395 4709 ποῦ
453 4655 512 4706 δὲ
571 4656 651 4716 είς
712 4653 1073 4721 συναγωγάς·
1110 4653 1204 4704 καὶ
1269 4651 1426 4704 τοῦτο
1475 4651 1584 4719 γὰρ
1635 4653 1859 4704 κάκεῖνο

289 4744 624 4813 γέγονε,καὶ
667 4743 766 4794 οὐκ
800 4741 1142 4795 ἔναντιοῦται
1197 4740 1330 4810 πρὸς
1381 4739 1606 4810 ἄλληλα.
1661 4741 1724 4794 '0
1763 4743 1864 4810 μὲν

291 4835 384 4889 οὖν
409 4834 759 4905 Θεοδώρητὸς
794 4850 958 4902 φησιν
992 4835 1073 4886 ὅτι
1104 4829 1286 4892 καλῶς
1316 4827 1438 4886 εἷπε
1483 4831 1580 4884 καὶ⁹
1617 4848 1866 4901 συναγω-

289 4932 398 4996 γὴν
423 4929 516 4979 καὶ
545 4925 867 4993 συναγωγὰς
900 4926 996 4978 ἐπὶ
1016 4924 1126 4976 τῶν
1160 4922 1396 4977 ὑδάτωνο
1427 4922 1497 4975 τὰ
1522 4922 1629 4992 γὰρ
1649 4920 1862 4992 πελάγη

293 5021 436 5073 κατὰ
460 5019 557 5087 τὴν
585 5017 691 5083 ἔξω
720 5017 1043 5085 ἐπιφάνειαν
1066 5015 1378 5086 διῃρημένα
1425 5015 1677 5068 δοκοῦσιν
1714 5013 1866 5085 (ἄλλο

292 5110 404 5178 γὰρ
431 5109 492 5161 τὸ
526 5108 746 5161 Ἰνδικὸν
774 5108 1011 5174 πέλαγος
1058 5109 1154 5158 καὶ
1191 5105 1321 5158 ἄλλο
1369 5104 1433 5157 τδ
1488 5105 1862 5176 Ὑρκανικδν),

291 5200 542 5254 κάτωθεν
588 5199 644 5252 δὲ
679 5201 1053 5269 συνήρμοσται
1103 5198 1192 5250 διά
1236 5215 1398 5250 τινων
1444 5195 1715 5264 ὑπογείων
1760 5196 1860 5248 πό-

293 5303 426 5356 ρων.
464 5285 704 5352 Ἐξωθεν
745 5287 803 5339 δὲ
839 5287 900 5339 τὸ
939 5289 1083 5356 μέγα
1126 5286 1360 5354 πέλαγος
1386 5284 1682 5348 ἐπίκειται,
1709 5301 1864 5339 τουτ-

305 5378 455 5431 ἐστιν
511 5380 541 5432 ὁ
587 5379 860 5443 Ὠκεανὸς,
893 5380 955 5431 τὸ
987 5379 1082 5432 κοιλ⁸
1119 5377 1478 5432 Ἀτλαντικὸν
1503 5377 1865 5448 καλούμενον.

296 5470 561 5524 Καλεῖται
599 5471 674 5524 ’δὲ
735 5471 907 5532 οὕτως
949 5460 1034 5525 διὰ
1063 5471 1123 5523 τὸ
1178 5471 1358 5522 ἐκεῖσε
1415 5469 1540 5538 ὅρος
1596 5469 1687 5521 τὸν
1741 5470 1868 5520 Ἀτ-

299 5562 492 5617 λαντα.
534 5564 800 5617 Τοσοῦτον
848 5565 902 5617 δὲ
936 5567 963 5618 ὁ
1003 5565 1202 5629 ’Ἄτλας
1264 5557 1421 5624 οὗτος
1477 5561 1683 5633 ὑψηλός
1715 5563 1866 5616 ἔστιν

390 5715 429 5742 "'
461 5714 616 5772 Cant.
649 5731 706 5772 ιι.
743 5715 825 5768 l3.

2038 4464 2152 4520 Nec
2183 4479 2314 4519 vero
2358 4463 2557 4516 mirum
2592 4461 2687 4517 tibi
2748 4461 3001 4514 videatur
3055 4458 3292 4514 Litteras
3350 4475 3538 4516 sacras

1966 4573 2114 4612 nunc
2185 4559 2240 4612 in
2301 4571 2464 4610 unam
2493 4553 2871 4610 collectionem
2905 4568 3102 4623 aquam
3136 4567 3260 4607 esse
3289 4565 3535 4607 coactam

1966 4649 2173 4714 dicere,
2205 4662 2355 4703 nunc
2386 4647 2437 4700 in
2480 4645 2863 4709 coilectiones;
2927 4659 3050 4698 nam
3082 4660 3202 4698 cum
3243 4654 3537 4714 utrumque

1969 4741 2172 4796 factum
2209 4738 2300 4805 sit,
2334 4738 2472 4792 nihil
2505 4737 2621 4791 hate
2651 4736 2795 4789 inter
2823 4749 2882 4789 se
2930 4743 3195 4803 pugnant.
3249 4735 3324 4789 Ac
3353 4735 3539 4789 Theo-

1962 4833 2178 4888 doritus
2208 4831 2429 4901 quidem
2459 4829 2534 4884 ait
2567 4838 2714 4884 recte
2747 4843 3017 4898 aquarum
3064 4835 3120 4882 et
3154 4827 3537 4882 collectionem

1963 4933 2018 4979 et
2052 4921 2404 4978 collectiones
2439 4921 2587 4986 diei;
2637 4935 2762 4974 nam
2795 4919 2968 4973 maria
2999 4917 3146 4987 quod
3201 4919 3536 4974 exteriorem

1963 5013 2309 5085 superﬁciem
2355 5013 2572 5076 attinet,
2623 5027 2652 5066 a
2711 5027 2769 5066 se
2817 5011 3050 5065 invicem
3091 5025 3207 5064 esse
3241 5009 3422 5065 idivisa
3453 5013 3536 5064 ri-

1964 5106 2188 5160 dentur.
2244 5104 2456 5175 Quippe
2502 5105 2647 5159 aliud
2705 5112 2789 5159 est
2846 5101 3095 5156 Indicum
3156 5115 3327 5164 mare,
3389 5102 3538 5157 aliud

1965 5180 2351 5267 Hyrcanicum,
2379 5210 2501 5265 qua:
2526 5205 2706 5249 tamen
2739 5193 2970 5247 inferius
2995 5207 3092 5262 per
3145 5192 3537 5246 subterraneos

1963 5289 2236 5358 quosdam
2291 5296 2506 5342 meatus
2561 5287 2708 5341 inter
2753 5301 2813 5340 se
2871 5285 3296 5356 conjnnguntur.
3374 5285 3536 5338 Extra

1965 5380 2082 5434 lucc
2112 5387 2293 5434 autem
2328 5393 2582 5449 magnum
2636 5376 2768 5432 illud
2824 5391 2974 5430 mare
3029 5375 3193 5430 situm
3252 5385 3356 5438 est,
3390 5377 3536 5445 quod

1966 5467 2243 5524 Oceanum
2291 5467 2526 5545 dicimus
2574 5475 2630 5522 et
2684 5467 3020 5522 Atlanticum
3069 5467 3331 5536 pelagus;
3387 5469 3532 5536 quod

1965 5552 2166 5618 nomen
2198 5572 2281 5617 cst
2308 5562 2357 5618 ci
2387 5563 2454 5617 ab
2507 5561 2725 5615 Atlante
2749 5565 2752 5568 ’
2773 5559 3032 5626 inditum,
3065 5558 3158 5629 qui
3183 5575 3341 5614 tnons
3376 5570 3537 5616 umis:
