4214 6442
611 373 673 434 ε,1
1905 383 2320 447 MICHAELIS
2358 388 2617 452 GLYCAS
3774 409 3842 469 52

609 483 966 538 cliuliiuitatis
994 484 1165 539 esl'ut
1191 486 1331 555 apud
1359 494 1545 555 poetas
1572 487 1696 543 coeli
1729 488 1982 543 columna
2026 505 2186 546 voce-
2210 510 2227 549 Α

2296 496 2362 558 ὡς
2395 501 2489 552 καὶ
2523 502 2678 553 κίονα
2728 500 2822 554 τοῦ
2864 504 3093 575 ούρανοῦ
3126 508 3277 577 παρὰ
3319 511 3433 574 τοῖς
3468 513 3722 583 ποιηταῖς
3760 515 3849 568 λέ·

611 585 718 626 tur.
777 572 948 628 Nemo
996 577 1254 630 verticem
1321 579 1439 648 ejus
1482 579 1618 633 vidit
1667 591 1960 649 propterea
2022 582 2173 650 quod

610 665 698 717 illa
737 665 861 718 nive
894 675 1034 720 tecta
1088 671 1179 721 sit.
1232 670 1359 723 [nec
1391 669 1711 723 Theodoriti
1745 680 1825 726 est
1876 672 2171 725 sententia.

609 755 830 822 Magnus
857 766 1036 809 autem
1070 757 1301 813 Basilius
1332 769 1517 814 noster
1562 762 1740 829 inquit
1782 771 1930 816 recte
1967 763 2176 816 dictum

610 847 662 897 iu
694 847 1074 902 collectionem
1114 866 1301 903 unam.
1352 851 1484 905 Nam
1521 861 1580 905 ut
1618 868 1757 921 aqua
1803 852 2085 908 conﬂuens
2112 867 2177 906 ea

610 940 723 988 inca
777 954 883 991 non
945 940 1289 1009 demergeret
1343 956 1371 993 a
1433 943 1633 1011 quibus
1704 944 2008 1011 recipitur.
2077 960 2179 998 nec

610 1042 826 1095 >(‘lttper
862 1030 1015 1095 quasi
1054 1032 1479 1101 progrediendi).
1512 1033 1724 1103 aliaque
1753 1044 1875 1103 post
1920 1034 2025 1087 alia
2060 1034 2177 1088 loca

611 1117 872 1182 rcpicndo
938 1118 1150 1171 tandem
1209 1120 1472 1174 continuo
1542 1130 1719 1175 tractu
1799 1124 2175 1178 continentem

611 1210 920 1261 uniwrsam
958 1210 1272 1273 inundaret,
1307 1211 1512 1268 idcirco
1546 1213 1684 1266 dixit
1714 1213 1899 1267 Deus:
1929 1231 1947 1263 ι
1972 1212 2178 1269 Coeant

609 1312 763 1366 aqum
816 1315 978 1353 unam
1015 1300 1068 1353 in
1124 1302 1502 1357 collectionem
1530 1305 1596 1365 '°,
1628 1323 1645 1354 ι
1693 1305 1799 1359 hoc
1842 1315 1945 1366 est,
1975 1305 2043 1358 ab
2078 1306 2179 1359 hac

608 1402 747 1455 aqua
780 1391 923 1443 nulla
945 1406 1002 1444 se
1032 1404 1297 1462 segreget,
1329 1394 1420 1447 sed
1442 1395 1585 1462 quod
1628 1398 1790 1450 modo
1818 1397 2092 1467 colligitur
2123 1397 2178 1451 in

610 1477 720 1530 hac
742 1480 918 1547 prima
950 1482 1276 1537 collectione
1306 1487 1582 1552 persistat.
1611 1486 1701 1541 Sic
1722 1497 1775 1543 et
1800 1487 2181 1544 Salomonicus

612 1568 704 1623 ille
770 1571 1131 1627 conciunator
1194 1575 1373 1644 inquit
1427 1592 1505 1630 τι
1541 1581 1741 1633 Omnes
1798 1587 2074 1635 torrentes
2124 1583 2179 1634 in

610 1675 760 1713 mare
811 1672 1063 1731 pergunt,
1121 1679 1295 1734 neque
1352 1675 1532 1722 tamen
1582 1668 1786 1724 idcirco
1836 1685 1986 1725 mare
2035 1686 2183 1725 com-

608 1750 881 1818 pletur”.
915 1771 935 1804 ι
973 1754 1106 1808 Nam
1168 1758 1340 1825 ipsam
1397 1774 1616 1829 quoque
1677 1760 1975 1815 ﬂuxionem
2026 1777 2180 1818 suam

610 1856 764 1909 aquae
801 1841 904 1897 hoc
941 1861 1006 1898 ex
1055 1851 1311 1901 mandato
1348 1849 1438 1904 Dei
1491 1864 1799 1906 consecuta:
1854 1863 2004 1917 sunt,
2058 1869 2183 1907 cum

610 1932 818 1986 diceret
850 1955 860 1987 :
897 1955 915 1985 ι
956 1936 1162 1991 Coeant
1193 1942 1409 2011 aquer
1443 1943 1522 1994 Ab
1549 1943 1740 1997 eadem
1776 1945 1894 2015 lege
1932 1945 2183 2015 principe

610 2024 915 2090 prufectum
974 2037 1059 2082 est
1088 2030 1231 2097 quod
1272 2030 1414 2084 intra
1471 2033 1673 2088 limites
1725 2049 1857 2089 suos
1888 2051 2037 2090 mare
2077 2036 2187 2092 eir-

613 2115 1007 2183 cumseriptum
1074 2128 1278 2173 manet.
1331 2120 1570 2177 Adverte
1634 2124 1896 2188 animum,
1941 2125 2014 2179 mi
2062 2125 2183 2181 ﬁli:

616 2222 634 2252 ‹
677 2205 888 2260 Cuncta:
924 2219 1069 2271 sunt,
1106 2212 1183 2263 ait
1223 2212 1420 2277 Moses,
1477 2229 1639 2268 uuam
1695 2215 1749 2269 in
1801 2216 2184 2272 collectionem

613 2314 787 2363 aqum,
839 2314 900 2353 ac
953 2301 1160 2355 siccum
1213 2306 1476 2374 apparuit
1510 2306 1573 2358 ⁸⁸.
1616 2325 1635 2357 ι
1664 2306 1802 2371 Quia
1847 2307 1991 2361 enim
2043 2318 2185 2362 terra

614 2389 761 2440 cerni
801 2405 903 2441 non
942 2401 1171 2458 poterat.
1209 2402 1265 2448 et
1298 2396 1451 2450 rudis
1481 2411 1544 2451 ac
1579 2396 1833 2452 informis
1882 2409 2021 2465 erat,
2054 2401 2184 2454 dum

616 2481 669 2532 in
722 2482 837 2551 ejus
885 2483 1174 2552 superﬁcie
1210 2485 1452 2542 ﬂuitaret
1490 2503 1654 2558 aqua,
1711 2501 2001 2560 propterea
2057 2506 2187 2548 suas

615 2572 668 2624 in
726 2573 1074 2631 collectiones
1124 2592 1263 2645 aqua
1324 2590 1512 2634 coacta
1561 2581 1711 2634 cerni
1762 2583 1977 2637 tandem
2021 2584 2189 2652 caepit

614 2673 756 2716 terra
806 2668 959 2733 prius
1002 2668 1433 2737 inaspectabilis.
1487 2671 1606 2737 Quo
1659 2673 1879 2741 quidem
1940 2684 2227 2744 tempore

614 2756 870 2809 inlaudato
904 2758 1092 2813 divino
1124 2772 1383 2815 exornata
1415 2773 1497 2817 est
1543 2764 1848 2834 omnigenis
1897 2766 2186 2835 stirpibus,

615 2846 691 2898 uti
725 2862 888 2915 supra
937 2850 1340 2908 iudicabamus.
1925 2846 1934 2854 ’

684 2937 888 3002 Quodsi
940 2942 1104 2995 etiam
1161 2946 1381 3013 quaeris,
1430 2951 1785 3017 quamobrem
1833 2954 1906 3007 ita
1948 2954 2192 3022 particu-

616 3028 767 3081 latim
804 3039 948 3083 terra
977 3049 1135 3088 suum
1167 3050 1551 3093 ornamentum
1605 3054 1901 3098 consecuta
1932 3045 2027 3110 sit,
2078 3059 2187 3098 non

2285 590 2480 656 γεσθαι
2507 608 2522 622 θ
2558 584 2621 644 οὗ
2640 594 2739 661 τὴν
2769 596 3025 674 κεφαλήν
3048 598 3226 661 οὐδεὶς
3255 598 3466 669 ἑώρακε
3502 602 3591 655 διὰ
3620 604 3680 655 τὸ
3710 606 3849 674 χιόνι

2285 682 2678 738 καλύπτεσθαι.
2722 685 2831 737 Καὶ
2888 673 3034 740 obrui
3071 690 3168 757 μὲν
3215 689 3244 742 δ
3295 691 3613 761 διαληφθεὶς
3643 673 3850 749 Θεοδώ-

2288 790 2471 841 ρητος.
2496 774 2525 825 6
2562 772 2618 825 δὲ
2651 774 2827 842 μέγας
2853 776 3131 841 Βασίλειός
3162 795 3326 845 φησιν
3360 781 3443 835 ὅτι
3474 783 3656 847 καλῶς
3689 780 3848 837 εἶπεν

2284 865 2364 925 εἰς
2431 864 2561 933 μίαν
2609 868 2956 936 συναγωγήν.
3005 867 3122 923 Ἵνα
3176 869 3286 940 γὰρ
3342 872 3418 942 μὴ
3477 874 3539 927 τὸ
3594 877 3850 948 ὲπιρῤἐον

2286 954 2429 1024 ὕδωρ
2480 956 2592 1008 τῶν
2654 957 2957 1026 δεχομένων
3013 960 3144 1013 αὐτὸ
3183 962 3395 1031 χωρίων
3448 966 3850 1034 ὑπερχεόμενον

2289 1046 2638 1115 μετεκϐαίνοι
2667 1049 2753 1112 ἂν,
2783 1049 2876 1100 καὶ
2918 1050 3056 1104 ἄλλα
3100 1052 3159 1116 ἑξ
3187 1053 3366 1107 ἄλλων
3394 1052 3638 1125 πληροῦν
3668 1058 3850 1109 πᾶσαν

2287 1138 2427 1191 κατὰ
2478 1139 2537 1189 τὸ
2590 1139 2808 1207 συνεχὲς
2860 1141 3131 1213 ὲπικλύσῃ
3182 1143 3283 1213 τήν
3330 1144 3582 1215 ἤπειρον,
3612 1166 3629 1198 ι
3668 1148 3845 1199 Συνα-

2293 1229 2479 1299 χθήτω
2524 1229 2593 1283 τὰ
2623 1229 2792 1282 ὕδατα
2840 1249 2860 1282 ο
2896 1226 3051 1284 εἶπεν
3080 1250 3097 1282 ι
3137 1232 3219 1295 είς
3268 1238 3597 1305 συναγωγὴν
3632 1236 3783 1305 μίαν,
3828 1255 3847 1287 ι

2286 1320 2566 1372 τουτέστιν
2590 1320 2721 1388 άλλη
2753 1319 2860 1373 άπδ
2892 1320 3098 1390 ταύτης
3143 1322 3219 1391 μὴ
3266 1324 3698 1395 ἀπογευηθήτω,
3729 1326 3851 1379 ἀλλ’

2286 1411 2346 1462 ὲν
2369 1412 2437 1479 τῇ
2473 1410 2663 1479 πρώτῃ
2696 1409 2929 1479 συλλογῇ
2975 1411 3334 1479 ἀπομεινάτω
3363 1413 3426 1465 τὸ
3458 1415 3849 1483 συναγόμενον.

2286 1501 2446 1553 Κατὰ
2469 1498 2627 1552 τοῦτο
2652 1499 2747 1552 καὶ
2775 1502 2803 1553 ὁ
2847 1499 3292 1571 Ἐκκλησιαστής
3329 1519 3503 1571 φησιν
3534 1504 3619 1557 δτι
3653 1504 3855 1564 πάντες

2287 1594 2337 1645 οῖ
2385 1592 2676 1662 χείμαρροι
2723 1590 3051 1661 πορεύονται
3100 1595 3182 1657 είς
3217 1594 3315 1664 τὴν
3347 1595 3651 1661 θάλασσαν,
3693 1596 3790 1648 καὶ⁵
3819 1596 3855 1664 ή

2289 1683 2532 1736 θάλασσα
2577 1684 2677 1735 οὐκ
2727 1683 2877 1735 εστιν
2928 1683 3343 1753 ἐμπιπλαμένη,
3397 1685 3584 1756 ἐπειδὴ
3643 1688 3737 1740 καὶ
3792 1689 3854 1739 τὸ

2291 1779 2405 1846 ῥεῖν
2444 1776 2559 1837 τοῖς
2597 1774 2753 1828 ὕδασι
2803 1775 2892 1828 διὰ
2931 1776 2994 1828 τὺ
3042 1775 3189 1829 θεῖον
3222 1777 3584 1846 πρόσταγμα·
3627 1795 3646 1827 ι
3683 1778 3854 1831 Συνα-

2286 1872 2474 1942 χθήτω
2527 1889 2546 1923 ι
2584 1871 2694 1940 γάρ
2732 1887 2865 1938 φησι
2916 1889 2936 1922 ι
2977 1872 3046 1924 τὰ
3090 1871 3282 1924 ὕδατα.
3323 1890 3341 1923 ι
3378 1866 3490 1924 Καὶ
3530 1871 3590 1924 τδ
3638 1874 3769 1924 εῐσω
3800 1874 3858 1924 δὲ

2285 1964 2395 2016 τῶν
2419 1962 2560 2032 ὅρων
2616 1952 3059 2031 περιγεγράφθαι
3109 1963 3209 2030 τὴν
3264 1962 3539 2017 θάλασσαν
3587 1964 3697 2016 ἀπὸ
3753 1964 3854 2032 τῆς

2285 2054 2511 2123 πρώτης
2567 2052 2887 2121 νομοθεσίας
2930 2053 3071 2105 ὲστί.
3104 2053 3371 2123 Πρόσεχε,
3413 2055 3690 2125 ἁγαπητέ.
3719 2056 3827 2107 Συν

2285 2144 2423 2214 ήχθη
2474 2146 2534 2197 τὸ
2586 2142 2730 2210 ὕδωρ
2768 2146 2847 2205 είς
2893 2144 3219 2213 συναγωγὴν
3278 2145 3429 2214 μίαν,
3476 2146 3571 2198 καὶ
3618 2145 3773 2216 ὤφθη
3821 2150 3856 2217 ή

2287 2236 2446 2306 ξηρά.
2480 2255 2498 2288 ι
2548 2234 2766 2303 Ἐπειδὴ
2816 2236 2923 2303 γὰρ
2978 2234 3211 2304 ἀόρατος
3260 2230 3328 2306 ἦν
3373 2237 3405 2305 ή
3464 2235 3536 2305 γῆ
3585 2238 3679 2290 καὶ
3726 2237 3859 2290 an.

2284 2330 2655 2390 τασκεύαστος
2702 2326 2798 2380 ἅτε
2833 2326 2930 2379 τοῦ
2968 2325 3162 2389 ὕδατος
3214 2326 3645 2392 ἐπιπολάζοντος
3688 2329 3855 2398 αὐτῇ.

2285 2421 2372 2475 διὰ
2392 2420 2548 2475 τοῦτο
2571 2421 2632 2473 τὸ
2668 2418 2811 2489 ὕδωρ
2844 2419 3087 2488 συνήχθη
3133 2420 3215 2482 είς
3240 2421 3337 2481 τὰς
3380 2421 3706 2486 συναγωγὰς
3754 2420 3856 2473 αύ-

2286 2512 2403 2575 τοῦ,
2428 2513 2520 2565 καὶ
2569 2512 2741 2573 οὕτως
2780 2509 2955 2579 ὁρατὴ
2995 2508 3220 2577 γέγονεν
3264 2512 3298 2579 ή
3351 2510 3583 2579 ἀόρατος
3628 2507 3763 2564 οὖσα
3789 2511 3852 2563 τὸ

2289 2604 2574 2674 πρότερον.
2609 2602 2745 2654 Τότε
2778 2601 2864 2671 δή,
2898 2601 3019 2653 τότε
3048 2600 3144 2653 καὶ
3177 2602 3367 2669 φυτοῖς
3390 2602 3665 2664 παντοίοις
3698 2602 3858 2655 ἐκαλ-

2288 2696 2555 2761 λωπίζετο
2585 2693 2717 2763 θείῳ
2755 2694 3165 2762 προστάγματι,
3193 2690 3271 2757 ὡς
3304 2690 3515 2748 ἄνωθεν
3543 2692 3785 2763 είρηται.

2363 2961 2427 3012 El
2486 2958 2542 3011 δὲ
2600 2954 2694 3009 καὶ
2753 2953 2896 3016 τίνος
2947 2953 3139 3006 ἕνεκεν
3196 2951 3477 3021 ἐπιζητεῖς
3534 2951 3678 3005 οὕτω
3718 2953 3881 3005 κατὰ-ν

2297 3052 2458 3123 μέρος
2488 3052 2520 3119 ή
2553 3050 2626 3118 γῆ
2654 3047 2743 3100 τὸν
2794 3046 2994 3098 οἰκεῖον
3022 3044 3238 3113 ἐδέχετο
3273 3045 3479 3114 κόσμον
3519 3044 3615 3098 καὶ
3657 3045 3760 3098 ούκ
3801 3043 3862 3107 ἐξ

614 3122 801 3174 statim
835 3123 901 3176 ab
927 3124 1085 3180 initio
1105 3143 1326 3195 prorsus
1348 3131 1416 3185 ab
1438 3133 1697 3186 omnibus
1729 3135 1893 3189 rebus
1923 3136 2187 3190 instructa
2218 3174 2227 3217 ε

2296 3122 2464 3213 ἀρχῆς
2491 3141 2661 3209 αὐτῆς
2687 3129 3071 3207 ἀπηρτισμένη
3122 3135 3429 3205 παρήγετο,
3462 3135 3571 3202 ἐγώ
3603 3151 3689 3187 σοι
3723 3135 3860 3205 ἐρῶ,

622 3213 724 3282 15
755 3214 1039 3282 prodierit,
1079 3220 1336 3286 equidem
1371 3222 1491 3291 ejus
1524 3224 1621 3277 tibi
1656 3225 1734 3277 rei
1761 3240 1978 3279 causam
2013 3226 2190 3294 expli-

614 3305 774 3368 cabo,
804 3306 885 3358 vel
917 3308 1099 3375 potius
1128 3325 1238 3363 non
1269 3326 1391 3381 ego,
1432 3314 1526 3368 sed
1572 3316 1815 3371 Joannes
1863 3317 2191 3387 Cbrysosto-

617 3410 760 3447 mus.
800 3397 930 3450 Nam
959 3414 1080 3452 cum
1109 3408 1251 3455 terra
1283 3403 1352 3457 sit
1384 3420 1583 3473 parens
1613 3417 1666 3460 et
1694 3407 1854 3461 altrix
1883 3409 2189 3473 hominum,

616 3490 837 3553 quando
877 3506 941 3543 ex
974 3506 1037 3544 ea
1065 3495 1247 3546 cuncti
1289 3504 1419 3548 sunt
1453 3496 1561 3549 orti
1591 3506 1647 3550 et
1695 3497 1747 3550 in
1776 3512 1895 3552 eam
1934 3499 2188 3564 redeunt,

616 3588 667 3629 et
702 3587 920 3646 quando
958 3598 1019 3635 ea
1051 3585 1300 3650 quamvis
1344 3586 1582 3641 fructum
1629 3589 1786 3643 nobis
1830 3590 2075 3658 largitur,
2123 3606 2190 3644 ne

620 3668 693 3719 illi
748 3670 927 3722 uumia
990 3672 1386 3739 tribuerentur,
1440 3692 1613 3746 eaque
1663 3678 1730 3731 de
1792 3693 1955 3734 causa
2014 3681 2194 3736 cultus

619 3758 840 3824 quidam
876 3762 1165 3819 accederet
1189 3776 1447 3834 tanquam
1478 3768 1529 3820 vi
1570 3767 1944 3838 facultateque
1987 3785 2085 3823 sua
2115 3782 2193 3825 tot

621 3850 761 3901 bona
795 3850 952 3903 nobis
976 3852 1295 3920 proferenti,
1332 3856 1537 3910 idcirco
1581 3856 1753 3914 Dens:
1778 3859 1923 3913 illam
1954 3860 2189 3928 primum

624 3956 766 4009 aqua
800 3943 931 4012 tegit
959 3953 1015 3998 et
1061 3946 1374 4001 inornatam
1399 3948 1701 4019 rudemque
1744 3951 1965 4018 condit;
1996 3953 2193 4008 deinde

619 4047 816 4100 aquam
852 4035 907 4087 in
941 4035 1318 4092 collectionem
1356 4053 1519 4093 unam
1544 4041 1709 4112 cogit,
1734 4051 1901 4110 atque
1933 4042 2038 4096 hoc
2078 4052 2197 4097 tan:

621 4122 744 4176 dem
775 4125 935 4177 modo
964 4135 1166 4180 terram
1204 4129 1471 4184 instruit.-

693 4216 805 4270 lloc
831 4218 993 4270 etiam
1026 4235 1054 4271 a
1091 4220 1251 4276 nobis
1288 4221 1490 4290 inquiri
1521 4206 1759 4294 pretium
1784 4239 1965 4294 aperte
1997 4224 2191 4286 fuerit,

625 4310 846 4363 ubinam
899 4325 1039 4379 aqua
1073 4312 1303 4366 collecta
1345 4312 1536 4380 fuerit,
1567 4324 1627 4369 ut
1656 4318 1865 4371 siccum
1924 4316 2194 4385 deinceps

624 4404 1061 4470 conspiceretur,
1116 4403 1161 4457 si
1215 4404 1438 4472 quidem
1491 4407 1747 4461 universa
1795 4418 1953 4462 terras
2007 4423 2195 4476 super-

2294 3234 2494 3301 μᾶλλον
2532 3232 2586 3283 δὲ
2628 3230 2727 3282 ούκ
2762 3226 2891 3293 ἐγὼ,
2934 3224 3051 3278 ἀλλ’
3097 3228 3125 3278 ὸ
3167 3226 3266 3295 τὴν
3309 3226 3553 3292 γλῶτταν
3602 3224 3861 3294 χρυσοῦς.

2303 3324 2523 3392 Ἐπειδὴ
2556 3321 2665 3390 γὰρ
2699 3320 2732 3387 ή
2781 3318 2851 3388 γῆ
2899 3318 3083 3385 μήτηρ
3135 3315 3295 3386 ἡμῶν
3327 3316 3444 3368 ἑστι
3500 3317 3596 3369 καὶ
3637 3316 3860 3386 τροφὸς,

2292 3416 2478 3483 ὲπειδὴ
2512 3414 2709 3472 πάντες
2754 3409 2811 3474 ἐξ
2860 3407 3034 3472 αὐτῆς
3062 3406 3386 3474 γεγένηνται
3435 3408 3528 3458 καὶ
3575 3407 3657 3467 είς
3687 3406 3859 3471 αὐτὴν

2292 3506 2448 3570 αὖθις
2478 3503 2922 3572 ἐπιστρέφουσιν,
2961 3497 3153 3565 ἐπειδὴ
3185 3497 3368 3550 πᾶσαν
3398 3496 3695 3550 ἀπολαύειν
3723 3498 3857 3564 ἡμῖν

2290 3600 2428 3666 αὕτη
2457 3595 2763 3667 χαρίζεται,
2798 3592 2886 3644 ἵνα
2924 3588 2997 3658 μὴ
3032 3588 3093 3640 τὸ
3124 3589 3236 3640 πᾶν
3266 3590 3403 3657 αὐτῇ
3452 3586 3677 3656 λογισθῇ
3726 3588 3863 3639 κάν-

2290 3688 2483 3741 τεῢθεν
2521 3685 2684 3744 σέὅας
2720 3682 2858 3751 αὐτῇ
2891 3677 3200 3749 πῳσαχθῇ,
3229 3677 3461 3746 δυνάμει
3489 3675 3653 3743 δῆθεν
3688 3675 3865 3746 οίκείᾳ

2292 3778 2560 3834 τοσούτων
2588 3773 2805 3841 ἀγαθῶν
2840 3772 2974 3839 ἡμῖν
2997 3769 3145 3837 αἰτία
3182 3767 3553 3837 γεγενημινη.
3585 3765 3675 3817 διὰ
3707 3764 3867 3818 τοῦτο

2294 3872 2486 3943 πρῶτα
2523 3868 2620 3937 μὲν
2650 3860 3012 3916 ἐπικαλύπτει
3041 3858 3247 3927 ταύτην
3293 3858 3374 3927 τῷ
3407 3856 3562 3911 ὕδατι
3600 3857 3696 3909 καὶ
3727 3858 3868 3908 diu.

2291 3966 2557 4020 τάσκευον
2612 3958 2777 4020 ποιεῖ,
2823 3954 2963 4023 μετὰ
3015 3951 3072 4003 δὲ
3128 3950 3304 4005 ταῦτα
3343 3950 3406 4004 τὸ
3432 3948 3577 4019 ὕδωρ
3607 3951 3687 4012 είς
3736 3949 3870 4019 μίαν

2295 4054 2618 4121 ἐπισυνάγει
2668 4044 3020 4115 συναγωγὴν,
3053 4042 3149 4096 καὶ
3190 4041 3366 4105 οὕτως
3408 4039 3643 4112 ὀφθῆναι
3684 4056 3870 4109 παρα-

2297 4146 2556 4213 σκευάζει
2585 4143 2780 4211 αὐτήν.

2378 4238 2541 4294 Ἀλλὰ
2582 4238 2678 4290 καὶ
2708 4232 2871 4287 τοῦτο
2904 4234 3141 4303 ζητῆσαι
3173 4228 3348 4294 ἄξιον,
3386 4224 3490 4281 ποῦ
3531 4222 3775 4294 συνήχθη
3809 4224 3871 4276 τὸ

2297 4330 2462 4399 ὕδωρ,
2518 4327 2593 4390 ὡς
2652 4322 2907 4377 ἐντεῦθεν
2958 4320 3193 4392 ὀφθῆναι
3244 4317 3344 4388 τὴν
3395 4314 3588 4386 ξηρὰν,
3642 4311 3759 4380 εῐγε
3810 4313 3874 4363 τδ

2296 4422 2590 4487 πρόσωπον
2633 4415 2781 4469 ἅπαν
2814 4414 2911 4482 τῆς
2945 4412 3070 4480 γῆς,
3098 4409 3173 4472 ὥς
3217 4424 3385 4479 φησιν
3436 4407 3471 4476 ή
3514 4404 3729 4475 Γραφή,
3758 4404 3874 4465 τοῖς

624 4494 1257 4564 liriesquctnadmodum
1281 4510 1449 4551 sacrae
1465 4496 1681 4553 Littera:
1702 4500 1944 4562 tradunt,
1962 4499 2030 4553 al)
2045 4500 2201 4570 aquis

2305 4512 2491 4565 ὕδασιν
2517 4507 2875 4562 ικαλύπτετο.
2908 4504 3194 4563 Ἰουστῖνος
3222 4501 3249 4552 ό
3280 4498 3571 4565 φιλόσοφος
3606 4495 3704 4548 καὶ
3731 4495 3875 4563 pcip-

622 4587 1026 4641 occultabatur.
1060 4588 1133 4641 De
1169 4589 1272 4642 hoc
1300 4587 1553 4643 Justinus
1605 4591 1693 4645 ille
1731 4593 2088 4662 philosophus
2130 4608 2194 4647 ac

624 4680 780 4731 testis
809 4679 1037 4743 ChriSti,
1074 4696 1412 4748 magnusque
1447 4682 1679 4737 Basilius
1715 4684 1905 4738 dicunt
1938 4686 2191 4740 mandato

624 4770 809 4823 (In-luo
864 4782 978 4824 tum
1034 4772 1403 4825 coneavitates
1461 4774 1725 4842 quasdam
1795 4791 1914 4829 esse
1988 4777 2189 4831 factas.

625 4862 792 4924 (luitis
821 4863 896 4913 rei
934 4870 1098 4916 testes
1120 4862 1231 4916 sint
1256 4863 1469 4928 insulae,
1502 4865 1669 4918 nullis
1707 4867 1873 4921 certis
1910 4867 2195 4935 descriplzn

626 4956 657 5008 lt
686 4952 798 5013 vis,
849 4969 968 5020 quzc
1004 4954 1205 5023 passim
1258 4955 1638 5023 reperiuntur.
1702 4957 1793 5011 Eae
1823 4958 2196 5013 concavitates

628 5049 770 5101 intra
815 5060 874 5099 se
917 5045 1210 5100 demissam
1248 5063 1447 5117 aquam
1491 5056 1842 5118 receperunt.
1898 5048 2053 5114 Quod
2090 5048 2196 5103 nisi

628 5140 832 5192 factum
867 5137 1083 5202 luisset,
1122 5154 1231 5192 non
1273 5139 1496 5194 dixisset
1534 5139 1712 5194 Moses
1735 5140 2054 5209 adapertum
2087 5139 2198 5194 sic-

628 5247 751 5285 cum
783 5230 1121 5297 apparuisse.
1154 5229 1295 5296 Quin
1332 5232 1495 5286 etiam
1529 5231 1583 5301 (ο
1605 5231 1867 5301 insignem
1894 5230 1988 5285 Dei
2012 5245 2197 5285 curam

627 5323 695 5377 de
723 5322 881 5377 nobis
904 5337 965 5374 ac
993 5321 1393 5393 providentiam
1418 5324 1458 5391 ί)
1497 5322 1814 5393 hujusmodi
1846 5322 2202 5377 coucavitati-

628 5416 733 5467 luis
763 5417 968 5469 insulas
1008 5415 1278 5487 adiunxit.
1304 5416 1416 5471 Cur
1444 5415 1520 5477 id,
1556 5415 1783 5485 quaeso?
1810 5415 1881 5470 Ut
1914 5424 2203 5485 tempesta-

2298 4621 2394 4666 τυς
2418 4599 2655 4672 Χριστοῦ
2683 4600 2709 4650 ό
2742 4597 2915 4667 μέγας
2942 4612 3000 4646 τε
3035 4592 3315 4654 Βασίλειός
3362 4605 3526 4658 φασιν
3566 4587 3651 4639 ὅτι
3697 4586 3877 4640 κοιλόο

2301 4711 2462 4765 τητες
2489 4692 2737 4760 ἐγένοντο
2764 4685 3065 4758 τηνικαῦτα
3110 4683 3253 4736 κατὰ
3284 4681 3434 4735 θείαν
3478 4680 3731 4733 κέλευσιν
3758 4676 3876 4744 (καὶ

2301 4790 2395 4844 τοῦ
2436 4786 2597 4853 λόγου
2632 4783 2908 4853 μάρτυρες
2940 4776 3359 4846 ἀπαράτρεπτοι
3400 4772 3457 4825 αί
3500 4769 3643 4824 κατὰ
3674 4768 3876 4826 τόπους

2298 4877 2690 4951 εὐρισκόμεναι
2733 4871 2932 4940 νῆσοι),
2967 4868 3060 4921 καὶ
3088 4866 3261 4928 οὕτως
3284 4858 3443 4917 αὗται
3476 4862 3538 4915 τδ
3574 4860 3716 4929 ὓδωρ

2293 4947 2564 5045 χαλασθὲν
2608 4964 2877 5029 ἐδέξαντο.
2912 4962 2971 5013 Εἰ
3018 4961 3095 5030 μὴ
3144 4958 3267 5050 γὰρ,
3318 4952 3563 5050 σννήχ-θη
3616 4952 3683 5050 ἐξ
3732 4947 3880 5050 ὖξίξρ

2294 5038 2354 5119 ἓν
2382 5063 2504 5124 ταῖς
2532 5056 2816 5117 τοιαύταις
2854 5050 3192 5120 κοιλότησιν,
3219 5049 3320 5100 οὐκ
3363 5045 3432 5097 ἂν
3476 5038 3886 5108 ἀποκαλυφθῆ-

2294 5170 2381 5207 ναι
2425 5146 2666 5215 ἔφθασεν
2716 5145 2750 5213 ἡ
2795 5140 2956 5211 ξηρά.
2996 5138 3183 5200 Ἀλλά,
3210 5132 3541 5205 κηδεμονίας
3571 5129 3705 5183 Θεοῦ
3736 5131 3749 5182 l
3786 5128 3885 5180 καὶ

2298 5242 2497 5311 νήσους
2532 5238 2638 5305 γὰρ
2673 5236 2790 5295 ταῖς
2821 5229 3100 5296 κοιλότησι
3139 5227 3429 5295 προσεῖναι
3461 5217 3880 5291 παρεσκεύασε.

2302 5334 2459 5393 Τίνος
2511 5329 2733 5391 ἓνεκεν;
2767 5323 2936 5376 Ὥστε
2992 5320 3117 5381 τοὺς
3174 5314 3624 5384 ναυτιλλομένους
3689 5311 3875 5364 ἐκεῖσε

2304 5420 2760 5482 διαναπαύεσθαι,
2791 5417 2954 5485 ήνίκα
3010 5415 3103 5466 καὶ
3157 5410 3360 5481 μᾶλλον
3405 5405 3740 5475 ὁδοιπορίαις
3780 5420 3884 5474 pa-

632 5510 778 5560 tibus
816 5510 1005 5577 jm-tati
1039 5509 1293 5563 homines
1339 5509 1462 5562 istic
1500 5508 1937 5577 requiescerent,
1986 5510 2206 5579 quoties

2308 5517 2466 5588 κραῖ;
2508 5513 2736 5574 ἑαυτοὺς
2769 5507 3060 5562 ἐκδιδόασι.

629 5600 973 5669 Ιυιιέίυπὶὺυς
1006 5602 1294 5657 itineribus
1318 5617 1437 5658 sese
1468 5602 1760 5658 dederunt.

707 5791 736 5811 '”
784 5784 895 5836 (ἷνιι
965 5805 973 5836 i
1027 5787 1059 5839 fl
1165 5788 1199 5815 ¹’
1236 5787 1420 5840 Ινῖννιισ.
1449 5806 1481 5838 l.
1520 5791 1547 5835 ’ῖ
1636 5796 1672 5818 δ”
1700 5790 1831 5843 tim.
1870 5803 1903 5841 ι,
1940 5789 1989 5840 ‘2.
