4214 6442
280 320 346 383 53
1533 321 1633 381 AN
1643 319 1875 380 NALIU

1978 318 2174 379 PARS
2215 321 2261 381 Ι.
3400 318 3403 319 ⁷
3430 314 3496 375 5i

349 432 440 503 Μὴ
473 431 717 504 θαύμαζε
744 434 801 488 δὲ
842 435 957 504 em
998 434 1245 507 ποτίμων
1278 422 1448 490 δντὲον
1486 437 1595 489 τῶν
1638 438 1718 498 είς
1745 436 1841 505 τὴν
1870 454 1884 496 λ

2013 434 2124 491 Nec
2178 446 2261 491 cst
2322 437 2467 507 quod
2524 436 2738 490 mireris
2793 449 2961 506 aquas
3009 434 3225 505 quidem
3268 433 3319 486 ln
3349 448 3499 486 mare

281 523 553 576 θάλασσαν
602 526 925 595 εἰσρεόντων
974 526 1183 580 ὑδάτων
1226 526 1445 595 ἁλμυρὰ
1509 528 1643 596 μόνη
1693 526 1833 595 αὕτη

279 615 376 667 καὶ
418 614 617 679 ἄποτος
658 616 953 672 δείκνυται.
985 618 1083 671 Διὰ
1123 618 1234 689 γὰρ
1274 619 1372 688 τὴν
1402 619 1660 688 καπνώδη
1702 620 1833 672 ἁνα-

280 703 541 771 θυμίασιν
604 708 1018 777 παρακειμένην
1076 709 1211 778 αὐτῇ
1276 711 1369 763 καὶ
1432 710 1597 761 οίονεὶ
1657 726 1837 777 παρα-

279 795 540 847 καίουσάν
564 812 621 848 τε
656 798 750 849 καὶ
790 798 1276 866 παραφρὺγουσαν,
1310 803 1404 854 καὶ
1459 800 1557 868 τὴν
1587 801 1836 870 ἁλμυρὰν

278 887 413 953 αὑτῇ
464 887 799 953 ἐμποιοῦσαν
853 888 1134 957 ποιότητα,
1171 889 1359 959 ὥσπερ
1405 908 1461 942 τι
1511 892 1835 960 περίττωμα

278 982 339 1051 τὸ
384 980 622 1049 ἁλμυρὸν
665 981 809 1051 ὕδωρ
858 983 1174 1051 ὑφίσταται.
1213 984 1361 1037 Ἔδει
1394 985 1492 1053 μὲν
1520 982 1613 1038 οὖν
1657 984 1838 1036 καὶτὸ

277 1069 386 1122 τῶν
422 1071 680 1138 ποταμῶν
712 1071 857 1140 ὕδωρ
886 1074 1314 1143 ὲξατμιζδμενον
1344 1075 1443 1128 καὶ
1491 1075 1839 1144 σιταραιρλεγό⁹

286 1178 446 1229 μενον
480 1162 723 1233 ἁλμυρὸν
750 1163 1061 1217 δείκνυσθαι
1085 1181 1099 1195 ·
1139 1166 1251 1219 ἀλλ’
1279 1168 1313 1236 ἡ
1343 1167 1598 1236 διηνεκὴς
1625 1167 1841 1237 κίνησις

278 1253 435 1305 τοῦτο
465 1254 524 1305 οὑ
559 1256 851 1322 συγχωρεῖ.
895 1255 1109 1325 Ἑκείνη
1134 1256 1189 1309 δὲ
1223 1258 1279 1308 ἑν
1300 1259 1450 1327 τόπῳ
1481 1257 1645 1327 κοίλῳ
1682 1274 1841 1327 περι-

278 1342 615 1411 λιμνάζουσει
667 1346 763 1397 καὶ
815 1345 901 1414 ἐφ’
953 1347 1155 1414 ἑαυτῆς
1206 1347 1442 1408 ἑστῶσα.
1477 1350 1845 1417 ἐτοιμοπαθής

278 1435 395 1486 ἔστι
426 1435 539 1495 τοῖς
568 1434 767 1496 αἰτίοις
808 1436 905 1504 τῆς
960 1437 1363 1506 ἁλμυρότητος.
1406 1438 1607 1492 Τοῦτον
1659 1440 1843 1508 μέντοι

278 1522 371 1573 τὸν
408 1522 566 1589 λόγον
618 1522 924 1577 επιϐεδαιοί
968 1528 1065 1578 καὶ
1107 1528 1134 1578 6
1183 1527 1543 1598 Δαμασκηνὸς
1590 1529 1845 1597 Ἰωάννης

279 1612 484 1678 λέγων’
524 1632 542 1663 ι
592 1613 653 1667 Ὀ
688 1614 1172 1682 μὲνῖοῦνὯκεανὸς
1216 1618 1442 1687 πότιμος
1473 1617 1550 1671 ὥν
1589 1620 1687 1672 καὶ
1716 1620 1847 1683 γλυο

281 1704 511 1766 κὺτατος
547 1706 871 1774 ὲπιχορηγεῐ
892 1707 952 1758 τὸ
982 1705 1126 1777 ὕδωρ
1156 1710 1220 1779 τῇ
1254 1707 1543 1778 θαλάσσηο
1580 1710 1845 1781 χρονίζων

280 1793 337 1845 δὲ
387 1795 536 1861 ὅμως
585 1796 675 1847 καὶ
733 1796 907 1859 ἑστὼς
948 1774 1717 1869 ἀκίνητοςνπικρὸςέῆίνενται,
1748 1799 1843 1854 τοῦ
1876 1774 1919 1829 Β

283 1886 433 1954 ἡλίου
464 1888 554 1938 ἀεὶ
578 1886 636 1938 τὸ
668 1887 995 1955 λεπτότερον
1024 1889 1373 1959 ἀνιμωμένου
1407 1892 1610 1961 καίπερ
1643 1893 1706 1946 ἐκ
1741 1893 1847 1946 τῶν

291 1976 563 2044 σιφὼνων,
594 1976 715 2031 ὅθεν
752 1979 847 2031 καὶ
873 1980 937 2031 τὰ
980 1979 1118 2048 νέφη
1153 1981 1506 2036 συνίστανται
1543 1984 1636 2037 καὶ⁵
1667 1986 1713 2037 οί
1746 1985 1848 2053 δμ-

290 2069 413 2137 6ροι
445 2069 691 2135 γίνονται
717 2069 805 2122 διὰ
831 2071 926 2138 τῆς
968 2070 1271 2140 διηθήσεως
1294 2071 1725 2141 γλυκαινομένου
1753 2073 1847 2125 τοῦ

285 2160 497 2223 ὓδατος.
539 2180 557 2212 ι
596 2161 754 2213 Οὕτω
808 2161 904 2229 μὲν
937 2157 1030 2214 οὖν
1075 2163 1169 2215 καὶ
1199 2165 1227 2216 6
1260 2163 1531 2225 θειότατος
1579 2164 1851 2218 Ἀναστά-

284 2268 396 2313 σιος
416 2251 705 2319 ὁΣιναῖτης
735 2253 791 2304 ὲν
812 2255 875 2322 τῇ
892 2250 1213 2323 Ἐξαημέρῳ
1234 2254 1397 2307 αὑτοῦ
1416 2255 1631 2321 διέξεισι
1656 2256 1847 2323 λέγων’

292 2337 393 2391 «Ἠ
428 2342 483 2392 δὲ
533 2338 778 2391 θάλασσα
813 2340 1040 2407 γλυκεῖα
1086 2336 1156 2410 ἦν
1186 2342 1306 2394 κατ’
1344 2342 1518 2413 ἀρχὰς
1565 2346 1659 2397 καὶ
1704 2347 1851 2413 νᾶμα

285 2433 516 2499 πότιμον
565 2431 790 2500 ἔχουσα·
851 2430 1079 2502 ὕστερον
1135 2432 1193 2486 δὲ
1250 2434 1328 2502 τῷ
1363 2436 1537 2505 χρόνῳ
1595 2437 1690 2489 καὶ
1738 2439 1849 2497 τοῖς

287 2521 569 2589 στοιχείοις
598 2520 696 2589 τὴν
727 2520 1014 2574 ἀλλοίωσιν
1059 2522 1266 2590 ταύτην
1314 2524 1548 2591 ἐδέξατο.
1588 2545 1605 2577 ι
1655 2526 1715 2579 '0
1743 2528 1850 2597 γὰρ

282 2611 456 2680 ἥλιος,
490 2611 567 2673 ὡς
616 2611 857 2682 εἴρηται,
880 2616 946 2683 τῇ
977 2615 1155 2684 οίκεία
1209 2615 1506 2686 θερμότητι
1544 2617 1851 2686 ἐξιτμίξων

283 2702 382 2771 τὴν
424 2702 720 2768 θάλασσαν,
748 2704 842 2755 καὶ
879 2704 938 2754 τὸ
978 2704 1312 2775 γλυκύτερον
1358 2708 1532 2761 ἕλκων
1587 2712 1682 2761 καὶ
1728 2727 1854 2762 κου-

287 2797 460 2861 φίζων
484 2794 619 2863 πρὸς
644 2795 733 2846 τὸν
760 2795 917 2863 ἀέρα,
947 2796 1098 2848 κάτω
1133 2796 1196 2848 τὸ
1238 2798 1630 2868 ἀλμυρώτερον
1660 2802 1725 2869 ἐᾷ
1760 2803 1854 2854 καὶ

292 2886 613 2955 βαρύτερον.
647 2887 767 2937 Ὀτι
821 2886 878 2937 δὲ
931 2888 1398 2958 παχύτερόν-ἐστι
1449 2892 1510 2943 τὸ
1567 2891 1854 2945 θαλάττιον

186 2994 189 2997 '
287 2977 430 3045 ὕδωρ
452 2977 560 3028 τῶν
591 2976 873 3045 ποταμίων
903 2977 1129 3042 ὑδάτων,
1165 2979 1298 3031 αὑτὸ
1328 2980 1387 3031 τὸ
1412 2982 1647 3050 πρᾶγμα
1681 2985 1850 3051 παρέ-

1937 528 2172 582 ﬂuentes
2225 528 2412 581 dulces
2477 542 2539 581 ac
2576 527 2841 595 potabiles
2884 541 3024 589 esse,
3089 525 3265 592 ipsum
3317 531 3498 575 autem

1937 635 2085 674 mare
2116 628 2324 673 tantum
2355 632 2600 672 amarum
2628 630 2727 671 nec
2756 617 2850 671 ulli
2877 616 2943 669 ad
2970 624 3155 685 potum
3180 613 3327 668 usui.
3364 612 3498 668 Nam

1937 720 2164 780 propter
2193 710 2592 764 exhalationem
2643 710 2787 763 illam
2830 709 3134 769 fumosam,
3183 722 3303 774 quas
3349 704 3402 757 in
3436 719 3502 757 eo

1940 805 2020 867 ﬁt,
2048 820 2278 873 qumque
2304 804 2472 858 veluti
2512 800 2981 871 spumeum1etlicit
3007 812 3061 855 et
3082 799 3329 854 accendit
3356 812 3505 850 mare

1941 911 2003 950 ac
2038 896 2351 964 qualitatum
2382 898 2431 949 ei
2467 910 2707 949 amaram
2740 894 2901 953 indit,
2937 892 3154 946 tandem
3183 905 3320 957 aqua
3357 887 3499 941 salsa

1944 986 2302 1054 reliquiarum
2346 986 2498 1055 quasi
2549 984 2905 1053 quarumdam
2954 982 3127 1036 instar
3157 981 3504 1048 relinquitur.

1944 1078 2011 1132 Et
2035 1078 2271 1131 ﬂuvialis
2309 1077 2529 1145 quidem
2563 1090 2702 1144 aqua
2735 1074 2905 1128 nihilo
2934 1073 3113 1125 secius
3142 1071 3282 1125 salsa
3307 1069 3506 1123 redde-

1945 1182 2122 1232 retur,
2149 1184 2273 1222 cum
2302 1178 2356 1222 et
2383 1169 2497 1237 ipsa
2524 1169 2727 1222 sentiat
2758 1165 3135 1220 exhalationes
3177 1177 3241 1216 ac
3286 1171 3508 1224 uratur;

1944 1273 2137 1312 verum
2169 1258 2223 1312 id
2257 1266 2436 1311 motus
2478 1257 2645 1325 ipsius
2694 1266 2992 1325 perpetuus
3041 1254 3187 1306 haud
3233 1250 3508 1305 concedit.

1944 1350 2014 1402 At
2052 1361 2200 1401 mare
2250 1360 2491 1401 concavo
2534 1346 2586 1398 in
2632 1346 2753 1398 loco
2780 1352 3124 1411 restagnans,
3159 1351 3214 1393 et
3260 1356 3509 1394 seorsum

1945 1452 2175 1492 manens
2225 1446 2281 1491 et
2333 1437 2611 1497 insistens,
2664 1435 2821 1489 facile
2853 1433 3150 1500 salsuginis
3189 1446 3383 1486 causas
3414 1429 3511 1483 ad—

1946 1531 2132 1585 mittit.
2192 1529 2342 1583 Hanc
2412 1528 2677 1581 rationem
2732 1538 2969 1579 nostram
3013 1525 3252 1579 Joannes
3316 1524 3510 1575 Dama-

1946 1637 2147 1677 scenus
2185 1621 2486 1683 conﬁrmat,
2524 1634 2644 1672 cum
2699 1620 2902 1686 inquit:
2935 1616 3185 1671 Oceanus
3215 1616 3509 1682 cmlcroqni

1950 1712 2205 1780 potabilis
2231 1726 2294 1764 ac
2320 1711 2498 1764 dulcis
2528 1710 2661 1763 mari
2699 1725 2892 1775 aquam
2931 1707 3263 1778 suppeditat.
3311 1705 3510 1759 \‘erunt

1949 1817 2069 1858 cum
2110 1816 2172 1855 ea
2216 1800 2309 1853 diu
2352 1801 2458 1869 jam
2510 1815 2618 1851 uno
2657 1799 2869 1851 insistat
2906 1798 3026 1851 loco
3058 1812 3159 1849 nec
3204 1807 3512 1856 moxeatur,

1949 1892 2261 1954 amarescit,
2290 1892 2404 1944 sole
2432 1891 2646 1944 scilicet
2684 1900 2947 1957 perpetuo
2983 1888 3124 1955 quod
3154 1886 3408 1939 subtilius
3434 1897 3517 1939 est

1949 1985 2326 2048 exhauriente,
2358 1983 2596 2051 ilemquc
2621 1982 2945 2050 siphonibus
2972 1981 3125 2049 quasi
3158 1979 3509 2048 quibusdam,

1951 2074 2095 2128 unde
2144 2074 2320 2127 nubes
2363 2072 2634 2125 exsistunt
2682 2080 2734 2123 et
2774 2070 2968 2139 pluviae
2990 2069 3311 2138 gignuntur.
3368 2083 3506 2134 aqua

1948 2164 2116 2219 veluti
2145 2163 2511 2233 percolatione
2532 2163 2763 2229 quadam
2788 2160 3093 2213 edulcala.»
3129 2158 3330 2211 Eodem
3356 2157 3517 2210 modo

1949 2264 2005 2308 et
2034 2254 2273 2308 Sinaites
2305 2252 2628 2306 Anastasius
2660 2252 2713 2303 in
2743 2248 3139 2303 commentario
3188 2263 3285 2301 suo
3323 2249 3389 2301 de
3420 2264 3513 2301 sex

1952 2348 2255 2418 primorum
2285 2345 2498 2398 dierum
2531 2344 2635 2415 16
2660 2343 2919 2412 operibus
2944 2344 3085 2395 hanc
3128 2357 3237 2394 rem
3259 2341 3513 2409 t'Xplical.

1959 2437 2155 2502 «Mare,
2200 2437 2399 2504 inquit,
2440 2447 2554 2489 erat
2585 2435 2739 2488 initio
2771 2434 2951 2496 dulce,
3000 2434 3377 2501 liquoretnquc
3427 2446 3521 2501 po-

1955 2528 2175 2585 tabilem
2217 2527 2568 2589 continebat;
2620 2525 2712 2579 sed
2777 2524 3039 2587 deinceps
3093 2539 3122 2576 a
3182 2524 3520 2586 temporibus

1953 2620 2312 2673 diuturnitate
2368 2632 2433 2672 ac
2478 2616 2766 2671 elementis
2818 2614 2951 2684 ipsis
2996 2630 3116 2668 eam
3155 2614 3516 2667 mutationem

1953 2712 2182 2779 accepit,
2222 2724 2384 2778 quam
2417 2708 2576 2761 modo
2602 2706 2931 2775 experimur.
2972 2724 2992 2757 ι
3034 2706 3167 2760 Nam
3205 2706 3285 2760 sol
3337 2706 3521 2759 calore

1955 2816 2055 2856 suo
2083 2801 2248 2854 maris
2272 2800 2646 2853 exhalationcs
2698 2796 2961 2866 quasdam
3012 2796 3275 2860 eﬂiciens,
3309 2813 3370 2849 ac
3403 2812 3526 2865 par-

1957 2903 2063 2944 tem
2092 2890 2212 2955 ejus
2240 2888 2541 2941 dulciorem
2593 2886 2877 2939 attrahens
2912 2894 2967 2937 et
3016 2887 3070 2939 in
3119 2901 3247 2938 aera
3305 2888 3523 2946 tollens,

1957 2977 2100 3046 quod
2129 2978 2511 3046 gravissimum
2539 2986 2623 3029 est
2659 2984 2821 3043 atque
2852 2975 3068 3037 salsius,
3103 2974 3316 3028 inferne
3360 2976 3527 3027 relin-

289 3084 514 3135 στησιν·
557 3070 615 3120 έν
666 3068 766 3135 μὲν
825 3069 935 3137 γὰρ
987 3072 1098 3130 τοῖς
1160 3073 1428 3136 ποταμοῖς
1484 3073 1543 3124 οὑ
1599 3072 1884 3150 δύνανται⁴

1966 3068 2099 3136 quit,
2162 3077 2219 3121 et
2251 3065 2576 3119 crassiorem
2614 3064 2780 3118 maris
2808 3080 3000 3133 aquam
3041 3080 3162 3119 esse
3217 3079 3379 3134 quam
3416 3066 3527 3119 sint

286 3162 447 3214 πλοῖα
480 3160 651 3231 βαρὺν
678 3159 869 3229 ἔχοντα
893 3160 1092 3228 φόρτον
1118 3161 1296 3227 πλεῖν,
1326 3164 1384 3214 ἐν
1418 3163 1475 3215 δὲ
1501 3166 1573 3233 τῇ
1604 3164 1850 3236 θαλάσσῃ

285 3254 539 3323 ὲλαφρῶς
585 3252 761 3308 ταῦτα
812 3252 1177 3323 βαστάζονται
1215 3254 1303 3308 διὰ
1348 3254 1443 3325 τὴν
1479 3256 1852 3328 ὑποκειμένην

285 3346 593 3416 παχύτητα.

360 3529 503 3599 Πρδς
556 3527 765 3590 τούτοις
811 3528 867 3580 δὲ
908 3531 1006 3581 καὶ
1054 3527 1217 3583 τοῦτο
1250 3530 1369 3584 δέον
1406 3530 1609 3585 εἰδέναι
1659 3550 1742 3599 σε,
1774 3533 1853 3586 ὅτι

286 3620 465 3674 πάντα
488 3620 553 3673 τὰ
582 3618 753 3673 ὕδατα
799 3622 867 3674 τά
897 3637 957 3673 τε
1004 3624 1286 3692 πηγιμαῖα
1334 3625 1428 3677 καὶ
1467 3628 1758 3693 φρεατιαῖα
1790 3627 1854 3680 ὲκ

284 3716 384 3785 τῆς
411 3714 679 3783 θαλάττης
718 3712 900 3784 ἔχουσι
928 3716 1251 3785 τὰςὰρχάς.
1295 3716 1361 3771 Ἥ
1390 3717 1499 3787 γὰρ
1533 3718 1852 3786 γειτονοῦσα

284 3808 352 3875 τῇ
378 3804 622 3875 θαλάσσῃ
643 3805 712 3873 γῆ
745 3805 1035 3875 διάτρητός
1072 3809 1188 3859 ἐστι
1225 3807 1319 3860 καὶ
1352 3807 1644 3877 ὑπόνομος,
1667 3807 1855 3879 ὥσπερ

284 3894 435 3955 τινὰς
494 3892 698 3963 φλέϐας
754 3892 989 3963 ἔχουσα,
1046 3894 1114 3947 δι’
1182 3888 1256 3948 ὧν
1311 3899 1375 3948 ὲκ
1423 3898 1521 3965 τῆς
1578 3896 1856 3965 θαλάσσης

284 3987 550 4058 δεχομένη
586 3988 654 4041 τὰ
685 3986 855 4040 ὕδατα
897 3991 997 4050 τὰς
1030 3993 1212 4058 πηγὰς
1248 3990 1562 4044 ἀναδίδωσι.
1590 3990 1731 4059 Πρὸς
1762 3985 1857 4042 οὖν

285 4082 388 4148 τὴν
448 4080 707 4150 ποιότητα
759 4082 860 4148 τῆς
916 4081 1023 4150 γῆς
1082 4080 1175 4133 καὶ
1220 4083 1281 4135 τὸ
1336 4083 1445 4136 τῶν
1478 4082 1668 4150 πηγῶν
1714 4080 1857 4151 ὕδωρ

287 4173 487 4226 ἄνεισι.
540 4170 697 4223 Κατὰ
745 4169 904 4224 τοῦτο
953 4172 1047 4224 καὶ
1105 4170 1271 4225 ὕδατα
1322 4173 1558 4244 όξὼδηῆ
1602 4171 1856 4241 ἐλαιώδη,

285 4260 558 4328 τεφρώδη,
604 4259 698 4311 καὶ
762 4260 863 4313 ὅσα
915 4260 1181 4314 τοιαῧτςν
1236 4263 1305 4314 τὰ
1370 4262 1547 4315 πάντα
1592 4263 1700 4331 γὰρ
1757 4261 1858 4329 τῆς

287 4348 575 4417 ποιότητος
613 4348 824 4401 ἐκεῖθεν
863 4351 1182 4419 μετέχουσιν
1208 4351 1302 4420 ἀφ’
1331 4347 1398 4423 ἦς
1422 4352 1527 4421 γῆς
1547 4351 1856 4421 διέρχονταί

1956 3175 2109 3229 aqua!
2142 3157 2452 3216 ﬂuviatiles.
2483 3157 2597 3223 ipsa
2633 3170 2722 3209 res
2755 3156 2937 3209 docet.
2998 3154 3132 3209 Nam
3183 3156 3238 3209 in
3286 3156 3529 3210 ﬂumini-

1956 3250 2060 3305 bus
2091 3248 2382 3303 admodum
2410 3254 2632 3300 onerata
2666 3246 2878 3313 navigia
2907 3245 3031 3299 vehi
3066 3255 3368 3315 nequeunt,
3401 3261 3524 3301 cum

1956 3356 2020 3396 ea
2054 3355 2199 3394 mare
2233 3338 2425 3393 leviter
2454 3336 2746 3391 admodum
2777 3345 2954 3407 gestet
2992 3337 3062 3391 ob
3103 3337 3410 3391 crassitiem
3450 3336 3529 3389 vi-

1958 3433 2159 3488 delicet
2188 3446 2366 3485 suam.

2030 3525 2233 3577 Prwter
2260 3523 2374 3575 haec
2402 3522 2531 3576 illud
2558 3521 2724 3576 etiam
2753 3522 2850 3576 tibi
2887 3521 3170 3575 sciendum
3200 3531 3305 3582 est,
3332 3535 3529 3575 omnes

1957 3627 2148 3681 aquas,
2202 3613 2315 3665 sive
2361 3611 2613 3665 fontanas
2666 3612 2780 3667 sive
2814 3612 3079 3680 puteales,
3136 3627 3166 3665 e
3198 3612 3333 3665 mari
3374 3627 3527 3664 suam

1961 3706 2227 3774 originem
2281 3704 2509 3758 habere.
2572 3703 2706 3757 Nam
2761 3704 2939 3757 vicina
2994 3705 3129 3757 mari
3185 3716 3328 3757 terra
3388 3704 3532 3756 fora-

1962 3799 2170 3849 minosa
2199 3804 2305 3857 est,
2340 3795 2636 3864 multisque
2666 3795 2937 3849 cuniculis
2978 3796 3245 3857 abundat,
3278 3796 3370 3863 qui
3404 3804 3532 3848 sunt

1957 3886 2006 3939 ci
2040 3901 2301 3939 venarum
2332 3892 2527 3948 instar,
2561 3902 2656 3955 per
2684 3904 2819 3956 quas
2851 3904 2880 3941 e
2917 3888 3053 3941 mari
3089 3888 3327 3957 receptis
3369 3886 3532 3954 aquis

1958 3978 2193 4033 fontium
2249 3980 2616 4047 scaturigines
2689 3980 2909 4031 emittit.
2978 3979 3160 4042 Quare
3198 3994 3297 4047 pro
3349 3978 3534 4047 quali-

1962 4081 2072 4127 tate
2112 4072 2214 4127 soli
2251 4072 2416 4127 etiam
2450 4071 2688 4125 fontium
2727 4088 2865 4140 aqua
2902 4082 3214 4140 comparata
3245 4081 3348 4124 est.
3409 4072 3529 4135 Quo

1960 4163 2020 4218 ﬁt
2052 4174 2112 4218 ut
2144 4178 2299 4233 aqua:
2319 4165 2569 4235 quasdam
2620 4167 2784 4228 aceti,
2842 4164 3088 4233 quadam
3120 4164 3248 4225 olei,
3283 4164 3531 4231 quaedam

1961 4250 2240 4309 cinereum
2294 4270 2546 4324 saporem
2592 4253 2838 4322 aliosque
2882 4255 3015 4307 tales
3057 4254 3316 4307 referant.
3386 4252 3521 4305 Nam

1961 4349 2079 4417 ejus
2105 4347 2206 4401 soli
2239 4347 2555 4415 qualitatem
2593 4347 2873 4415 accipiunt
2930 4346 3073 4413 quod
3130 4354 3417 4413 permeant
3476 4354 3535 4396 et

282 4455 346 4491 τι
406 4439 499 4492 καὶ
557 4439 899 4510 ἀνέρχονται.
938 4440 1094 4494 Οὕτω
1149 4444 1248 4511 μὲν
1287 4442 1381 4495 οὖν
1423 4444 1519 4496 καὶ
1561 4444 1630 4495 ri
1675 4442 1854 4513 θερμὰ

1966 4440 2027 4494 de
2060 4456 2170 4509 quo
2205 4440 2500 4493 ebulliunt.
2533 4439 2622 4493 Sic
2645 4454 2797 4507 aqua!
2821 4437 3032 4498 calidae.
3069 4435 3531 4507 quemadmodum

288 4529 460 4581 ὕδατα
509 4529 597 4583 διὰ
630 4530 913 4599 πυρώδους
954 4531 1058 4600 γῆς
1099 4532 1451 4601 διερχόμενα,
1489 4534 1562 4594 ὡς
1612 4535 1640 4585 6
1685 4535 1860 4601 μέγας

286 4619 427 4689 φησὶ
457 4619 819 4689 Βασίλειος,ἢ
860 4624 1343 4691 στενοχωρούμενα
1387 4623 1483 4676 καὶ
1537 4624 1627 4693 βίᾳ
1662 4622 1864 4692 ῥηγνύ-

290 4724 451 4776 μενα,
478 4707 576 4774 τὴν
619 4706 769 4768 ζέσιν
803 4708 1012 4759 ἐκεῖθεν
1050 4708 1392 4775 ἐφέλκονται,
1426 4712 1489 4761 Δί
1536 4711 1719 4775 μέντοι
1757 4728 1859 4779 με·

285 4797 452 4863 τάλαι
492 4798 668 4864 πηγαὶ
703 4796 789 4849 διὰ
836 4797 994 4850 τοῦτο
1038 4798 1133 4850 καὶ
1169 4798 1373 4865 μᾶλλον
1407 4801 1462 4851 ἐν
1492 4800 1645 4868 δρεσι
1676 4800 1860 4862 γίνον⁶

287 4902 399 4943 ται,
450 4886 533 4937 ὃτι
584 4886 744 4953 μέχρι
791 4886 885 4937 καὶ
941 4885 1108 4953 αὑτῆς
1158 4886 1260 4953 τῆς
1313 4886 1407 4938 τοῦ
1450 4888 1610 4953 ὅρους
1652 4888 1861 4955 γίνεται

288 4980 536 5046 κἰρυφῆς
576 4980 607 5046 ἡ
653 4979 763 5030 ἀπὸ
795 4978 886 5031 τοῦ
926 4977 1123 5046 βάθους
1154 4979 1286 5047 ὁλκὴ
1332 4981 1425 5032 καὶ
1477 4981 1859 5049 ἀναθυμίασις,

288 5071 388 5122 καὶ
416 5069 617 5137 μᾶλλον
639 5070 687 5121 εί
710 5070 993 5138 σομφῶδες
1025 5070 1164 5142 τύχῃ
1187 5072 1246 5122 τὸ
1269 5071 1394 5140 ἦρος
1425 5069 1565 5126 εἶναι
1598 5080 1689 5126 καὶ
1724 5074 1861 5141 πρὸς

287 5162 392 5229 τὴν
420 5160 583 5230 ὁλκὴν
610 5162 933 5229 ἐπιτήδειον.
963 5158 1095 5215 Εἶτα
1142 5164 1448 5235 καταρρέον
1482 5163 1633 5216 ἐνθεν
1675 5166 1863 5217 κάκεί-

289 5251 385 5303 θεν
426 5251 485 5302 τὸ
524 5250 687 5318 ὕδωρ,
721 5254 812 5303 καὶ
847 5251 904 5303 ἐν
949 5270 1054 5304 τινι
1086 5254 1236 5322 τόπῳ
1263 5256 1595 5327 συρρεὖσαν,
1629 5257 1728 5326 τὴν
1757 5260 1861 5325 γῆν

288 5344 474 5393 ἐκεῖσε
534 5344 763 5411 ῥήγιυσι
822 5346 914 5396 καὶ
970 5344 1114 5397 οὕτω
1173 5347 1311 5412 μετὰ
1378 5347 1500 5417 βίας
1554 5349 1860 5419 ἐξέρχεται.

301 5432 552 5494 Ἀἐνναος
594 5433 647 5483 δὲ
698 5434 730 5502 ή
768 5436 939 5503 πηγὴ,
967 5438 1047 5488 ὅτι
1096 5438 1186 5489 καὶ
1220 5438 1475 5507 διηνεκὴς
1527 5441 1559 5509 ἡ
1614 5420 1731 5492 ἀπὸ.
1769 5440 1861 5493 τοῦ

292 5524 492 5595 βάθους
541 5527 690 5595 παρὰ
725 5525 821 5579 τοῦ
858 5528 1009 5597 ἡλίου
1055 5530 1206 5598 ὁλκή.
1250 5534 1358 5585 Καὶ
1395 5533 1737 5604 μαρτυροῦσι
1785 5534 1863 5603 τῷ

288 5616 437 5685 λόγῳ
488 5617 554 5669 τὰ
610 5618 845 5686 μέγιστα
882 5620 992 5671 τῶν
1045 5621 1212 5691 ὀρῶν,
1268 5625 1296 5676 ὃ
1357 5642 1415 5677 τε
1475 5627 1785 5690 Καύκασος,
1834 5629 1863 5679 6

290 5710 637 5778 Παρνασσὸς,
681 5711 711 5782 ἡ
758 5711 1005 5783 Πυρήνη.
1040 5716 1130 5766 καὶ
1170 5717 1268 5768 ὅσα
1308 5716 1568 5769 τοιτῦτα’
1609 5721 1858 5788 μέτισιοι

1967 4533 2196 4587 Basilius
2225 4532 2313 4586 illc
2347 4548 2574 4600 magnus
2593 4534 2686 4593 ait,
2714 4534 2796 4585 vel
2823 4533 3038 4602 igneum
3062 4531 3332 4599 quoddam
3356 4529 3533 4582 solum

1966 4631 2342 4691 penetrantes,
2397 4622 2478 4674 vel
2534 4622 2585 4674 in
2636 4634 2813 4674 artum
2857 4636 3060 4689 pressa:
3111 4621 3271 4688 vique
3309 4618 3532 4679 collisae,

1967 4715 2238 4767 fervorem
2281 4714 2434 4767 illum
2467 4714 2771 4781 accipiunt.
2827 4712 3026 4766 Eadem
3055 4711 3121 4765 de
3156 4726 3317 4765 causa
3354 4710 3533 4777 magni

1966 4806 2146 4860 fontes
2184 4806 2501 4873 plerumque
2536 4805 2589 4858 in
2624 4804 2902 4858 montibus
2950 4805 3227 4865 oriuntur,
3273 4802 3416 4870 quod
3468 4803 3535 4853 ad
3595 4861 3604 4869 .

1968 4897 2141 4965 ipsius
2171 4897 2335 4949 etiam
2370 4897 2570 4950 montis
2602 4896 2862 4949 verticem
2898 4896 3151 4949 attractio
3184 4894 3427 4963 quaedam
3482 4902 3539 4944 et

1966 4990 2238 5044 exhalatio
2273 4988 2340 5041 de
2364 4988 2614 5057 partibus
2647 4988 2769 5041 imis
2804 4988 2897 5042 ﬁat
2932 4988 3257 5058 prazsertim,
3303 4986 3346 5038 si
3381 5002 3539 5038 mons

1968 5098 2304 5136 cavernnsns
2337 5080 2477 5134 [orte
2521 5082 2593 5134 sit
2636 5092 2690 5134 et
2730 5082 2794 5133 ad
2830 5080 2973 5136 hanc
3004 5080 3389 5133 attractionem
3423 5076 3540 5128 ido-

1969 5191 2129 5229 neus.
2187 5175 2389 5229 Deinde
2417 5175 2519 5227 hac
2547 5186 2603 5227 et
2635 5175 2761 5228 illac
2792 5176 3092 5227 demanans
3125 5188 3286 5240 aqua,
3319 5180 3375 5225 et
3402 5186 3540 5239 quo-

1968 5265 2092 5319 dam
2125 5266 2176 5317 in
2220 5266 2339 5317 loco
2373 5264 2679 5326 conﬂuens,
2722 5276 2921 5319 terram
2961 5266 3087 5318 istic
3125 5263 3432 5332 perrumpit
3476 5278 3539 5317 ac

1968 5356 2020 5408 vi
2050 5357 2182 5410 exit.
2225 5358 2282 5410 Et
2319 5372 2589 5427 perennes
2623 5368 2752 5410 sunt
2786 5358 2835 5409 hi
2868 5356 3071 5419 fontes,
3108 5355 3234 5425 quia
3270 5364 3541 5423 perpetuo

1970 5448 2030 5501 fit
2062 5449 2131 5505 ab
2169 5448 2278 5501 imo
2308 5450 2439 5502 solis
2470 5450 2747 5502 attractio.
2803 5449 3007 5501 Verum
3045 5448 3150 5501 hoc
3180 5462 3300 5501 esse
3327 5457 3543 5499 montes

1970 5539 2129 5607 longe.
2162 5539 2381 5592 maximi
2426 5550 2722 5603 testantur,
2768 5540 3025 5593 nimirum
3065 5538 3363 5600 Caucasus,
3413 5537 3543 5588 Par-

2216 5632 2246 5638 -,
2648 5631 2658 5638 .
3028 5631 3037 5638 .
3258 5611 3327 5638 ν-
3449 5629 3481 5638 ..

1972 5646 2184 5693 nassus,
2216 5632 2445 5700 Pyrene.
2480 5631 2659 5683 cmteri
2688 5650 2699 5687 ;
2734 5647 2856 5682 Italtt
2891 5648 2952 5682 ex
2991 5631 3072 5683 cis
3111 5629 3297 5683 amne?
3321 5629 3545 5695 amplis-

1971 5722 2094 5776 simi
2137 5732 2481 5790 promanant,
2531 5726 2595 5776 de
2640 5723 2850 5789 magnis
2877 5725 2981 5775 orti
3018 5724 3279 5776 l’ontihus.
3317 5721 3372 5773 lit
3407 5720 3539 5781 quid
