4214 6442
200 331 204 334 ⁴
292 331 363 393 ’ἷλῖ
1577 331 1878 392 ΑΝΝᾹΙΛ¹

2022 330 2215 390 PARS
2259 330 2305 388 l~
3482 326 3551 385 .58

298 442 519 513 θερμῶν
553 445 762 501 ὑδάτων
786 463 801 480 υ
837 446 949 519 πῦρ
981 448 1093 519 γάρ
1120 448 1217 502 καὶ
1251 446 1400 518 ὕδωρ
1450 447 1506 501 ὲν
1551 449 1629 517 τῷ
1660 449 1878 517 ούρανῲ

1983 443 2214 497 antistes
2241 442 2327 511 (cx
2364 440 2613 496 oratione
2643 440 2821 497 sancti
2862 439 2961 495 viri
3001 438 3177 495 l’ionii
3207 442 3444 508 sumpta)
3487 439 3557 493 de

294 529 433 589 εἶναι
465 536 633 605 λέγει,
660 537 924 605 ὡσαύτως
951 543 1047 595 καὶ
1076 540 1337 595 ὑποκάτω
1369 541 1469 611 τῆς
1501 541 1602 610 γῆς
1634 538 1747 611 πῦρ
1778 541 1873 593 καὶ

296 623 462 697 ὓδωρ,
491 626 586 698 ἀφ’
636 623 713 685 ὧν
750 628 943 703 ὥσπερ
986 634 1224 702 σίφωνες
1269 632 1690 703 ἀναπίμπονται
1736 630 1873 701 πρὸς

294 719 569 789 ἡμετέραν
618 721 764 793 ζωὴν
818 722 878 775 αἱ
933 724 1133 793 πηγαί.
1181 724 1240 778 Ὀ
1282 725 1468 795 μέντοι
1508 724 1873 794 Δαμασκηνὸς

305 805 562 877 Ἰωάννης
620 811 750 880 περὶ
790 810 888 865 τοῦ
958 811 1221 866 Ὠκεανοῦ
1277 829 1445 883 φησιν
1497 813 1578 865 ὅτι
1629 813 1728 883 τὴν
1772 813 1873 880 γῆν

293 895 519 954 ἃπασαν
543 896 633 956 οἷά
662 920 747 965 τις
786 904 976 958 κυκλοῖ
1017 907 1267 976 ποταμός
1288 920 1303 935 ⁸
1343 908 1475 976 περὶ
1506 897 1569 959 οὗ
1595 906 1874 977 εἰρηκέναι

295 1002 389 1055 μοι
412 990 558 1045 δοκεῖ
584 994 617 1062 ή
645 994 865 1068 Γραφὴ,
893 998 978 1051 ὅτι
1007 999 1255 1069 ποταμὸς
1296 998 1662 1069 ἐκπορεύεται
1687 1000 1751 1050 ὲκ
1779 998 1871 1052 τοῦ

296 1077 653 1145 παραδείσου,
690 1082 923 1152 πότιμον
969 1086 1065 1138 καὶ
1114 1086 1289 1154 γλυκὺ
1321 1086 1464 1156 ὕδωρ
1508 1087 1668 1156 ἔχων.
1703 1082 1874 1152 Οὗτος

287 1166 376 1228 είς
406 1166 678 1239 τέσσαρας
720 1174 919 1245 ἀρχὰς,
952 1177 1235 1230 τουτέστιν
1265 1180 1348 1240 είς
1395 1179 1672 1249 τέσσαρας
1702 1197 1873 1232 ποτα-

294 1258 434 1327 μοὺς
484 1261 797 1334 διαιρεῖται.
835 1267 897 1321 Et
933 1269 991 1323 δὲ
1029 1272 1123 1322 καὶ
1151 1270 1251 1340 τὴν
1282 1270 1464 1324 αἰτίαν
1495 1270 1776 1342 ἐπιζητεῖς
1804 1272 1873 1324 δι’

294 1351 363 1414 ἣν
403 1349 470 1403 τὰ
518 1356 930 1426 προσγενόμενα
986 1361 1118 1429 ήμίν
1159 1359 1474 1430 ὀμϐριμαία
1522 1359 1691 1413 ὕδατα
1730 1360 1873 1413 κατὰ

293 1441 551 1498 τοσοῦτον
582 1445 839 1516 σήπεται,
873 1450 968 1503 καὶ
1015 1451 1189 1504 ταῦτα
1232 1452 1329 1506 τοῦ
1360 1451 1515 1523 ήλίου
1560 1451 1875 1522 διηθοῦντος

291 1534 355 1584 τὸ
386 1533 714 1593 λεπτότατον
762 1541 856 1593 καὶ
889 1542 1210 1610 ἀνάγοντος,
1247 1544 1357 1597 ἰδοὺ
1402 1544 1498 1597 καὶ
1541 1543 1750 1616 ταύτην
1791 1560 1874 1595 σοι

297 1628 681 1699 προστίθεμεν.
717 1634 1170 1705 Πολυμιγεστάτη
1214 1636 1324 1690 τῶν
1352 1636 1563 1689 ὑδάτων
1603 1636 1811 1689 τούτων
1840 1638 1872 1704 ἡ

296 1715 457 1778 φύσις
511 1719 660 1772 ἐστίν
682 1739 696 1752 θ
747 1725 811 1775 ἐκ
863 1726 1082 1777 πάντων
1115 1728 1225 1795 γὰρ
1251 1726 1360 1777 τῶν
1390 1725 1574 1793 ύγρῶν
1617 1724 1813 1792 ἀνάγει
1846 1727 1875 1776 ὁ

1983 536 2180 590 calidis
2224 535 2383 604 aquis
2424 544 2696 589 recenset.
2751 535 2848 592 Ait
2881 534 2929 589 is
2961 535 3139 604 ignem
3180 544 3234 587 ct
3269 549 3465 601 aquam
3500 534 3556 584 in

1981 629 2121 683 cado
2146 642 2291 682 esse.
2356 626 2731 681 Consimiliter
2777 634 2836 682 et
2877 627 2978 681 sub
3032 636 3176 680 terra
3222 636 3329 679 tam
3374 626 3554 696 ignem

1982 734 2146 789 quam
2173 734 2368 788 aquam
2406 718 2647 773 abditam
2677 734 2823 782 esse,
2851 718 2918 772 de
2945 718 3147 787 quibus
3188 717 3369 771 [utiles
3401 718 3557 786 quasi

1982 807 2246 877 siphones
2272 808 2497 875 quidam
2527 807 2593 860 ad
2627 821 2787 860 usum
2820 807 2942 859 vita;
2974 816 3176 859 nostra:
3226 805 3554 859 scatur-iant.

1980 900 2220 955 Joannes
2252 914 2385 954 vero
2421 899 2789 953 Damasccnus
2838 897 3114 953 Oceanum
3149 898 3333 951 innuit
3380 895 3559 948 ﬂumi-

1982 991 2069 1045 nis
2088 991 2372 1062 cujusdam
2400 991 2572 1045 instar
2596 1000 2798 1045 terram
2831 993 3144 1045 universam
3172 988 3518 1042 circumdare
3542 1004 3557 1052 ;

1983 1083 2052 1137 dc
2086 1100 2197 1153 quo
2230 1084 2365 1138 mihi
2388 1084 2554 1139 etiam
2588 1082 2809 1137 Littera:
2839 1096 3008 1136 sacra:
3034 1081 3184 1150 loqui
3218 1080 3557 1144 videntur”,

1983 1190 2111 1229 cum
2146 1190 2363 1231 amnem
2399 1175 2467 1229 de
2495 1175 2748 1245 paradiso
2779 1175 2929 1227 exire
2960 1173 3204 1236 tradunt,
3235 1171 3328 1241 qui
3363 1186 3559 1240 aquam

1983 1265 2199 1320 dulcem
2227 1281 2292 1319 ac
2324 1266 2620 1335 potahilem
2656 1265 2878 1327 habeat,
2911 1278 3150 1332 eumque
3195 1263 3396 1316 deinde
3428 1277 3561 1331 qua-

1983 1366 2109 1411 tuor
2142 1358 2194 1411 in
2227 1357 2519 1427 principia,
2557 1358 2662 1410 hoc
2705 1366 2790 1410 est
2828 1367 3066 1425 quatuor
3109 1355 3306 1408 ﬂuvios
3363 1355 3557 1408 dividi.

1983 1447 2191 1514 Quodsi
2231 1448 2398 1502 etiam
2449 1449 2592 1503 scire
2640 1450 2797 1520 cupis
2844 1463 3007 1517 quam
3045 1448 3115 1501 ob
3150 1462 3369 1500 causam
3406 1462 3561 1513 aqua:

1982 1540 2200 1609 pluvias,
2222 1552 2570 1609 posteaquam
2590 1541 2655 1594 ad
2686 1556 2788 1594 nos
2819 1540 3056 1608 delapsa:
3086 1549 3235 1602 sunt,
3274 1548 3560 1605 tantopere

1983 1642 2413 1702 corrumpantur
2442 1647 2504 1687 ac
2533 1640 2874 1702 patreseant,
2907 1633 3020 1686 sole
3055 1632 3198 1700 quod
3245 1632 3297 1683 in
3339 1647 3402 1683 ea
3433 1630 3565 1682 sub-

1986 1723 2300 1778 tilissimum
2352 1731 2437 1777 est
2495 1723 2808 1791 percolantc
2839 1738 2902 1776 ac
2955 1738 3170 1776 sursum
3223 1723 3557 1784 attrahe-nte,

292 1806 464 1875 ἣλιος.
503 1808 562 1861 Ill
594 1814 774 1865 τοίνυν
805 1815 1088 1884 ἀνωμαλία
1117 1816 1421 1886 εὐκίνητος,
1450 1821 1544 1870 καὶ
1577 1818 1716 1889 πρός
1746 1836 1872 1871 τινα

1983 1818 2213 1872 libenter
2243 1830 2363 1871 eam
2396 1832 2616 1887 quoque
2662 1818 2761 1870 tibi
2807 1818 3188 1887 sulijiciemus.
3246 1816 3559 1869 listhaium

294 1898 501 1968 φθορὰν
526 1901 721 1957 θᾶττον
750 1906 870 1978 ὁρᾷ.
916 1908 1039 1960 Ἔτι
1086 1924 1149 1975 γε
1201 1908 1308 1979 μὴν
1337 1911 1397 1960 τὸ
1436 1909 1743 1979 βαρύτατον
1773 1909 1871 1963 τοῦ

292 1996 622 2064 ἀναχθέντος
648 1997 804 2063 αὗθις
833 2005 1155 2069 κατάγεται,
1190 2002 1314 2054 ἐπεὶ
1348 2002 1409 2054 τὸ
1449 2001 1589 2071 βαρὺ
1641 2003 1777 2071 πρὸς
1816 2002 1876 2055 τὸ

292 2088 560 2153 κάταντες
610 2093 769 2145 εἴωθε
824 2095 1135 2164 φέρεσθαι·
1189 2094 1247 2146 τὸ
1290 2093 1347 2147 δὲ
1400 2094 1730 2147 λεπτότατον
1777 2095 1878 2164 τῆς

289 2179 710 2251 ἀναθυμιάσεως
753 2184 1063 2253 πνεύματος
1106 2183 1268 2253 φύσις
1296 2164 1535 2253 ἐγένετοί
1563 2185 1672 2238 Καὶ
1704 2186 1879 2237 ταῦτα

297 2270 399 2341 μὲν
427 2275 505 2337 εἰς
533 2291 594 2327 το
604 2275 811 2329 τοῦτον.

1982 1919 2179 1964 natura
2211 1910 2357 1965 inter
2384 1926 2557 1980 aquas
2586 1920 2816 1965 caeteras
2846 1909 3080 1964 maxime
3110 1909 3296 1962 mista.
3346 1906 3561 1977 Quippe

1982 2004 2064 2058 sol
2115 2020 2180 2059 ex
2237 2006 2524 2075 quibusvis
2571 2004 2740 2059 rebus
2790 2003 3033 2058 humidis
3079 2002 3286 2071 aliquid
3341 2016 3558 2054 Sursum

1983 2096 2235 2152 attrahit.
2286 2098 2414 2153 llaec
2446 2098 2613 2169 igitur
2634 2098 2983 2167 inaequalitas
3011 2097 3226 2151 mobilis
3256 2095 3552 2148 admodum

1983 2196 2067 2241 est
2097 2198 2151 2241 et
2189 2188 2256 2242 ad
2286 2191 2699 2260 corruptionem
2734 2190 2987 2244 celeriter
3012 2198 3242 2258 spectat.
3296 2188 3560 2241 l’raulcrea

1987 2282 2377 2337 subveetorum
2406 2298 2439 2337 a
2473 2283 2591 2339 sole
2622 2283 2681 2338 in
2710 2298 2839 2339 aera
2870 2283 3162 2337 humerum
3197 2297 3320 2350 pars
3350 2281 3561 2350 gravis—

293 2366 436 2422 sima
465 2372 927 2444 crassissimaque
959 2389 1158 2430 rursus
1198 2375 1459 2429 deorsum
1524 2375 1735 2441 fertur,
1784 2390 1910 2430 cum
1950 2375 2027 2432 ita
2079 2391 2409 2449 comparatae
2457 2380 2569 2435 sint
2613 2395 2703 2435 res
2747 2394 2940 2451 graves
2980 2389 3042 2433 ut
3113 2379 3369 2433 deorsum
3424 2377 3557 2430 feni

296 2463 545 2517 soleant:
585 2465 692 2536 18
749 2466 971 2521 interim
1001 2483 1133 2537 pars
1190 2469 1601 2525 exhalationum
1629 2470 1952 2527 tenuissima
1985 2481 2277 2529 ventorum
2315 2475 2369 2529 in
2402 2483 2658 2529 naturam
2695 2475 3055 2530 convertitur.
3103 2476 3177 2529 Ac
3210 2474 3277 2528 dc
3327 2474 3411 2528 his
3444 2473 3565 2543 qni-

291 2557 417 2612 dem
456 2559 726 2615 hactenus
749 2560 957 2615 dictum
984 2572 1127 2618 esto.

778 2654 1018 2710 [IMEPA
1057 2655 1403 2713 TETAPTH.

362 2744 441 2815 Τῇ
475 2743 532 2796 δὲ
580 2745 813 2817 τετάρτῃ
845 2748 1030 2819 ήμέρα
1059 2752 1187 2814 τοὺς
1222 2752 1518 2822 φωστῆρας
1549 2751 1792 2824 ποιήσας
1817 2754 1878 2807 ὲν

289 2836 441 2907 αὐτῷ
486 2836 562 2906 τῷ
615 2838 955 2911 στερεώματι
999 2843 1171 2897 ἔθετο.
1222 2844 1524 2915 Φωστῆρας
1566 2844 1623 2899 δὲ
1663 2845 1879 2901 ἀκούων

293 2930 462 2999 μηδὲν
492 2930 679 3002 ἕτερον
716 2932 750 3005 ἢ
780 2933 1060 3005 φωτοδόχα
1094 2935 1322 3001 τούτους
1368 2938 1570 3006 ἀγγεῖα
1612 2935 1755 2993 εἶναι
1795 2939 1881 2994 νό‹

292 3019 444 3090 μιξε.
476 3022 549 3075 Τὸ
597 3023 706 3094 γὰρ
747 3024 863 3094 φῶς
911 3027 1087 3080 ἐκεῖνο
1128 3027 1189 3080 τὸ
1239 3029 1381 3082 κατά
1423 3046 1486 3098 γε
1513 3029 1613 3101 τήν
1650 3031 1877 3101 πρώτην

288 3114 510 3183 ἡμέραν
548 3116 828 3186 παραχοὲν
858 3117 1040 3170 λαϐὼν
1061 3120 1087 3170 ὁ
1114 3119 1268 3184 Θεὸς,
1304 3122 1399 3174 καὶ
1427 3120 1716 3191 διανείμας
1743 3121 1876 3174 αύτὸ

290 3210 403 3270 τοῖς
476 3210 760 3279 φωστῆρσι
815 3212 1004 3275 πᾶσιν,
1061 3211 1109 3262 εί
1168 3212 1263 3264 καὶ
1318 3211 1397 3282 τῷ
1459 3215 1876 3284 χρυσορῤἡμονι

2141 2724 2147 2729 _
2523 2662 2676 2718 DIES
2713 2663 3017 2732 QUARTA.

2057 2735 2164 2808 Dic.
2189 2764 2385 2825 quarta
2436 2755 2580 2810 Deus
2630 2754 2925 2809 luminaria
2968 2765 3153 2808 creata
3215 2752 3562 2806 firmamento

1986 2849 2243 2904 inseruit.
2302 2848 2440 2903 Cum
2502 2857 2687 2902 autem
2735 2846 3002 2916 appellari
3045 2845 3204 2899 audis
3244 2845 3560 2910 luminaria,

1986 2939 2125 2994 nihil
2154 2937 2305 2993 aliud
2330 2937 2599 3009 cogitabis
2621 2952 2931 3007 quam‘essc
2965 2937 3054 2990 illa
3083 2934 3236 3006 quasi
3266 2951 3388 2990 vasa
3412 2952 3562 3006 qua.-

1986 3033 2112 3086 dam
2146 3041 2201 3087 et
2232 3032 2578 3102 receptacula
2606 3030 2772 3087 lueis.
2808 3029 3025 3084 Etenim
3050 3037 3267 3098 sumpto
3297 3028 3440 3081 Deus
3470 3028 3564 3082 illo

1986 3125 2195 3179 lumine
2227 3124 2371 3193 quod
2404 3123 2491 3177 die
2519 3124 2698 3192 primo
2721 3121 3066 3194 condiderat,
3097 3132 3150 3174 et
3185 3122 3238 3172 in
3264 3120 3447 3172 omnia
3480 3119 3563 3171 lu-

1986 3214 2217 3268 minaria
2252 3213 2567 3278 distributo,
2619 3228 2930 3283 quanquam
2981 3212 3126 3266 aliud
3160 3210 3259 3266 hac
3308 3214 3362 3266 in
3410 3224 3564 3283 parte.

303 3298 525 3372 Ἰωάννῃ
570 3302 639 3353 τα
680 3302 809 3373 περὶ
850 3299 1059 3356 τούτων
1106 3305 1204 3373 οὐχ
1242 3304 1389 3358 οὕτω
1424 3307 1590 3371 δοκεῖ,
1625 3305 1878 3375 καθάπερ

1983 3307 2374 3379 Chrysostomo
2409 3307 2606 3376 placet,
2643 3307 2797 3376 quasi
2828 3305 3095 3375 quasdam
3138 3306 3191 3359 in
3222 3307 3476 3362 lucernas
3506 3307 3557 3359 id

289 3392 512 3471 λύχνοις
542 3395 799 3465 ἐνέθηκεν
829 3394 970 3448 ὥστε
1004 3396 1218 3465 φαίνειν
1252 3398 1346 3449 ἐπὶ
1382 3399 1480 3468 τῆς
1506 3398 1633 3467 γῆς.
1683 3398 1744 3450 Ὀ
1769 3398 1878 3469 γὰρ

291 3484 437 3548 θεῖος
476 3478 627 3551 οὗτος
658 3489 801 3557 ἀνὴρ
830 3490 888 3539 ὲν
920 3487 999 3559 τῷ
1031 3492 1110 3551 είς
1133 3488 1234 3559 τὴν
1264 3476 1604 3561 Ἐξαήῇερον
1646 3489 1879 3560 πέμπτῳ

291 3576 436 3647 λόγῳ
467 3578 629 3632 αὑτοῦ
669 3580 908 3634 τοιαῖσδε
955 3582 1088 3653 περὶ
1132 3581 1324 3635 τούτου
1358 3584 1624 3653 κέχρηται
1681 3583 1881 3635 ουλλα-

292 3668 417 3735 σαῖς
455 3689 471 3720 ι
502 3668 659 3736 Εἶδες
704 3672 898 3742 σοφίαν
944 3671 1038 3727 τοῦ
1087 3672 1458 3747 Δημιουργοῢ.
1512 3670 1643 3728 Eine
1697 3674 1879 3745 μόνον,

290 3767 390 3819 καὶ
433 3766 689 3837 παρήχθη
733 3766 797 3819 τὸ
845 3770 1111 3838 στοιχεῖον
1160 3766 1321 3820 τοῦτο
1369 3767 1431 3821 τὸ
1488 3767 1826 3837 θαυμαστὸν,
1854 3768 1881 3820 ὁ

288 3854 442 3923 ἣλιος
476 3855 639 3923 λέγω.
668 3854 877 3913 Τοῦτον
914 3856 1025 3926 γὰρ
1067 3856 1223 3909 καλεί
1266 3859 1534 3926 φωστῆρα
1565 3856 1758 3924 μέγαν,
1787 3857 1882 3909 καὶ

291 3948 462 4016 φησὶν
507 3947 671 4001 αὐτὸν
722 3950 801 4012 εἰς
858 3949 1036 4019 ἀρχὰς
1085 3949 1186 4016 τῆς
1244 3949 1456 4019 ἡμέρας
1506 3946 1879 4015 γεγενῆσθαι·

293 4039 453 4102 οὗτος
501 4040 610 4107 γάρ
663 4042 1027 4112 φαιδροτέραν
1068 4044 1168 4111 τὴν
1211 4040 1430 4111 ἡμέραν
1476 4041 1877 4109 ἀπεργάζεται.

288 4134 394 4185 Δια
436 4130 596 4191 τοῦτο
644 4133 736 4187 καὶ
787 4136 852 4205 τῇ
912 4134 1147 4204 τετάρτῃ
1203 4133 1365 4186 αὑτὸν
1420 4133 1879 4204 ἐδημιούργησεν,

290 4225 381 4276 ἵνα
408 4224 486 4294 μὴ
508 4225 739 4297 νομίσῃς
776 4226 969 4278 τοῦτον
998 4227 1262 4297 συνιστᾷν
1294 4225 1392 4296 τὴν
1437 4227 1677 4297 ἡμέραν.
1724 4226 1877 4294 Ἐγέ-

288 4334 445 4370 νοντο
506 4319 604 4385 μὲν
662 4320 768 4388 γαρ
824 4320 973 4389 τρεῖς
1019 4317 1243 4387 ἡμέραι,
1275 4318 1331 4370 αἱ
1378 4321 1485 4390 πρὸ
1534 4318 1636 4387 τῆς
1691 4318 1881 4371 τούτου

288 4409 676 4479 δημιουργίας,
706 4408 977 4479 ἐϐουλήθη
1001 4410 1057 4462 δὲ
1087 4414 1113 4463 ὀ
1148 4412 1427 4478 Δεσπότης
1456 4411 1546 4461 καὶ
1573 4410 1660 4463 διὰ
1690 4410 1881 4462 τούτου

290 4501 652 4571 φαιδρότερον
710 4502 772 4554 τὸ
829 4502 945 4569 φῶς
1001 4502 1095 4572 τῆς
1152 4504 1365 4573 ἡμέρας
1425 4503 1788 4571 ἐργασαιῡαι.
1856 4522 1873 4553 ι

295 4593 562 4662 Ηρόςεχε,
594 4596 866 4665 ἁγαπητέ.
897 4596 1058 4668 Δοκεῖ
1106 4595 1212 4665 γὰρ
1256 4595 1489 4647 Evn.an
1533 4596 1558 4646 ὁ
1606 4594 1882 4657 θειότατος

303 4684 561 4752 Ἰωάννης
588 4686 716 4740 ἄλλο
739 4673 919 4754 λέγειν
945 4684 1087 4740 εἶναι
1116 4688 1228 4754 φῶς
1262 4688 1318 4738 τὸ
1354 4705 1381 4737 κ

290 4778 511 4847 ἡμέραν
541 4780 839 4850 inpagis],
877 4785 966 4833 καὶ
1000 4780 1184 4849 εῑέρτιν
1220 4794 1277 4832 το
1300 4800 1439 4833 κιαι
1471 4784 1560 4851 :2.»
1597 4786 1858 4853 τετάξτην

1433 4874 1573 4927 Ἀλλ’
1624 4878 1650 4927 ὁ
1707 4876 1881 4944 μέγας

295 4964 581 5025 Basilisco;
613 4964 670 5016 ὲν
720 4965 797 5035 τῷ
830 4968 957 5034 περὶ
985 4970 1289 5038 φωστήρων
1323 4968 1467 5038 ἕκτῳ
1516 4971 1659 5039 λόγῳ
1691 4971 1880 5035 αὐτοῦ,

295 5058 386 5110 ἵνα
422 5056 496 5128 μὴ
528 5056 675 5125 λέγω
700 5060 824 5121 τοὺς
858 5058 1051 5123 ἄλλους
1086 5061 1268 5123 ὁσίους
1307 5060 1580 5131 Πατέρας,
1613 5062 1883 5129 σαφέστε-

295 5168 393 5221 ρον
415 5151 503 5203 τὸν
532 5153 660 5221 περὶ
690 5151 877 5205 τούτου
906 5152 1063 5220 λόγον
1091 5158 1255 5219 ποιεῖ,
1280 5154 1370 5206 καί
1410 5171 1574 5224 φησιν
1596 5168 1609 5183 '
1652 5174 1669 5205 ι
1695 5153 1753 5205 Εἰ
1788 5156 1881 5206 καὶ

294 5242 617 5314 προελήφθη
648 5242 745 5296 τοῦ
784 5246 967 5319 ,φωτὸς
998 5245 1032 5313 ή
1062 5244 1300 5312 γένεσις.
1326 5246 1440 5307 πῶς
1474 5248 1501 5297 ὀ
1533 5244 1684 5314 ἣλιος
1716 5245 1879 5298 πάλιν

291 5336 378 5396 εἰς
422 5335 622 5404 φαῦσιν
660 5335 880 5412 λέγεται
921 5337 1254 5405 γεγονέναι;
1295 5338 1428 5391 Τότε
1467 5338 1566 5407 μὲν
1614 5332 1706 5391 οὖν
1739 5337 1877 5409 αύτὴ

293 5426 394 5481 τού
446 5426 625 5497 φωτὸς
674 5430 709 5500 ή
754 5428 919 5496 φύσις
971 5424 1257 5501 παρήχθὴ,
1289 5431 1381 5483 νῦν
1419 5430 1475 5483 δὲ
1532 5431 1594 5483 τὸ
1653 5430 1877 5501 ἡλιακὸν

292 4871 477 4938 πολλῷ
516 4870 610 4921 τοὺ
644 4873 913 4942 προτέρω
971 4872 1380 4943 λαμπρότερον.

373 5579 416 5611 ¹⁹
443 5577 579 5633 Gen.
616 5596 672 5641 ιι,
705 5580 791 5632 10.

1984 3400 2300 3466 collocavit,
2334 3410 2395 3454 ut
2423 3410 2626 3453 terram
2656 3414 2755 3453 sua
2786 3398 2910 3453 luce
2946 3398 3340 3454 collustrarent
3389 3398 3564 3469 Chry-

1986 3502 2267 3547 sostomus
2298 3502 2508 3557 autem,
2549 3491 2636 3545 vir
2666 3488 2809 3545 haud
2840 3491 3006 3545 dubie
3057 3490 3303 3552 divinus,
3353 3490 3407 3544 in
3437 3506 3564 3545 ora-

1986 3581 2134 3638 tione
2158 3582 2225 3637 de
2254 3600 2344 3638 sex
2374 3584 2588 3638 dierum
2619 3583 2879 3651 Operibus
2897 3584 3113 3653 quinta,
3146 3584 3224 3637 sic
3244 3582 3312 3635 ad
3331 3584 3562 3637 verbum

1985 3674 2087 3729 hac
2145 3674 2209 3729 de
2259 3690 2319 3728 re
2368 3674 2672 3729 disseruit:
2720 3675 2885 3730 Vides
2930 3675 3258 3744 sapientiam
3303 3673 3561 3741 Opitlcis;

1985 3768 2177 3822 saltem
2207 3767 2435 3822 verbum
2472 3767 2723 3823 elocutus
2760 3777 2863 3832 cst,
2915 3776 2970 3823 et
3019 3769 3399 3821 admirandum
3460 3768 3565 3823 hoc

1984 3865 2343 3927 elementum,
2372 3860 2640 3914 videlicct'
2662 3860 2765 3927 sol,
2799 3860 2853 3913 in
2884 3867 3067 3913 ortum
3098 3860 3402 3929 productus
3435 3858 3561 3916 fuit.

1984 3950 2124 4005 Nam
2157 3950 2309 4004 illum
2346 3951 2520 4004 Moses
2568 3948 2847 4004 luminare
2899 3964 3152 4019 magnum
3203 3949 3459 4018 appellat,
3510 3959 3568 4004 et

1988 4043 2057 4097 ad
2111 4043 2222 4097 diei
2267 4043 2704 4097 moderationem
2758 4042 2961 4096 factum
3014 4041 3111 4096 ait.
3174 4040 3385 4111 Quippe
3418 4043 3564 4097 diem

1987 4136 2032 4190 is
2062 4133 2433 4205 pulchriorem
2468 4143 2523 4189 et
2548 4134 2937 4204 iucundiorem
2971 4134 3131 4188 nobis
3180 4132 3370 4189 efficit.
3435 4135 3567 4201 Quae

1986 4224 2103 4294 ipsa
2134 4238 2299 4278 causa
2355 4233 2437 4277 est
2472 4224 2834 4292 quamobrem
2876 4224 3020 4278 Deus
3066 4239 3192 4278 cum
3235 4224 3323 4278 die
3369 4236 3567 4294 quarto

1987 4315 2323 4380 condiderit,
2357 4331 2427 4369 ne
2457 4315 2671 4370 scilicet
2704 4317 3052 4371 existimares
3091 4317 3260 4371 solem
3321 4317 3431 4370 dici
3468 4334 3568 4370 au-

1985 4418 2191 4463 ctorem
2221 4423 2365 4462 esse.
2397 4408 2519 4462 Toti
2547 4408 2807 4462 nimirum
2837 4409 2955 4463 dies
2992 4419 3102 4463 tres
3119 4410 3453 4463 creationem
3480 4428 3567 4464 su-

1986 4500 2056 4556 lis
2087 4509 2524 4555 antcccsserunt.
2581 4500 2713 4555 ideo
2744 4499 2967 4569 putabis
2998 4500 3237 4554 voluisse
3266 4500 3437 4553 Deum
3469 4517 3566 4568 per

1987 4592 2091 4647 hoc
2122 4593 2458 4647 elementum
2489 4593 2597 4645 dici
2639 4592 2820 4646 lucem
2864 4593 3144 4661 aliquanto
3184 4591 3564 4659 j-ze-zmlioaem

1394 4706 1492 4739 2.2;:
1521 4686 1618 4755 τὴκ
1652 4687 1874 4757 πρώτην
1909 4681 1951 4735 D
1982 4685 2141 4740 nobis
2173 4686 2425 4739 reddere.
2493 4684 2707 4751 Quibus
2769 4684 2824 4738 in
2881 4684 3065 4738 verbis
3114 4682 3561 4737 animadxertere

1986 4792 2037 4833 te.
2073 4780 2192 4833 volo
2226 4779 2401 4832 videri
2435 4779 2703 4832 Joannem
2738 4779 2885 4831 hunc
2907 4787 3156 4831 nostrum
3189 4778 3351 4830 alium
3379 4778 3565 4829 dicere

1952 4873 2187 4936 ~1ucem,
2256 4888 2379 4942 qua:
2437 4872 2525 4925 die
2592 4874 2771 4943 primo
2801 4870 2969 4925 fuerit
3002 4870 3244 4937 condita,
3303 4880 3358 4925 et
3403 4872 3566 4924 aliam

1984 4982 2107 5035 qua:
2136 4967 2227 5019 die
2259 4972 2480 5035 quarto,
2514 4964 2675 5033 longe
2711 4966 2884 5035 priori
2920 4965 3385 5035 splendidiorem.
3418 4965 3569 5018 Basi-

1992 5060 2104 5114 lius
2129 5068 2315 5113 autcm
2346 5074 2601 5129 magnus,
2640 5057 2693 5111 in
2727 5059 2978 5112 oratione
3007 5066 3159 5112 sexta
3193 5056 3260 5110 dc
3287 5057 3572 5110 luminari-

1989 5154 2112 5219 bus,
2140 5168 2207 5207 ne
2234 5153 2477 5222 reliquos
2492 5151 2875 5209 sanctissimos
2898 5150 3088 5205 Patres
3113 5164 3567 5211 commemorem,

1988 5245 2290 5300 dilucidius
2322 5245 2427 5298 hac
2464 5245 2533 5298 de
2563 5261 2621 5298 re
2658 5245 2843 5299 verbis
2878 5243 3029 5298 hisce
3059 5243 3280 5296 disserit
3322 5263 3335 5297 :
3370 5241 3425 5296 Si
3452 5243 3566 5313 jam

1988 5349 2116 5393 ante
2149 5338 2287 5393 lucis
2321 5347 2479 5393 ortus
2512 5346 2894 5408 pmcesserat,
2923 5351 3034 5405 quo
3086 5346 3245 5405 pacto
3297 5338 3356 5388 lit
3389 5346 3450 5389 ut
3483 5338 3566 5390 sol

1989 5446 2211 5485 rursum
2242 5430 2461 5486 dicatur
2487 5435 2553 5484 ad
2582 5429 2877 5485 lucendum
2905 5428 3079 5483 lactus
3104 5429 3264 5483 esse?
3296 5428 3569 5483 Nimirum

294 5717 475 5771 quave
538 5709 697 5755 a-tate
766 5698 1019 5770 ﬂoruerit
1070 5703 1341 5757 Patricius
1403 5703 1494 5757 ille
1523 5700 1842 5757 l’rusacnsis
1881 5701 2197 5770 episcopus,
2233 5700 2290 5757 S.
2351 5699 2529 5755 l’ionii
2587 5697 2932 5755 celeberrimi
2982 5696 3236 5764 martyris
3292 5695 3570 5750 cucumis.-

298 5787 432 5838 stes,
464 5790 625 5828 nemo
658 5788 743 5829 uie
777 5774 1041 5829 hactenus
1069 5775 1277 5828 docuit.
