4214 6442
662 394 726 445 ἴῧ
1937 386 2354 449 MltlliAEiJS
2396 390 2654 449 GLi'lLE
3819 397 3898 460 60‘

654 514 832 569 priuso
877 499 1095 567 quidem
1134 499 1221 552 die
1254 497 1531 567 lueisipsa
1578 506 1768 552 natura
1825 497 1928 552 fuit
1979 502 2218 558 condita.
2252 508 2297 563 Α

2252 508 2297 563 Α
2327 504 2482 556 τοῦτο
2521 504 2680 567 σῶμα
2705 505 2887 574 ὄχημα
2911 500 3051 558 εἶναι
3077 505 3155 575 τῷ
3174 507 3508 577 πρωτογόνῳ
3536 510 3729 578 ἐκείνῳ
3750 513 3899 578 (pretii

656 609 802 646 nunc
837 608 965 646 vero
993 593 1167 644 solare
1199 606 1399 661 corpus
1435 593 1751 652 instruitur,
1785 602 1845 644 ιιι
1868 592 2016 644 illius
2036 594 2225 661 primi-

652 685 823 754 genia:
856 685 994 736 lucis
1028 684 1345 736 vehiculum
1407 682 1497 736 sil.
1558 680 2029 747 Quemadmodum
2075 684 2222 737 enim

652 768 1094 843 aliud.qui'ddam
1134 786 1219 828 est
1251 774 1393 845 ignis
1417 783 1470 827 et
1504 773 1650 828 aliud
1688 775 1948 835 lucerna.
1986 789 2219 843 quorum

654 869 741 921 ille
770 868 991 935 quidem
1026 866 1245 920 luceudi
1278 866 1385 919 vim
1421 865 1601 929 habet,
1648 866 1765 919 haec
1797 881 1929 921 vero
1964 866 2103 920 facta
2138 876 2222 920 est

654 960 918 1012 utluccm
972 958 1130 1011 nobis
1159 957 1443 1021 adhibeat,
1500 957 1544 1009 si
1598 956 1735 1010 forte
1773 957 1903 1025 quid
1952 956 2219 1025 agendum

651 1052 741 1104 sit.
782 1056 857 1102 sic
894 1052 1001 1113 jam
1054 1052 1267 1118 (quarto
1305 1050 1514 1102 scilicet
1540 1048 1650 1116 die)
1699 1048 1986 1101 luminaria
2028 1063 2225 1116 parau-

652 1154 759 1195 tur.
800 1158 916 1193 :‘tlzt‘.
955 1141 1096 1208 ignis
1132 1142 1277 1192 illius
1329 1140 1606 1207 purissimi
1648 1148 1702 1192 et
1742 1138 1810 1191 ab
1846 1138 1994 1190 omni
2036 1152 2219 1191 crassa

920 1232 1114 1285 secreti
1148 1232 1459 1285 vehiculum
1487 1230 1614 1283 sint.
1672 1229 1817 1283 ldem
1851 1228 2085 1283 Basilius
2113 1245 2222 1282 non

654 1328 820 1376 littlilzl
856 1335 970 1393 post
1012 1341 1064 1373 tn
1098 1325 1236 1374 hanc
1299 1321 1641 1388 sententiaml
1674 1320 1958 1388 loquitur:
2009 1319 2219 1387 «Impe-

653 1413 814 1469 rium,
850 1415 917 1465 ait
955 1412 1147 1473 .‘loscs,
1171 1412 1275 1464 diei
1300 1425 1468 1479 penes
1500 1410 1667 1463 solem
1708 1418 1844 1463 esto.
1868 1411 1932 1439 ”‘
1962 1428 1981 1460 ι
2024 1408 2127 1477 l9
2156 1408 2220 1461 Et

652 1519 886 1567 qtmuam
919 1516 1071 1567 pacto
1095 1502 1379 1568 imperium
1418 1499 1525 1553 diei
1555 1500 1631 1552 sol
1657 1500 1851 1552 habet?
1882 1498 2016 1563 Quia
2042 1499 2217 1551 lucem

652 1592 708 1645 in
730 1595 909 1660 seipse
942 1594 1357 1653 circumferens,
1389 1591 1794 1661 quamprimum
1816 1590 2085 1642 linitorem
2106 1590 2218 1641 cir-

652 1684 836 1736 culum
876 1683 1111 1740 tt‘ansiit.
1150 1682 1296 1735 diem
1326 1683 1485 1734 nobis
1516 1681 1723 1750 prwbet
1755 1664 2034 1749 dissipatis
2069 1689 2218 1733 tene—

653 1777 787 1829 bris.
848 1776 1033 1844 Neque
1067 1791 1400 1843 magnopere
1450 1774 1730 1829 aberravit
1785 1773 1876 1840 qui
1923 1788 2041 1827 esse
2069 1773 2215 1827 diem

654 1250 881 1285 llii'dt‘l'if'

2328 596 2795 664 παρεσκεύασται.
2839 598 2924 659 Ὠς
2961 599 3069 666 γὰρ
3126 600 3254 653 ἄλλο
3304 600 3364 651 τὸ
3413 600 3526 668 πῦρ
3566 604 3656 653 καὶ
3706 603 3834 653 ἄλλο
3863 606 3898 667 ὁξ

2323 687 2536 756 λύχνος,
2568 688 2629 740 τὸ
2681 689 2781 756 μὲν
2826 688 2923 756 τὴν
2965 683 3059 740 τοῦ
3091 688 3346 756 φωτίζειν
3397 690 3630 759 δύναμιν
3662 690 3806 761 ἔχον,
3832 675 3899 742 τὺῖ

2322 779 2379 831 δὲ
2410 781 2814 847 παρεμφαίνειν
2844 781 2955 841 τοῖς
2998 782 3275 849 δεομένοις
3318 785 3712 851 πεποιημένον,
3746 781 3890 834 οὕτω

2322 871 2419 921 xui.
2446 870 2522 935 τῷ
2560 869 2931 939 καθαρωτάτῳ
2956 872 3147 940 ἐκείνῳ
3173 873 3268 923 xui
3300 872 3584 940 εἰλικρινεῖ
3607 874 3700 924 xui
3734 873 3890 937 ἀΰλῳ

2323 962 2462 1027 φωτὶ
2490 961 2675 1029 ὄχημα
2707 960 2800 1012 νῦν
2840 962 2889 1012 oi
2929 961 3219 1031 φωστῆρες
3270 962 3816 1030 κατεσκευάσθησαν.
3862 970 3900 1012 ι’

2335 1052 2493 1104 Ἀλλὰ
2536 1055 2627 1105 xui.
2681 1053 3038 1121 παρακατιὼν
3076 1052 3218 1105 οὕτω
3269 1054 3404 1105 κατὰ
3436 1054 3588 1122 ῥῆμα
3627 1053 3849 1115 διέξεισι
3874 1067 3889 1080 ’

2330 1163 2347 1194 ι
2394 1145 2502 1197 Καὶ
2550 1145 2689 1197 ἔστω
2716 1148 2741 1197 6
2774 1146 2923 1212 ἥλιος
2959 1146 3036 1206 εἰς
3077 1146 3328 1208 ἐξουσίαν
3367 1147 3465 1213 τῆς
3501 1146 3736 1217 ἡμέρας.
3769 1144 3891 1207 Ιιῶς

2322 1231 2413 1284 οῦν
2457 1231 2590 1301 ἔχει,
2633 1252 2651 1281 ι
2697 1235 2885 1300 φησὶν,
2943 1250 2961 1283 ι
3000 1233 3099 1301 τὴν
3144 1233 3395 1296 ἐξουσίαν
3442 1233 3540 1301 τῆς
3595 1234 3808 1303 ἡμέρας
3862 1234 3891 1283 6

2320 1321 2500 1390 ἡλιος;
2542 1322 2663 1371 Ὀτι
2711 1320 2771 1373 τὸ
2819 1319 2935 1385 φῶς
2980 1321 3037 1372 ὲν
3081 1319 3260 1389 ἑαυτῷ
3310 1322 3641 1390 περιφέρων,
3669 1320 3891 1372 ἐπειδάν

2323 1430 2453 1465 ποτε
2500 1413 2592 1464 τὸν
2642 1412 2892 1480 ὁρίζοντα
2936 1412 3209 1482 ὑπεράρῃ,
3241 1412 3457 1481 ἡμέραν
3505 1412 3734 1480 παρέχει
3770 1412 3889 1463 δια-

2320 1504 2487 1567 λύσας
2516 1505 2577 1555 τὸ
2609 1505 2817 1565 σκότος,
2851 1503 2992 1556 ὥστε
3041 1505 3141 1556 οὐκ
3190 1506 3257 1557 ἄν
3288 1520 3375 1566 τις
3421 1504 3645 1574 ἁμάρτῃ
3672 1505 3887 1571 ἡμέραν

2319 1596 2643 1665 ὁρισάμενος
2692 1591 2830 1648 εἶναι
2881 1596 2974 1649 τὸν
3008 1596 3113 1648 ὑπὸ
3152 1595 3246 1649 τοῦ
3278 1596 3430 1665 ἡλίου
3478 1596 3889 1664 πεφωτισμένον

2320 1685 2479 1754 ἀέρα.
2525 1704 2544 1737 ι
2578 1684 2774 1752 Σαφῶς
2829 1685 2928 1753 μὲν
2973 1684 3069 1738 οὖν
3119 1683 3354 1737 ἐνταῦθα
3404 1686 3433 1737 6
3483 1686 3653 1753 μέγας
3684 1682 3890 1746 ἔδειξεν

2320 1774 2400 1826 ὅτι
2441 1773 2717 1842 φωτοδόχα
2774 1773 2935 1841 μόνον
2986 1774 3206 1840 ἀγγεῖα.
3244 1772 3318 1841 μὴ
3360 1771 3543 1839 μέντοι
3576 1788 3640 1838 γε
3685 1771 3749 1837 δὴ
3792 1770 3891 1822 xui.

653 1869 881 1921 deltniet
914 1885 941 1920 a
979 1868 1092 1921 sole
1125 1868 1508 1920 collustratum
1545 1882 1691 1919 aera.
1727 1865 1936 1932 Quibus
1960 1866 2012 1918 in
2040 1866 2222 1920 verbis
2248 1857 2295 1917 Β

2248 1857 2295 1917 Β
2324 1864 2438 1934 φῶς
2490 1865 2632 1916 κατὰ
2670 1865 2770 1932 τὴν
2814 1864 3086 1933 τετάρτην
3129 1863 3367 1933 ἡμέραν.
3419 1861 3790 1931 Παρήχθησαν
3832 1860 3889 1911 δὲ

652 1960 887 2013 eximius
938 1961 1027 2030 hic
1074 1960 1160 2012 vir
1223 1968 1307 2012 sat
1358 1960 1507 2014 clare
1548 1958 1941 2012 ostenditvasa
1969 1960 2216 2025 quantam

654 2053 921 2121 quasique
955 2045 1300 2121 receptacula
1344 2055 1506 2114 lucis,
1552 2068 1661 2104 non
1696 2051 1868 2103 lucem
1905 2048 1991 2101 die
2022 2056 2216 2116 quarto

652 2158 775 2196 esse
808 2142 1112 2196 conditam.
1158 2142 1225 2193 Et
1267 2142 1484 2195 condita
1519 2150 1646 2194 sunt
1680 2139 1903 2193 omnino
1936 2139 2051 2202 illa,
2106 2154 2216 2208 quo

654 2233 831 2285 lucem
870 2232 1012 2285 illam
1050 2233 1284 2301 primam
1311 2234 1622 2302 reciperent
1656 2247 1718 2286 ac
1775 2233 1833 2285 in
1881 2242 2024 2287 terra
2070 2231 2219 2286 luce-

655 2335 799 2379 reut.
858 2325 973 2377 Hoc
1013 2334 1197 2377 autem
1239 2324 1312 2377 ita
1363 2324 1493 2379 fecit
1539 2323 1700 2388 Deus,
1759 2323 2217 2392 quemadmodum

656 2415 1037 2470 Theodoretus
1077 2416 1265 2479 tradit,
1307 2427 1367 2471 ut
1413 2417 1505 2471 lux
1549 2417 1639 2470 illa
1688 2415 2011 2486 primigenia
2043 2414 2216 2470 divisa

668 2505 723 2558 in
759 2504 957 2574 exigua
997 2508 1204 2574 pariter
1255 2522 1319 2559 ae
1378 2522 1572 2577 magna
1627 2507 1919 2560 luminaria
1957 2506 2215 2575 splendo-

657 2612 771 2648 rem
837 2597 1175 2650 animantum
1226 2598 1402 2652 oculis
1452 2596 1871 2666 respondentem
1917 2597 2216 2651 emitteret.

658 2685 792 2739 Nam
826 2687 1032 2755 absque
1064 2688 1169 2741 hoc
1206 2688 1432 2749 fuisset,
1480 2688 1738 2740 animalia
1784 2678 1960 2742 oculis
1989 2685 2217 2755 praedita

657 2776 801 2831 ferre
828 2777 1173 2845 Splendorem
1207 2778 1355 2831 lucis
1407 2777 1823 2830 immoderatum
1876 2792 1981 2831 non
2012 2776 2222 2845 potuis-

657 2878 798 2921 sent.
849 2868 995 2921 ldem
1036 2884 1264 2937 magnus
1289 2870 1453 2923 etiam
1486 2869 1717 2923 Basilius
1759 2869 1844 2922 his
1878 2869 2059 2921 verbis
2086 2883 2219 2922 con-

658 2955 872 3010 ﬁrmat:
901 2957 1194 3011 Pulchrum
1221 2974 1350 3012 sane
1376 2958 1632 3027 quiddam
1649 2966 1731 3012 est
1757 2960 1869 3027 ipse
1890 2958 1989 3020 sol,
2016 2958 2117 3011 hoc
2139 2966 2221 3011 est

659 3044 845 3098 discus
878 3046 969 3099 ille
994 3046 1240 3114 corporis
1273 3044 1488 3110 solaris,
1542 3046 1593 3098 in
1636 3062 1743 3114 quo
1790 3046 1956 3100 veluti
1998 3046 2219 3100 lucerna

657 3135 889 3203 quadam
927 3136 1248 3204 primigea-ia
1299 3136 1387 3188 lux
1416 3149 1498 3189 εει
1526 3136 1817 3189 collocata:
1870 3152 2059 3189 verum
2110 3151 2217 3189 non

2326 1957 2542 2016 πάντως
2587 1956 2679 2007 ἐπὶ
2713 1955 2773 2007 τὸ
2815 1954 3072 2018 δέξασθαι
3107 1956 3166 2007 τὸ
3199 1954 3312 2023 φῶς
3345 1955 3522 2006 ὲκείνο
3548 1954 3609 2005 τδ
3651 1953 3891 2021 πρῶτον,

2324 2050 2417 2100 καὶ
2444 2046 2655 2116 φαίνειν
2686 2048 2777 2099 ἐπὶ
2799 2047 2897 2115 τῆς
2926 2047 3048 2116 γῆς.
3078 2045 3251 2099 Τοῦτο
3277 2044 3333 2098 δὲ
3359 2044 3661 2113 πεποίηκεν
3692 2046 3717 2095 6
3735 2042 3890 2103 Θεὸς.

2324 2138 2410 2191 ἵνα
2454 2136 2882 2206 καταμερισθέν,
2916 2136 2991 2199 ὥς
3033 2153 3166 2206 φησι
3198 2135 3566 2204 Θεοδώρητος,
3607 2136 3687 2195 είς
3730 2131 3785 2184 δέ
3825 2145 3891 2198 γε

2324 2231 2421 2284 xui.
2450 2230 2572 2291 τοὺς
2609 2228 2838 2298 μικροὺς
2869 2228 2963 2281 xui.
2993 2228 3263 2297 μεγάλους
3309 2228 3605 2294 φωστῆρας
3647 2223 3707 2276 τὸ
3734 2239 3890 2290 πρω-

2322 2319 2542 2385 τὸγονον
2578 2318 2752 2370 έκεῖνο
2781 2315 2894 2385 φῶς
2925 2316 3118 2385 αἴγλην
3149 2314 3408 2383 ἑκπέμπῃ
3442 2314 3559 2371 ταῖς
3599 2310 3709 2361 τῶν
3734 2306 3892 2370 ζώων

2323 2408 2478 2474 ὄψεσι
2532 2407 2866 2477 σύμμετρον.
2911 2407 2975 2459 Εί
3031 2407 3106 2473 μὴ
3158 2404 3265 2474 γάρ
3325 2401 3482 2454 τοῦτο
3532 2397 3621 2472 ἦν,
3676 2400 3775 2451 οὐκ
3824 2397 3892 2450 ἂν

2322 2494 2634 2563 ὀφθαλμοὺς
2657 2494 2851 2562 ἔχοντα
2879 2492 2946 2546 τὰ
2978 2493 3091 2557 ζῶα
3120 2491 3219 2558 τὴν
3249 2488 3557 2559 ὑπερϐολὴν
3594 2486 3686 2540 τοῦ
3714 2483 3892 2553 φωτὸς

2324 2585 2576 2655 ἡνεγκεν.
2625 2581 2965 2635 Ἐπισεὸαιοϊ
2988 2578 3163 2632 ταῦτα
3192 2578 3286 2630 xui.
3313 2580 3340 2629 6
3388 2576 3562 2645 μέγας
3606 2572 3891 2635 Βασίλειος

2324 2674 2498 2743 λέγων
2526 2690 2540 2703 ο
2576 2691 2594 2724 ι
2621 2672 2798 2733 Καλὸς
2837 2671 2934 2739 μὲν
2978 2671 3006 2722 6
3054 2670 3227 2739 ἥλιος,
3253 2669 3535 2721 τουτέστιν
3580 2669 3607 2719 6
3648 2664 3833 2725 δίσκος
3863 2660 3893 2713 6

2291 2766 2569 2835 .ἡλιακὸς.
2609 2766 2666 2816 ὲν
2716 2756 2760 2831 ᾧ
2807 2762 2996 2833 ὥσπερ
3045 2762 3222 2832 λύχνῳ
3276 2762 3385 2814 τινὶ
3434 2759 3495 2811 τὸ
3547 2756 3893 2825 πρωτόγονον

2325 2858 2502 2908 έκεῖνο
2532 2852 2832 2923 έναπετέθη
2880 2854 3015 2921 φῶς,
3056 2853 3220 2914 καλὸς
3256 2851 3310 2903 δὲ
3353 2850 3445 2903 xui.
3491 2848 3578 2900 διὰ
3621 2846 3718 2915 τὴν
3754 2860 3894 2911 συμ-

2328 2949 2554 3021 μετρίαν
2584 2947 2745 3000 αὑτοῦ
2770 2964 2783 2977 ·
2820 2942 2942 2999 οὕτε
2968 2946 3075 3014 γάρ
3106 2944 3193 2997 διὰ
3225 2942 3322 3013 τὴν
3351 2940 3554 2993 ἐκείνου
3586 2936 3891 3004 λεπτότητα

2326 3043 2384 3095 τὸ
2427 3041 2535 3110 πῦρ
2586 3038 2983 3109 παρεξέρχεται
3020 3036 3113 3088 xui
3160 3034 3493 3100 καταφλέγει
3535 3030 3734 3091 πάντα,
3762 3026 3888 3077 οῦτε

2326 3134 2413 3186 διὰ
2444 3132 2540 3201 τὴν
2563 3131 2727 3183 αὑτοῦ
2761 3129 3052 3198 παχύτητα
3077 3127 3211 3196 πρὸς
3242 3120 3389 3194 ἡμᾶς
3416 3120 3762 3192 ἀμϐλυτέραν
3786 3116 3888 3186 τὴν

659 3227 838 3280 minus
863 3227 1285 3295 pulchritudinis
1309 3237 1472 3296 atque
1494 3227 1749 3280 bonitatis
1781 3227 1911 3281 ineo
1925 3228 2088 3281 situm
2112 3237 2219 3293 est,
2247 3208 2287 3263 (ἶ
2321 3255 2323 3272 ι

1588 3227 1749 3280 litatis
1781 3227 1911 3281 ineo
1925 3228 2088 3281 situm
2112 3237 2219 3293 est,
2247 3208 2287 3263 (ἶ
2321 3223 2485 3278 αὑτοῦ
2512 3224 2869 3293 παραπέμπει
2896 3220 3196 3289 ἐνέργειαν.
3234 3235 3252 3269 ι

658 3322 802 3387 quod
840 3333 1009 3387 usque
1059 3322 1194 3373 adeo
1237 3321 1309 3373 sit
1341 3321 1655 3374 moderatus
1687 3330 1848 3388 atque
1914 3321 2268 3375 conveniens.
2302 3321 2436 3375 Nam
2466 3334 2643 3388 neque
2672 3324 2893 3387 propter
2953 3310 3313 3367 subtilitatem
3344 3308 3526 3363 omnia
3557 3311 3801 3374 penetrat
3835 3309 3894 3358 et

655 3413 839 3466 exurit
879 3412 1029 3480 ipsus
1060 3412 1221 3480 ignis,
1275 3427 1452 3480 neque
1488 3421 1710 3480 propter
1761 3413 2089 3465 densitatem
2140 3410 2207 3463 ad
2251 3426 2349 3465 nos
2381 3411 2562 3464 minus
2587 3410 2860 3463 eﬂicaeem
2895 3405 3215 3459 transmittit
3248 3402 3359 3456 vim
3387 3414 3563 3455 suam.

727 3505 996 3559 Czeterum
1032 3515 1156 3556 ante
1189 3502 1333 3556 diem
1363 3513 1639 3570 quartum,
1662 3504 1765 3557 hoc
1785 3514 1869 3557 est
1900 3505 2218 3573 priusquam

658 3593 760 3662 ipsi
803 3594 1040 3646 siderum
1073 3592 1208 3645 disci
1243 3604 1589 3657 crearentur,
1621 3593 2079 3660 quemadmodum
2121 3594 2220 3647 Ju-

658 3686 837 3737 stinus
874 3684 960 3739 ille
989 3683 1348 3753 philosophus
1377 3693 1427 3736 et
1454 3683 1655 3737 Christi
1687 3684 1840 3738 testis
1865 3684 1959 3748 ait,
1993 3699 2222 3739 consen-

663 3774 832 3825 tiente
866 3789 984 3825 cum
1026 3772 1128 3824 hoc
1157 3773 1491 3840 reliquorum
1526 3774 1748 3824 Patrum
1779 3783 1947 3837 ccetu,
1978 3772 2067 3825 lux
2096 3772 2221 3825 uni-

653 3879 806 3916 versa
842 3862 1161 3931 passitttttcr
1197 3876 1321 3915 aera
1372 3860 1568 3916 diﬂ‘usa
1621 3876 1720 3915 nec
1778 3870 1927 3915 motu
1984 3862 2217 3929 quodam

656 3954 907 4020 mque-bili
941 3952 1221 4006 ferebatur
1251 3936 1352 4004 nec.
1387 3950 1496 4004 diei
1527 3931 1700 4005 metas
1747 3950 2039 4004 deﬁniebat
2072 3968 2086 4003 :
2124 3953 2217 4006 sed

657 4044 1060 4112 quamprimum
1085 4043 1312 4095 collecta
1350 4041 1563 4106 fuisset,
1602 4042 1928 4095 succedendi
1986 4041 2090 4095 sibi
2128 4058 2223 4111 po-

656 4145 903 4191 testatem
936 4134 1078 4186 nocti
1115 4133 1365 4187 faciebat.
1399 4130 1488 4187 Sic
1512 4132 1658 4186 enim
1690 4130 1914 4187 Littera:
1947 4148 2114 4187 sacra:
2141 4135 2221 4188 lo-

656 4243 725 4294 qu
739 4236 907 4278 untur
938 4241 953 4277 :
987 4224 1182 4278 «Facto
1216 4238 1442 4292 vespere
1467 4238 1529 4278 ac
1561 4239 1717 4278 mane
1736 4224 1853 4278 dies
1892 4240 2033 4279 unus
2056 4227 2221 4279 exsti-

658 4316 835 4371 ιὶιίο.»
868 4315 1073 4370 Deinde
1105 4330 1236 4368 vero
1273 4330 1396 4367 cum
1430 4315 1579 4369 disco
1607 4317 1768 4369 solari
1794 4327 2072 4386 compacta
2096 4334 2221 4371 cur-

658 4422 776 4459 sum
818 4405 927 4459 diei
954 4405 1288 4459 destinatum
1315 4418 1569 4460 accurate
1602 4422 1697 4475 per
1731 4407 1910 4477 ipsum
1944 4410 2075 4462 solis
2101 4424 2221 4461 cor-

653 4510 755 4563 pus
784 4496 1038 4548 absolvit.
1098 4494 1284 4564 itaque
1338 4497 1446 4565 jam
1503 4498 1582 4551 sol
1631 4497 1814 4552 oriens
1841 4498 1983 4552 diem
2033 4500 2216 4565 ellicit,

651 4587 754 4639 sub
786 4596 983 4639 terram
1018 4599 1147 4638 vero
1172 4596 1345 4640 semet
1376 4585 1582 4640 abiens
1616 4586 1674 4639 ﬁt
1699 4603 1862 4641 causa
1894 4588 2090 4643 noctis.
2118 4589 2214 4643 Et-

651 4676 795 4727 enim
827 4675 972 4726 aliud
1016 4673 1146 4726 nihil
1174 4685 1261 4727 est
1296 4690 1401 4729 nox
1433 4692 1597 4746 quam
1624 4679 1815 4733 umbra
1839 4686 2017 4745 terrae,
2055 4681 2219 4734 nimi-

655 4779 772 4815 ltllll
813 4763 928 4817 sole
962 4763 1064 4817 sub
1098 4772 1295 4817 terram
1351 4768 1631 4820 occultato
1668 4766 1881 4835 iterque
1927 4782 2084 4821 suum
2127 4784 2217 4822 ur-

653 4865 833 4923 gente.
867 4854 932 4907 Et
962 4854 1135 4923 caligo
1164 4855 1311 4909 istaec
1342 4857 1761 4925 appellationem
1796 4859 1974 4912 noctis
2004 4858 2218 4928 accepit

651 4965 713 5001 ex
748 4964 813 5001 eo
867 4951 1012 5016 quod
1082 4949 1362 5003 hominem
1397 4952 1759 5006 dormientem
1820 4963 2026 5023 pungat
2079 4954 2216 5023 (νὺξ

650 5042 793 5094 enim
825 5051 909 5094 est
937 5057 965 5093 a
999 5042 1257 5110 νύττειν),
1292 5053 1613 5111 tantumque
1640 5060 1746 5097 non
1806 5044 1892 5097 his
1940 5044 2005 5098 ad
2038 5044 2214 5113 ipsum

653 5131 835 5183 verbis
870 5139 1052 5183 utatur
1082 5148 1097 5185 :
1135 5133 1318 5186 «Scire
1351 5132 1540 5199 debes,
1604 5135 1786 5199 homo,
1852 5144 1903 5188 te
1932 5136 2215 5189 mortalem

651 5236 842 5274 soumo
869 5223 1125 5276 serviren
1167 5227 1239 5277 Ac
1270 5225 1583 5293 hujusmadi
1638 5228 1935 5296 quamdam
1968 5228 2217 5281 Stimula-

653 5316 856 5366 ιίιιηρῖη
892 5330 1012 5368 esse
1043 5330 1281 5379 uocem,
1314 5318 1426 5386 ipse
1466 5319 1697 5373 Datidcs
1726 5325 1889 5374 etiam
1930 5323 2107 5375 verbis
2134 5321 2219 5375 his

651 5407 910 5459 indicavit
944 5424 956 5459 :
993 5410 1150 5470 «Qum
1189 5409 1376 5463 dicitis
1408 5411 1458 5463 in
1493 5413 1757 5467 cordibus
1780 5413 1996 5478 vestris,
2035 5414 2089 5466 in
2119 5427 2217 5466 cus

652 5499 852 5550 Lililuts
887 5501 1084 5553 vest'is
1145 5503 1565 5571 puugimini“.t
1632 5506 1719 5559 Sic
1748 5516 1803 5560 ct
1850 5507 2051 5570 lucem,
2106 5517 2219 5560 latt-

652 5606 811 5657 φιλίη
847 5606 957 5641 rem
996 5592 1166 5644 ictam
1212 5607 1375 5662 atque
1402 5607 1630 5665 gtalam,
1670 5598 1884 5668 ἡμέραν
1921 5600 2156 5653 dicimus
2189 5614 2218 5653 a

721 5757 779 5783 "'
825 5753 959 5809 (ἕνη.
998 5773 1031 5808 1.
1077 5758 1154 5809 16.

498 5954 985 6223 /

1236 5762 1278 5791 ⁸⁸
1301 5762 1427 5814 ibid.
1460 5763 1510 5815 5.
1588 5764 1895 5826 “9531.”,
1930 5767 1980 5818 ἶὸ.

2400 3502 2511 3570 Πρὸ
2542 3501 2725 3570 μέντοι
2752 3502 2851 3569 τῆς
2886 3500 3151 3565 τετάρτης
3176 3494 3408 3565 ἡμέρας,
3443 3493 3616 3562 ἡγουν
3650 3488 3758 3557 πρὸ
3796 3485 3891 3538 τοῦ

2326 3591 2794 3663 δημιουργηθῆναι
2820 3590 2944 3653 τοὺς
2974 3590 3209 3649 δίσκους,
3231 3584 3380 3639 καθά,
3404 3600 3566 3652 φησιν
3605 3577 3893 3638 ’1ουστινος

2328 3686 2356 3737 6
2386 3683 2670 3751 φιλόσοφος
2699 3681 2794 3735 καὶ
2832 3679 3038 3749 μάρτυς
3068 3674 3329 3745 Χριστοῦ,
3362 3675 3455 3727 xui.
3486 3674 3514 3725 6
3536 3671 3735 3730 ’λοιπδς
3770 3667 3887 3719 τῶν

2286 3794 2289 3799 ί
2329 3772 2586 3842 Πατέρων
2617 3772 2934 3839 κατάλογος,
2964 3769 3083 3823 ὅλον
3111 3768 3285 3821 διόλου
3320 3765 3397 3835 τῷ
3440 3764 3562 3831 ἀέρι
3590 3774 3888 3829 περικεχυ-

2330 3864 2493 3935 μένον
2522 3863 2645 3916 οῦτε
2673 3864 2883 3932 κίνησιν
2911 3860 3117 3930 ὁμαλὴν
3139 3859 3437 3927 διέτρεχεν,
3470 3854 3596 3907 οὔτε
3622 3856 3721 3923 τῆς
3748 3850 3889 3921 ἡμέ-

2332 3975 2427 4025 ρας
2458 3957 2526 4008 τὰ
2563 3956 2735 4025 μέτρα
2772 3953 3042 4023 διώριζεν,
3075 3951 3210 4004 ἀλλὰ
3255 3946 3672 4015 συστελλόμενον
3720 3946 3893 4012 πάρο-

2326 4049 2413 4101 δον
2467 4048 2635 4100 ἐδίδου
2681 4048 2746 4117 τῇ
2790 4046 2969 4099 νυκτί.
3002 4062 3021 4095 ι
3058 4045 3170 4097 Καὶ
3209 4042 3446 4110 ἐγένετο,
3494 4060 3511 4091 ι
3565 4040 3671 4104 γάρ
3704 4053 3893 4107 φησιν,

2334 4156 2353 4189 ι
2404 4138 2629 4206 ἑσπέρα,
2692 4136 2786 4187 καὶ
2842 4134 3059 4200 ἐγένετο
3106 4130 3250 4200 πρωῒ
3305 4130 3490 4200 ἡμέρα
3549 4129 3667 4198 μία.
3728 4144 3747 4177 ι
3800 4126 3894 4192 Τῷ

2327 4231 2495 4300 δίσκῳ
2527 4230 2583 4282 δὲ
2609 4228 2685 4297 τῷ
2712 4226 2923 4297 ἡλιακῷ
2972 4223 3292 4294 συναιρεθὲν
3328 4222 3554 4291 ὕστερον
3584 4220 3894 4289 ἀμέμπτως

2326 4325 2418 4376 τὸν
2442 4324 2640 4391 δρόμον
2668 4322 2768 4390 τῆς
2794 4320 3012 4390 ἡμέρας
3037 4316 3198 4386 ὡρῶν
3235 4316 3323 4367 διὰ
3349 4314 3442 4368 τοῦ
3490 4313 3741 4378 σώματος
3768 4314 3895 4362 ἐπι-

2327 4416 2492 4477 τελεῖ,
2524 4412 2819 4466 κάντεῦθεν
2869 4409 3173 4463 ἀνατέλλων
3216 4410 3242 4460 6
3278 4407 3426 4476 ἡλιος
3475 4406 3690 4475 ἡμέραν
3725 4403 3891 4461 ποιεῖ,

2326 4506 2495 4559 δύνων
2539 4502 2595 4556 δὲ
2639 4503 2741 4554 ὑπὸ
2785 4501 2888 4569 γῆν
2926 4502 3119 4562 νυκτὸς
3167 4497 3337 4559 αἴτιος
3383 4497 3611 4564 γίνεται.
3666 4494 3732 4544 'H
3781 4492 3895 4559 γὰρ

2327 4597 2422 4662 νὺξ
2451 4593 2591 4662 αὕτη
2629 4592 2781 4645 οὐδὲν
2804 4591 2934 4644 ἄλλο
2962 4590 3110 4642 ἐστὶν
3140 4588 3173 4657 ἡ
3210 4588 3451 4654 σκίασμα
3482 4586 3582 4653 γῆς
3613 4582 3707 4636 τοῦ
3735 4581 3892 4647 ἡλίου

2326 4689 2426 4757 τὴν
2468 4686 2574 4755 γῆν
2619 4684 3028 4753 ὑποτρέχοντος.
3068 4677 3474 4749 Ὦνομάσθη,δὲ
3522 4676 3617 4740 νὺξ
3644 4674 3801 4727 τοῦτο
3829 4674 3889 4725 τὸ

2327 4780 2536 4845 σκότος,
2588 4777 2774 4847 ἐπειδὴ
2833 4775 3163 4829 καθεύδοντα
3220 4774 3401 4826 νύττει
3464 4773 3553 4823 τὶν
3599 4767 3891 4837 ἄνθρωπον

2318 4875 2414 4926 xui.
2447 4872 2589 4924 οὓτω
2638 4870 2783 4936 λέγει
2841 4870 3125 4937 μονονουχὶ
3167 4866 3301 4933 πρὸς
3352 4865 3514 4916 αὑτὸν
3559 4882 3577 4913 ι
3631 4862 3809 4921 Μάθε,
3847 4852 3895 4911 ὧ

2318 4964 2594 5032 ἄνθρωπε,
2626 4961 2708 5013 ὅτι
2739 4959 2931 5029 θνητὸς
2978 4957 3051 5009 ὣν
3100 4955 3253 5026 ὕπνῳ
3283 4955 3580 5017 δουλεύεις.
3616 4974 3634 5004 ι
3673 4955 3795 5005 Ὅτι
3832 4951 3894 5001 δὲ

2319 5055 2597 5122 κατανυγὴ
2648 5054 2795 5104 ἔστιν
2841 5053 2874 5122 ἡ
2926 5050 3042 5115 νὺξ,
3098 5054 3191 5102 καὶ
3237 5052 3264 5100 6
3315 5050 3600 5117 προφήτης
3653 5046 3892 5115 ἐδήλωσε

2319 5146 2484 5199 Δαῦὶδ
2540 5145 2712 5206 οὕτως
2762 5144 2931 5196 εἰπὼν
2981 5161 2998 5194 ι
3042 5144 3107 5195 Ἀ
3155 5144 3338 5209 λέγετε
3382 5144 3437 5193 ὲν
3475 5143 3593 5202 ταῖς
3639 5140 3897 5208 καρδίαις

2319 5237 2491 5306 ὑμῶν,
2534 5239 2623 5289 ἐπὶ
2645 5237 2762 5298 ταῖς
2816 5235 3025 5297 κοίταις
3077 5235 3231 5302 ὑμῶν
3274 5233 3634 5302 κατανύγητε.
3676 5252 3694 5284 ι
3730 5233 3893 5286 Κατὰ

2318 5330 2492 5381 ταῦτα
2542 5328 2597 5380 δὲ
2650 5330 2744 5381 καὶ
2780 5328 2838 5381 τὸ
2867 5330 2979 5396 φῶς
3025 5328 3119 5397 ἡδύ
3151 5346 3201 5380 τι
3235 5328 3328 5380 καὶ
3379 5329 3561 5398 ἱλαρὸν
3585 5329 3643 5381 ὃν
3674 5332 3896 5400 ἡμέραν

2321 5418 2600 5479 ἐκάλεσεν,
2661 5417 2749 5469 διὰ
2795 5418 2855 5468 τὸ
2909 5418 3152 5487 ἡμεροῦν
3207 5418 3274 5469 τά
3332 5420 3546 5484 πάντα,
3605 5419 3893 5488 ιὶησπεροῦν

2322 5508 2415 5559 καὶ
2446 5507 2515 5559 τά
2565 5507 2824 5578 χειροὴοη
2884 5508 2991 5559 τῶν
3050 5507 3201 5570 ζώων
3246 5508 3429 5576 ἥμερα
3473 5508 3559 5559 διὰ
3603 5507 3759 5560 τοῦτο
3791 5524 3895 5559 κα·

2326 5616 2561 5653 ιουνται.
