4214 6442
326 403 391 462 6i
1592 399 1991 457 ANNALIUM
2040 398 2229 457 PARS
2267 397 2311 455 ἰ.
3490 392 3557 453 63

316 514 683 585 jucunditate,
710 512 1174 585 quemadmodum
1239 513 1431 568 eadem
1465 513 1532 567 de
1596 528 1757 567 causa
1798 514 2013 569 cicures
2067 513 2271 568 bestias
2328 512 2515 581 ἥμερα
2572 509 2708 573 ζῶα,
2758 510 2912 578 quasi
2974 507 3228 562 animalia
3288 517 3435 574 grata
3503 519 3559 559 cl

324 609 579 663 amabilia
601 623 878 662 vocamus.

395 699 553 753 Οὕτω
587 700 685 768 μὲν
714 695 808 752 οῦν
837 697 1224 761 ἀνατέλλοντος
1253 696 1344 751 τοῦ
1380 698 1535 767 ἡλίου
1578 698 1672 751 καὶ
1702 696 1887 749 δύνον-
1916 696 1966 755 Α

1916 696 1966 755 Α
2061 690 2175 743 Hoc
2201 687 2368 758 igitur
2398 698 2556 752 pacto
2585 688 2699 740 sole
2728 695 2841 740 tum
2883 684 3095 738 oriente
3130 693 3242 736 tum
3270 687 3552 739 neeideuu

323 806 439 855 τος,
472 789 533 842 τδ
575 788 689 856 φῶς
719 788 779 853 ἐξ
819 789 1065 858 ἀνάγκης
1098 789 1192 841 καὶ
1228 789 1289 840 τὸ
1320 788 1513 849 σκότος
1558 789 1885 856 παρέπεται,

312 880 544 933 ἐναντία
575 881 675 947 μὲν
701 880 972 949 ἀλλήλοις,
1000 882 1276 947 ἀναγκαῖα
1317 879 1373 931 δὲ
1418 882 1533 942 τοῖς
1573 880 1888 948 ἀνθρώποις

312 970 607 1040 ’ἀμφότερα
631 985 647 1002 ·
678 969 740 1023 τὸ
772 971 873 1037 μὲν
899 972 1009 1039 γάρ
1036 971 1170 1041 πρὸς
1202 969 1469 1039 ἐργασίαν
1497 970 1744 1022 συντελεῖ
1772 972 1886 1031 τοῖς

318 1059 634 1128 ἀνθρώποις
677 1057 772 1110 λαὶ
802 1058 1148 1111 ὑποδείκνυσι
1190 1059 1257 1111 τά
1289 1059 1564 1129 ὁρώμενα,
1590 1058 1651 1111 τὸ
1679 1060 1735 1110 δὲ
1769 1059 1888 1111 δια-

320 1149 557 1202 ναπαύει
607 1149 803 1210 αὐτοὺς
858 1150 952 1201 καὶ
993 1149 1083 1201 τὸν
1122 1152 1187 1202 ἐκ
1238 1150 1336 1219 τῆς
1381 1150 1644 1216 ἐργασίας
1684 1149 1890 1200 διαλύει

323 1227 505 1292 πόνον.
544 1240 607 1292 Ἠ
642 1241 825 1307 μέντοι
858 1239 952 1305 νὺξ
988 1239 1249 1294 καὶκατὰ
1286 1240 1447 1292 τοῦτο
1477 1240 1749 1309 χρήσιμος
1775 1242 1888 1301 τοῖς

319 1328 627 1397 ἀνθρώποις
655 1328 971 1400 εὑρίσκεται
999 1342 1011 1358 ·
1049 1330 1191 1399 μέση
1231 1329 1339 1398 γάρ
1370 1328 1462 1382 καὶ
1486 1329 1626 1399 αῦτη
1657 1333 1887 1397 κειμένη

321 1406 432 1469 τῶν
480 1418 706 1489 ἡμερῶν
753 1416 1075 1489 μετρεῖσθαι
1125 1420 1218 1471 τὸν
1250 1420 1441 1488 χρόνον
1479 1422 1646 1473 ποιεῖ.
1678 1419 1740 1471 Ei
1784 1418 1891 1489 γὰρ

319 1505 598 1575 ἁδιάδοχον
654 1508 989 1578 ἐμιμενὴκει
1048 1508 1110 1559 τδ
1176 1507 1315 1576 φῶς,
1365 1509 1466 1562 οὐκ
1514 1506 1580 1560 ἂν
1630 1507 1891 1560 ἐνιαυτῶν

319 1597 768 1668 ἐμεμαθήκειμεν
810 1599 1065 1664 κύκλους,
1103 1600 1200 1669 μία
1258 1599 1315 1651 δὲ
1361 1599 1540 1665 ἔδοξεν
1593 1600 1659 1652 ἂν
1705 1600 1891 1669 ἡμέρα

320 1689 537 1752 πάντως
565 1683 716 1743 εἶναι
734 1688 828 1743 τοῦ
854 1690 1123 1759 παρόντος
1152 1690 1348 1755 αίῶνος
1383 1692 1444 1744 τὸ
1467 1692 1687 1763 μέτρον.
1711 1691 1890 1761 Ὅπερ

322 1779 464 1843 ἕξειν
495 1779 588 1831 τὸν
636 1779 1087 1850 προσδοκώμενον
1138 1780 1311 1835 αἰῶνα
1364 1782 1694 1850 πιστεύομεν
1720 1797 1736 1813 ο
1779 1783 1892 1843 τοῖς

320 1872 429 1939 γάρ
467 1870 755 1935 ἀθανάτοις
808 1872 1117 1939 ίσουμένοις
1164 1872 1257 1925 καὶ
1302 1873 1606 1941 ἀδιαδόχοις
1653 1872 1892 1935 τοιοῦτος

320 1962 415 2012 καὶ
446 1962 473 2013 ό
495 1962 630 2014 αίὼν
656 1962 940 2032 ἁρμόττει.
975 1964 1098 2017 Ἐπὶ
1126 1963 1182 2016 δὲ
1227 1962 1323 2016 τοῦ
1365 1965 1633 2033 παρόντος
1663 1964 1757 2016 καὶ
1789 1963 1894 2032 μά-

1990 781 2077 835 vel
2112 781 2291 833 lucem
2329 778 2411 830 vel
2442 777 2698 830 tenebras
2723 785 2805 829 est
2832 774 2987 843 sequi
3021 789 3277 830 necesse.
3309 777 3415 843 2ο
3440 793 3559 841 qnze

1992 871 2217 942 quidem
2264 886 2350 923 res
2378 869 2499 922 duze
2528 868 2749 921 sibimet
2808 867 3041 920 invicem
3093 867 3469 921 adversantur.
3504 880 3553 917 at

1991 964 2163 1017 ambae
2186 971 2313 1016 sunt
2348 960 2664 1013 hominibus
2716 959 2901 1012 utiles.
2951 958 3067 1010 Lux
3116 960 3262 1011 enim
3311 960 3375 1010 a'd
3424 975 3560 1025 opus.

1991 1052 2312 1106 faciundum
2343 1052 2551 1103 homini
2582 1065 2736 1103 usum
2771 1064 2879 1101 non
2910 1050 3168 1115 exiguum
3202 1059 3441 1116 pnestat.
3479 1050 3560 1099 eis

1992 1144 2230 1212 demque
2266 1157 2355 1195 res
2379 1141 2481 1193 sub
2506 1150 2790 1208 aspectum
2821 1135 3083 1194 radentes
3115 1151 3511 1193 connnonsn-at
3544 1160 3557 1190 :

1994 1235 2234 1288 tenebra:
2263 1247 2395 1285 vero
2426 1231 2684 1285 mortales
2714 1246 2818 1298 per
2868 1231 3170 1299 requietem
3205 1232 3442 1283 vit-issi...
3479 1232 3562 1282 fe-

1992 1335 2140 1388 vent,
2170 1331 2604 1392 conceptamque
2630 1321 2697 1375 de
2733 1321 2923 1375 labore
2984 1324 3288 1376 molestiam
3342 1338 3560 1374 onlnem

1993 1416 2284 1484 dissipant.
2314 1414 2491 1467 Etiam
2523 1413 2633 1466 alia
2692 1413 2745 1464 in
2807 1422 2961 1481 parte
2997 1421 3212 1465 noctem
3251 1414 3564 1465 hominibus

1994 1507 2180 1560 utilem
2206 1520 2326 1560 esse
2359 1503 2846 1572 deprehendimus.
2910 1500 3043 1557 Nam
3092 1518 3218 1556 cum
3253 1503 3447 1557 diebus
3481 1506 3564 1556 in—

1994 1600 2216 1669 terjecta
2255 1596 2347 1661 sit,
2375 1596 2638 1665 temporis
2672 1610 2985 1649 mensuram
3032 1594 3215 1650 ellicit.
3273 1596 3486 1664 Quippe
3514 1597 3561 1648 si

1991 1688 2083 1741 lux
2117 1686 2379 1741 continua
2406 1685 2545 1739 citra
2579 1684 2981 1738 successionem
3013 1684 3175 1736 ullam
3238 1683 3399 1747 foret,
3465 1700 3565 1736 an-

1992 1794 2187 1833 norum
2218 1779 2377 1833 orbes
2411 1786 2575 1846 atque
2601 1777 2988 1831 conversiones
3013 1792 3120 1830 non
3148 1776 3566 1830 animadvertis-

1992 1887 2200 1933 semus.
2238 1871 2333 1925 sed
2359 1870 2530 1923 totius
2560 1871 2659 1924 arvi
2692 1870 2931 1924 duratio‘
2968 1869 3091 1924 dies
3138 1869 3364 1922 omnino
3423 1884 3566 1921 unus

1994 1979 2112 2018 esse
2145 1962 2295 2016 visus
2335 1962 2546 2027 luisset,
2576 1962 2631 2015 id
2672 1962 2817 2030 quod
2849 1960 3094 2014 futurum
3126 1962 3177 2013 in
3239 1976 3356 2013 aevo
3410 1960 3566 2013 dein~

319 2042 495 2119 λιστα“
542 2052 651 2104 ἔδει
705 2053 775 2106 τά
829 2054 1003 2124 μέτρα
1062 2053 1157 2106 τοῦ
1204 2055 1398 2123 χρόνου
1452 2032 1768 2122 γινώσκειν,
1804 2056 1890 2108 ἵνα
1923 2032 1964 2084 Β

1923 2032 1964 2084 Β
1994 2071 2123 2125 ceps
2155 2054 2414 2109 secuturo
2447 2054 2742 2108 credimus.
2788 2053 2924 2106 Nam
2960 2068 3081 2106 cum
3120 2053 3171 2105 in
3205 2068 3270 2105 eo
3301 2053 3465 2106 futuri
3494 2053 3566 2104 si-

321 2142 665 2212 παραθέοντα
722 2144 913 2199 τοῦτον
969 2146 1209 2216 ὁρῶντες
1272 2146 1433 2218 ἡμεῖς
1489 2147 1667 2199 αὐτῶν
1728 2146 1885 2215 ἡμῶν

319 2235 710 2305 ἐπιμελώμεθα
754 2239 849 2290 καὶ
902 2238 1037 2308 πρὸς
1081 2236 1843 2307 ἀποδημίανέτοιμαζώμεθα
1869 2254 1885 2270 ⁸

316 2328 438 2380 ὅθεν
479 2328 574 2383 καὶ
619 2329 937 2398 μεσολαϐεῖν
974 2329 1073 2399 τὴν
1125 2328 1295 2382 νύκτα
1350 2329 1640 2399 πανσόφως
1685 2329 1714 2382 ό
1756 2330 1888 2393 Θεὸς

316 2416 618 2487 διετάξατο.

1996 2161 2119 2200 mus
2143 2144 2481 2199 immortales
2517 2153 2572 2198 et
2609 2143 3055 2201 vicissitudinum
3088 2153 3360 2209 expertes,
3388 2157 3565 2195 aevum

1993 2212 2345 2305 quoque.tale
2377 2234 2538 2287 nobis
2563 2231 2879 2287 conveniet.
2916 2231 2984 2285 At
3016 2231 3069 2285 in
3115 2232 3221 2285 hoc
3247 2245 3364 2284 mvo
3394 2228 3565 2282 maxi-

1996 2342 2215 2396 mopere
2274 2325 2521 2395 cognitas
2558 2325 2716 2379 nobis
2776 2339 2897 2378 esse
2956 2325 3218 2393 temporis
3280 2339 3566 2378 mensuras

1997 2419 2304 2489 Oportebat.
2340 2427 2401 2472 ut
2424 2418 2679 2472 celeriter
2710 2416 2845 2469 illud
2897 2416 3203 2485 praeterlabi
3264 2425 3558 2471 cernentes

319 2510 538 2566 solliciti
573 2512 642 2567 de
674 2511 836 2568 nobis
882 2526 1129 2567 essemus
1192 2527 1258 2567 ac
1311 2522 1529 2567 nosmet
1584 2510 1652 2573 ad
1723 2509 2068 2579 migrandum
2133 2523 2472 2578 pararemus.
2525 2508 2704 2576 Atque
2768 2507 2871 2560 hac
2923 2506 2991 2560 de
3055 2522 3221 2563 causa
3276 2524 3374 2577 per
3436 2524 3567 2577 pro-

318 2604 463 2659 fecto
496 2604 773 2675 sapienter
840 2606 1013 2659 Deum
1073 2614 1263 2659 noctes
1296 2603 1494 2658 diebus
1550 2602 1891 2672 interjecisse
1930 2601 2199 2655 videmus.

396 2699 508 2753 Καὶ
537 2698 679 2751 οὕτω
716 2697 817 2767 μὲν
846 2700 895 2751 oi.
926 2700 1204 2768 ὑποφῆται
1262 2697 1359 2754 τοῦ
1410 2698 1726 2766 Πνεύματος
1766 2696 1895 2764 περὶ

318 2789 417 2858 τῆς
452 2789 510 2854 ἐξ
543 2789 720 2859 ἀρχῆς
759 2787 868 2841 τῶν
910 2789 1158 2856 ἀστέρων
1191 2788 1526 2859 παραγωγῆς
1562 2788 1658 2840 καὶ
1696 2786 1896 2838 συστά-

2065 2692 2177 2747 Hoc
2204 2692 2366 2747 modo
2421 2694 2595 2747 sancti
2628 2693 2868 2763 Spiritus
2902 2694 3161 2764 discipuli
3222 2696 3289 2749 de
3318 2695 3561 2751 siderum

1992 2787 2271 2841 creatione
2302 2796 2466 2854 atque
2485 2796 2605 2841 ortu
2626 2789 2872 2842 sentiunt
2904 2797 2958 2842 et
2988 2789 3305 2857 loquuntur.
3345 2792 3410 2841 At
3433 2805 3564 2844 vero

321 2894 459 2939 σεως
514 2880 606 2929 καὶ
663 2878 922 2948 φρονοῦσι
978 2879 1074 2929 καὶ
1112 2878 1384 2946 λέγουσιν’
1427 2877 1476 2928 oi
1506 2876 1563 2928 δὲ
1594 2875 1690 2927 ἐπὶ
1718 2874 1894 2936 κενοῖς

1992 2890 2257 2930 vanorum
2292 2878 2606 2945 dogmatum
2660 2886 2981 2941 sectatores,
3035 2880 3129 2945 qui
3181 2878 3456 2948 sapientes
3503 2896 3564 2937 se

319 2969 409 3023 ἀεὶ
441 2968 826 3039 μεταιάζοντες
853 3006 870 3031 ,
922 2969 973 3021 oi
1024 2968 1179 3036 σοφοὶ
1224 2967 1323 3038 μὲν
1370 2961 1512 3021 εἶναι
1568 2965 1891 3034 φάσκοντες,

1992 2967 2212 3036 quidem
2243 2967 2557 3035 praedicant,
2612 2967 2707 3021 sed
2740 2967 2805 3021 de
2846 2968 2996 3022 Pauli
3031 2969 3097 2999 ²¹⁹
3120 2971 3389 3023 sententia
3434 2970 3561 3025 facti

322 3059 703 3131 μωρανθέντες
753 3059 810 3111 δὲ
870 3059 1014 3112 κατὰ
1050 3058 1259 3112 Παῦλον
1306 3060 1507 3127 εἰπεῖν,
1541 3057 1767 3128 μυρίαις
1798 3056 1890 3109 ἐπὶ

1882 3074 1890 3107 ι
1995 3069 2124 3115 sunt
2151 3058 2503 3127 desipientes.
2539 3066 2749 3127 tantum
2773 3074 2881 3113 non
2915 3060 3144 3114 inﬁnitis
3172 3061 3271 3115 hac
3300 3061 3355 3115 in
3393 3072 3546 3129 parte

316 3152 528 3215 τούτοις
575 3150 753 3215 δόξαις
797 3150 1026 3213 ἑαυτοὺς
1085 3149 1467 3205 ἐκδεδώκασιν.
1521 3149 1732 3202 Λύτίκα
1780 3148 1889 3217 γὰρ

1996 3150 2264 3206 dissident
2297 3149 2669 3219 opinionibus.
2718 3150 2934 3204 Etenim
2982 3154 3328 3223 Anaxagoras
3361 3154 3428 3209 de
3464 3170 3557 3209 na-

316 3247 346 3298 δ
386 3243 757 3314 Ἀναξαγόρας
789 3242 967 3296 τοιάδε
1009 3243 1138 3312 περὶ
1178 3242 1276 3312 τῆς
1305 3242 1413 3294 τῶν
1446 3243 1690 3312 ἀστέρων
1714 3242 1894 3294 ἐκενο-

1999 3252 2118 3299 tura
2155 3244 2402 3299 siderum
2434 3244 2539 3298 hoc
2568 3243 2753 3307 modo,
2783 3258 2884 3313 per
2910 3243 3153 3312 profecto
3182 3246 3405 3309 stolide,
3436 3246 3566 3299 dis-‘

317 3334 519 3405 λόγησε
555 3333 773 3401 φύσεως
798 3345 812 3361 ⁸
851 3330 962 3385 ἀπὸ
990 3330 1099 3399 γάρ
1144 3333 1245 3402 τῆς
1293 3331 1389 3384 τοῦ
1443 3330 1649 3394 παντὸς
1686 3330 1892 3400 περιδι-
1919 3350 1963 3409 c

1919 3350 1963 3409 ο
1996 3337 2189 3391 seruit.
2225 3337 2328 3390 Per
2352 3334 2915 3404 circumagitationem
2960 3335 3340 3391 universitatis
3377 3353 3561 3392 rerum

320 3426 532 3495 νήσεως
585 3424 792 3495 πέτρας
852 3418 1006 3475 εἶπεν
1050 3421 1491 3491 άνασπασθῆναι,
1542 3421 1637 3474 καὶ
1668 3422 1892 3483 τούτους

1995 3442 2123 3481 saxa
2156 3425 2403 3495 quadam
2456 3440 2675 3479 sursum
2726 3425 2842 3494 rapi
2870 3424 3029 3487 dixit,
3082 3440 3255 3494 eaque
3305 3425 3564 3496 deinceps

321 3516 745 3587 ἑκπυρωθέντας
798 3516 894 3568 καὶ
924 3513 1036 3566 ἀνω
1070 3515 1350 3582 παγέντας
1404 3515 1642 3585 ἀστέρας
1695 3512 1895 3583 ὀνομα-

1996 3515 2330 3572 inilammata
2359 3530 2689 3585 sursumque
2723 3516 2824 3569 lixa
2854 3516 3040 3571 vocari
3074 3516 3278 3572 sidera.
3343 3516 3485 3571 Idem
3510 3528 3564 3572 et

323 3607 540 3677 σθῆναι.
581 3606 662 3658 Τά
688 3605 827 3659 αὑτά
875 3605 931 3658 δὲ
980 3605 1077 3657 καὶ
1134 3606 1464 3675 Δημοκρίτῳ
1517 3605 1646 3673 περὶ
1694 3604 1889 3658 τούτου

1997 3606 2313 3661 Democrito
2346 3607 2546 3661 visum.
2612 3608 2682 3661 At
2714 3606 2988 3677 Diogenes
3016 3609 3216 3676 pumici
3250 3610 3560 3664 consimilia

320 3700 489 3753 δοκεῖ.
538 3697 596 3750 '0
636 3696 694 3750 δὲ
743 3697 1004 3765 Διογένης
1044 3695 1445 3765 κισσηροειδείς
1477 3696 1644 3764 ἔφησε
1674 3697 1893 3757 τούτους

1996 3699 2223 3753 tradidit
2270 3714 2393 3753 esse
2446 3707 2500 3752 et
2533 3697 2796 3767 quasdam
2852 3699 3285 3769 perspirationes
3337 3700 3559 3755 habere.

322 3786 490 3855 εἶναι,
519 3789 778 3852 διιπνοάς
802 3776 957 3849 τινας
986 3787 1231 3856 ἔχοντας.
1279 3786 1444 3840 ’Δλλά
1472 3788 1568 3837 καὶ
1598 3786 1893 3853 ἐμπίπτειν

1993 3790 2289 3843 Contendit
2342 3799 2397 3843 et
2444 3790 2707 3844 nonnulla
2760 3805 2826 3844 ex
2872 3790 2953 3844 eis
3003 3791 3059 3844 in
3107 3798 3304 3845 terram
3356 3792 3561 3855 delabi.

322 3884 402 3943 si;
436 3882 534 3951 τὴν
578 3881 683 3950 γῆν
727 3896 882 3943 τινας
907 3880 966 3945 ἐξ
1000 3878 1183 3932 αὐτῶν
1208 3878 1579 3947 ἀπομάχεται,
1611 3877 1704 3931 καὶ
1737 3876 1889 3929 σϐεν-

322 3976 594 4039 νυμένους
652 3970 976 4041 ἐλέγχεσθαι
1010 3970 1093 4023 ὄτι
1149 3969 1314 4021 λίθων
1352 3967 1536 4037 έχουσι
1567 3967 1751 4037 φύσιν.
1785 3968 1896 4019 Καὶ

326 4068 569 4138 μάρτυρι
618 4066 814 4137 χρῆται
849 4062 927 4132 τῷ
964 4064 1023 4114 ἐν
1082 4062 1250 4128 Αἰγὸς
1298 4061 1562 4129 ποταμοῖς
1598 4058 1896 4129 πυροειδῶς

323 4158 704 4228 κατενεχθέντι
737 4155 885 4209 ποτέ.
927 4154 986 4208 '0
1019 4154 1075 4209 δέ
1118 4151 1537 4222 Ἀναξίμανδρος
1574 4149 1897 4219 συστήματά

322 4268 445 4303 τινα
494 4248 589 4301 τοῦ
633 4248 796 4318 ἀέρος
847 4245 1020 4316 πυρὸς
1071 4245 1329 4314 ἔμπλεα,
1380 4241 1705 4313 τροχοειδῶς
1736 4258 1898 4294 πεπι-

321 4341 556 4409 λημένα,
584 4340 699 4392 άπό
744 4354 907 4391 τινων
941 4336 1183 4406 στομίων
1208 4329 1217 4338 ’
1242 4334 1473 4403 ἀφιέντα
1528 4333 1628 4397 τάς
1666 4332 1889 4402 φλόγας.

336 4430 397 4482 Ὀ
429 4430 487 4482 δέ
519 4447 582 4496 γε
613 4426 921 4496 Ξενοφάνης
966 4425 1060 4478 τὸν
1094 4425 1248 4494 ἣλιον
1280 4424 1374 4476 καὶ
1417 4428 1516 4493 τὴν
1543 4420 1775 4493 σελήνην
1804 4438 1899 4473 πε-

327 4519 630 4590 πυρωμένα
673 4519 814 4588 νέφη
856 4516 1057 4586 ἔφησεν
1114 4511 1254 4568 εῖναι
1288 4554 1304 4580 ,
1349 4514 1502 4568 ἀλλοι
1537 4512 1595 4566 δὲ
1630 4510 1892 4582 μύδρονῆ

1996 3895 2231 3950 quorum
2258 3880 2489 3934 ﬂammis
2526 3880 2813 3935 exstinctis
2846 3882 3314 3935 animadvertatur
3331 3896 3450 3938 esse
3473 3900 3567 3938 na-

2001 3982 2176 4025 turam
2209 3972 2449 4025 siderum
2482 3970 2775 4037 lapideam.
2812 3973 2963 4026 Hauc
3001 3972 3068 4025 ad
3094 3988 3206 4025 rem
3241 3972 3568 4028 confirman-

2003 4062 2129 4117 dam
2161 4061 2482 4116 testimonio
2508 4060 2713 4130 delapsi
2738 4063 3012 4130 quondam
3041 4062 3106 4116 ad
3135 4063 3323 4131 Capra:
3344 4064 3566 4119 ﬂumina

1998 4152 2124 4223 (loci
2158 4167 2358 4206 nomen
2394 4152 2497 4205 hoc
2528 4152 2633 4221 est)
2665 4152 2864 4220 lapidis
2896 4152 3187 4208 candentis
3218 4156 3411 4210 utitur.
3471 4156 3567 4211 Sc-

1998 4243 2237 4297 cundum
2269 4242 2372 4296 hos
2402 4240 2807 4296 Anaximander
2839 4241 3020 4296 sidera
3051 4243 3223 4297 voluit
3267 4259 3390 4299 esse
3417 4261 3568 4299 com-

1999 4348 2165 4405 pages
2194 4332 2457 4402 quasdam
2489 4346 2701 4395 aereas,
2742 4332 2867 4401 igne
2892 4332 3144 4397 refertas,
3178 4350 3299 4403 qua:
3331 4347 3464 4390 rota:
3512 4339 3567 4391 in

1997 4440 2205 4480 morem
2231 4434 2526 4493 compactaa
2584 4439 2653 4478 ex
2678 4423 2885 4479 osculis
2946 4425 3276 4493 quibusdam
3323 4426 3569 4481 ﬂammas

2001 4524 2282 4570 evomant.
2342 4512 2710 4581 XenOphanes
2754 4526 2885 4567 vero
2920 4512 3090 4567 solem
3124 4528 3189 4567 ac
3234 4514 3421 4568 lunam
3449 4532 3567 4570 esse

326 4614 526 4681 πέτρον
556 4611 821 4679 διάπυρον
870 4608 1057 4675 ελεγον
1105 4603 1268 4659 εἶναι.
1299 4605 1555 4668 Φιλόλαος
1593 4604 1650 4657 δέ
1684 4601 1896 4671 ὑλοειδῆ
1929 4674 1963 4681 Α

1929 4674 1963 4681 Α
1998 4607 2173 4662 nubes
2206 4606 2407 4676 ignitas
2431 4605 2592 4669 dixit,
2646 4604 2770 4659 aliis
2809 4603 3121 4660 volentibus
3169 4621 3289 4661 esse
3343 4607 3563 4677 globum

323 4674 519 4756 τοῦτον
566 4674 896 4768 ἐφιλοσόφει,
924 4674 1219 4767 δεχόμενον
1263 4698 1360 4766 μὲν
1382 4694 1477 4748 τοῦ
1510 4697 1567 4747 ἐν
1598 4693 1675 4765 τῷ
1707 4691 1896 4761 κόσμῳ
1929 4674 1972 4731 ι)

1929 4674 1972 4731 D
2002 4674 2250 4753 ferreum
2267 4698 2591 4753 candentem
2635 4698 2719 4751 vel
2766 4713 2955 4752 saxum
3002 4699 3275 4767 quoddam
3314 4674 3567 4770 ignitum.

327 4791 503 4859 πυρὸς
555 4790 657 4857 τὴν
709 4786 1057 4853 ἀνταύγειαν,
1114 4784 1399 4854 διηθοῦντα
1451 4783 1509 4837 δὲ
1564 4783 1697 4853 πρὸς
1726 4781 1895 4851 ἡμᾶς.

1997 4791 2275 4846 Philolaus
2301 4790 2470 4844 solem
2492 4788 2846 4845 existimabat
2866 4804 2987 4845 esse
3034 4789 3177 4845 vitro
3198 4793 3564 4859 consimilem,

328 4882 441 4935 Καὶ
477 4881 651 4933 ταῦτα
707 4879 806 4948 μὲν
848 4880 899 4931 oi
934 4879 1091 4947 σοφοὶ
1127 4876 1196 4929 τά
1230 4876 1437 4946 μάταια
1492 4876 1621 4944 περὶ
1662 4872 1761 4943 τῆς
1794 4872 1900 4926 τῶν

1998 4882 2147 4952 quod
2178 4880 2531 4952 splendorem
2567 4880 2713 4951 ignis
2740 4879 3005 4935 mundani
3039 4880 3107 4935 ad
3135 4897 3194 4936 se
3219 4882 3459 4936 delatum
3485 4900 3571 4937 re-

326 4973 574 5041 ἀστέρων
626 4970 935 5040 ἐφρόνησαν
987 4967 1225 5037 φύσεωςο
1258 4966 1349 5019 τὸν
1400 4966 1509 5037 γάρ
1548 4963 1778 5034 ποιητὴν
1805 4962 1902 5015 αὑ·

2001 4972 2168 5041 cipiat
2198 4980 2255 5027 et
2281 4972 2437 5041 quasi
2462 4970 2805 5041 percolatum
2844 4970 2912 5025 ad
2944 4986 3043 5026 nos
3067 4974 3422 5027 transmittat.
3478 4974 3570 5029 liae

325 5066 438 5119 τῶν
472 5063 803 5132 ἠγνοηκότες
834 5062 966 5114 Θεὸν
995 5061 1175 5114 αἰτίαν
1212 5060 1460 5129 ἔμφρονα
1497 5058 1596 5129 τῆς
1630 5056 1738 5110 τῶν
1767 5055 1902 5109 ὅλων

2002 5063 2316 5134 sapientum
2351 5062 2595 5128 illorum,
2623 5078 2777 5133 vanae
2804 5062 3072 5131 profecto,
3133 5065 3202 5118 de
3238 5074 3434 5119 natura
3496 5066 3571 5119 si-

297 5157 605 5223 Δγενέσεως
661 5154 990 5223 προεστάναι
1025 5152 1084 5204 οὐ
1120 5151 1525 5221 συνεχώρησαν.
1580 5147 1771 5203 Ἔνθεν
1818 5165 1898 5202 τοι

331 5250 428 5300 καὶ
458 5246 889 5315 ἀποκλαιόμενος
918 5244 1115 5305 αὐτοὺς
1145 5247 1171 5297 ό
1203 5244 1378 5312 μέγας
1414 5241 1692 5303 Βασίλειος
1725 5257 1899 5293 κατα-

330 5342 587 5411 κριθῆναι
619 5340 769 5407 λέγει
800 5340 892 5393 καὶ
928 5338 1091 5391 πλέον
1124 5337 1232 5389 τῶν
1264 5335 1436 5389 ἄλλων
1490 5336 1544 5385 ἐν
1589 5336 1772 5405 ἡμέρᾳ
1803 5334 1900 5403 τῆς

332 5433 570 5501 κρίσεως
598 5432 699 5500 t7),
742 5432 824 5483 ὅτι
877 5430 1050 5492 οὕτως
1107 5429 1199 5494 ὀξὺ
1244 5426 1379 5496 πρὸς
1412 5426 1478 5478 τὰ
1537 5428 1741 5495 μάταια
1778 5428 1901 5496 βλέ-

408 5588 448 5618 ²¹
481 5587 637 5640 llum.
680 5602 717 5648 ι,
749 5585 841 5638 9.2.

2005 5156 2198 5213 derum
2225 5154 2514 5211 sententia:
2542 5153 2787 5210 fuerunt.
2815 5155 2950 5209 Nam
2972 5170 3095 5209 cum
3118 5165 3397 5210 auctorem
3426 5157 3573 5225 ipso-

2006 5264 2129 5303 rum
2159 5248 2328 5302 Deum
2363 5247 2702 5318 ignorarent,
2743 5247 2970 5302 minime
3034 5249 3411 5304 concedebant
3442 5264 3574 5303 cau-

2006 5353 2120 5393 sam
2145 5338 2438 5407 quamdam
2465 5337 2694 5392 rationis
2718 5347 2773 5392 ct
2800 5337 3110 5408 prudentiae
3134 5339 3454 5409 participem
3486 5351 3576 5391 or-

2014 5429 2094 5483 tui
2127 5444 2308 5484 rerum
2340 5443 2462 5483 esse
2486 5428 2913 5499 prmliciendam.
2976 5431 3097 5497 Quo
3129 5432 3186 5487 llt
3243 5441 3302 5485 ut
3339 5428 3539 5486 Basiliu
3566 5462 3571 5473 ι

410 5762 483 5816 (Ἰ)
524 5760 585 5812 '0
624 5756 689 5809 δὲ
751 5755 1215 5822 Ἀναξίμανδρος
1246 5793 1258 5807 .
1288 5791 1303 5807 .
1346 5790 1362 5805 .
1392 5790 1407 5807 .
1439 5791 1453 5807 .
1514 5754 1781 5822 κρίσεως.
1825 5754 1901 5808 Ex
1946 5756 2004 5813 V.
2033 5769 2086 5811 et
2127 5757 2185 5811 Ρ.
