4214 6442
253 416 322 478 65
1524 398 1920 468 ANNALIUM
1964 405 2154 467 PARS
2198 404 2245 465 Ι.

251 527 312 577 ού
357 525 530 594 μέγας
572 526 599 576 ὁ
636 524 806 594 ἥλιος,
843 522 956 590 είγε
1016 520 1109 574 καὶ
1160 520 1256 589 τῆς
1289 518 1388 587 γῆς
1428 520 1593 584 αὐτῆς
1628 517 1824 568 πολλα.
1860 524 1898 578 Α

1860 524 1898 578 Α
1930 515 2220 585 superﬁcie
2251 514 2414 568 maris
2448 529 2481 566 ιι
2507 521 2660 568 .tant.
2719 512 2938 567 Crcavit
2988 525 3116 580 ergo
3157 511 3299 562 Deus
3327 509 3491 560 lumi~

252 618 498 670 πλασίων
533 617 650 668 ἐστί
678 635 692 682 ;
743 615 838 668 καὶ
869 613 978 683 γὰρ
1007 614 1054 664 εί
1089 611 1163 682 μὴ
1196 611 1356 664 τοῦτο
1382 612 1695 679 ἐτύγχανεν,
1721 611 1821 661 οὐκ

254 709 323 761 ἂν
358 708 690 777 ὑπερφανεὶς
739 706 833 758 τοῦ
877 705 1152 775 ὁρίζοντος
1198 704 1264 772 τῇ
1297 701 1475 769 οἰκεῖα
1517 698 1818 768 τηνικαῦτα

253 801 480 871 δυνάμει
513 798 949 870 συμπεριείληφε
981 795 1289 865 ξύμπαντα.

323 1066 486 1133 Μέγα
520 1065 638 1132 μὲν.
690 1062 767 1124 ὠς
811 1061 1176 1132 προείρηται,
1207 1061 1300 1111 καὶ
1348 1058 1408 1110 τὸ
1456 1058 1550 1126 τῆς
1591 1057 1819 1126 σελήνης

258 1157 440 1226 σῶμα,
478 1157 569 1206 καὶ
602 1151 897 1221 φανότατόν
950 1167 1011 1216 γε
1065 1149 1204 1218 μετὰ
1251 1148 1340 1201 τὸν
1394 1149 1566 1218 ἥλιον.
1605 1148 1667 1200 Εἰ
1712 1147 1820 1216 γὰρ

258 1251 353 1300 καὶ
391 1246 465 1316 μὴ
513 1244 689 1298 διόλου
723 1245 784 1296 τὸ
820 1243 934 1312 φῶς
978 1241 1150 1311 αὐτῆς
1197 1240 1596 1309 ἀμετακίνητον
1646 1239 1821 1307 μένει,

255 1337 533 1412 ἀλλὰκαὶ
580 1334 741 1386 τοῦτο
789 1335 1033 1404 ἀρρήτου
1076 1333 1270 1400 σοφίας
1330 1330 1424 1382 τοῦ
1487 1328 1822 1401 δημιουργοῦ

258 1435 500 1494 πάντων,
541 1429 681 1483 ὥστε
726 1429 803 1497 τῷ
834 1426 978 1480 κατὰ
1025 1426 1122 1494 τὴν
1171 1423 1399 1493 σελήνην
1441 1423 1673 1490 Θεάματι
1704 1437 1828 1472 παι-

257 1522 512 1575 δεύεσθαι
549 1521 699 1590 ἡμᾶς
729 1522 796 1572 τὰ
825 1520 1072 1587 ἡμέτερα
1109 1516 1165 1567 δὲ
1214 1517 1309 1568 καὶ
1339 1515 1436 1583 τῆς
1464 1512 1687 1581 ταχείας
1716 1511 1824 1564 τῶν

258 1612 620 1684 ἀνθρωπίνων
659 1608 999 1678 περιτροπῆς
1047 1605 1294 1657 ἐντεῦθεν
1353 1604 1433 1666 είς
1480 1604 1689 1655 ἔννοιαν
1731 1600 1826 1670 έρ-

261 1703 474 1773 χεσθαι.
519 1698 686 1771 Οῐμαι
723 1700 781 1752 δὲ
827 1699 920 1752 καὶ
968 1700 1034 1766 τῇ
1059 1697 1168 1748 τῶν
1198 1697 1351 1758 ζώων
1391 1694 1703 1770 κατασκευῇ
1735 1692 1828 1744 καλ⁴

261 1797 374 1856 τοῖς
434 1795 644 1855 λοιποῖς
695 1792 808 1853 τοῖς
846 1789 954 1842 ἀπὸ
1007 1788 1109 1858 γῆς
1174 1788 1465 1855 φυομένοις
1515 1785 1588 1854 μὴ
1625 1784 1827 1854 μικρὰν

1932 608 2081 659 naria
2114 621 2327 676 magna.
2363 605 2429 659 Et
2457 621 2563 674 quo
2593 613 2750 670 pacto
2775 604 2853 657 sol
2882 618 2989 655 non
3025 617 3250 670 magnus
3289 601 3376 658 sit,
3443 602 3485 648 si

1930 696 2153 764 quidem
2213 710 2337 749 eum
2399 695 2584 748 multis
2651 705 2797 749 terra
2855 691 3102 759 partibus
3151 704 3270 744 esse
3328 689 3493 757 majo-

1933 797 2047 834 rem
2090 782 2340 836 Constat?
2396 797 2520 834 nam
2557 781 2764 849 absque
2798 780 2890 833 illo
2947 779 3108 844 foret,
3175 793 3281 831 non
3334 792 3494 845 supra

1932 875 2200 928 circulum
2239 874 2513 928 ﬁnitorem
2539 881 2867 941 conspectus
2897 873 2948 925 vi
2978 883 3074 923 sua
3114 877 3309 924 cuncta
3347 883 3496 923 com—

1934 967 2293 1035 pit-eteretur.

2005 1055 2196 1111 Itidem
2229 1067 2287 1111 ut
2318 1058 2480 1111 modo
2520 1057 2919 1118 iudicabamus,
2951 1055 3094 1108 lunae
3128 1067 3347 1121 quoque
3379 1065 3501 1103 cor-

1935 1165 2039 1218 pus
2077 1150 2268 1218 ingens
2299 1160 2381 1204 est
2412 1165 2474 1204 ac
2509 1150 2813 1203 secundum
2853 1149 3024 1201 solem
3069 1145 3500 1199 lucidissimum.

1933 1240 2068 1295 Nam
2099 1241 2244 1309 quod
2273 1241 2367 1295 lux
2399 1241 2519 1310 ejus
2556 1255 2664 1293 non
2700 1254 2927 1309 prorsus
2980 1237 3277 1292 immobilis
3309 1245 3410 1294 est,
3448 1233 3499 1286 id

1935 1347 2067 1387 vero
2095 1331 2164 1387 ad
2189 1334 2512 1402 sapientiam
2537 1333 2683 1385 illam
2715 1347 2894 1385 rerum
2920 1329 3134 1398 Opificis
3167 1326 3500 1382 ineffabilem

1935 1424 2128 1478 referri
2163 1424 2347 1478 debet.
2382 1423 2642 1492 Adeoque
2688 1423 2870 1476 lunam
2922 1422 3290 1488 inspectantes
3316 1417 3385 1469 de
3421 1431 3509 1469 rc-

1937 1531 2058 1568 rum
2083 1525 2391 1569 nostrarum
2419 1523 2561 1568 statu
2592 1525 2648 1569 et
2677 1515 2991 1568 conditione
3026 1525 3126 1564 nos
3149 1510 3357 1564 erudiri
3390 1509 3501 1562 sci-

1936 1618 2114 1668 amus,
2141 1615 2201 1658 ut
2228 1604 2358 1658 hinc
2384 1605 2580 1658 moniti
2611 1604 2677 1658 de
2710 1603 2880 1659 celeri
2912 1617 3094 1656 rerum
3134 1601 3502 1654 humanarum

1939 1696 2231 1750 eversione
2263 1696 2587 1766 cogitemus.
2622 1697 2943 1762 Quanquam
2980 1705 3239 1764 prmterea
3271 1709 3376 1745 non
3412 1708 3507 1760 pa-

1938 1801 2060 1840 rum
2086 1789 2346 1856 prodesse
2371 1788 2726 1842 mutationem
2754 1788 2903 1841 illam
2929 1787 3070 1840 luna:
3097 1795 3202 1840 tam
3233 1785 3370 1854 ipsis
3388 1785 3508 1836 ani-

264 1886 537 1956 ὑπάρχειν
585 1883 649 1935 έκ
681 1881 782 1950 τῆς
820 1882 963 1934 κατὰ
999 1879 1095 1948 τὴν
1133 1878 1361 1948 σελήνην
1401 1875 1705 1945 μεταϐολῆς
1735 1875 1833 1946 τὴν
1861 1862 1910 1923 Β

1861 1862 1910 1923 Β
1939 1877 2220 1930 mantibus
2249 1892 2413 1945 quam
2442 1879 2657 1931 ceteris
2689 1891 2719 1931 e
2763 1885 2910 1931 terra
2961 1876 3314 1930 nascentibus
3345 1876 3505 1928 rebus

265 1977 595 2032 συντέλειανο
627 1974 800 2037 ἄλλως
831 1974 940 2042 γὰρ
975 1968 1271 2027 διατίθεται
1308 1971 1633 2040 μειουμένης
1665 1967 1833 2038 αὐτῆς

265 2070 361 2122 καὶ
389 2067 566 2129 ἄλλως
592 2066 896 2136 αὐξομένης
940 2064 1009 2118 τὰ
1055 2065 1310 2130 σώματα,
1350 2061 1443 2114 νῦν
1489 2061 1587 2130 μὲν
1639 2059 1836 2130 ληγού-

270 2178 370 2231 σης
409 2159 580 2231 ἀραιὰ
609 2157 872 2226 γινόμενα
903 2155 996 2208 καὶ
1021 2153 1174 2216 κενὰ,
1198 2153 1292 2205 νῦν
1321 2153 1376 2205 δὲ
1406 2151 1709 2219 αὐξομένης
1744 2151 1837 2204 καὶ

270 2251 405 2321 πρὸς
435 2249 498 2303 τὸ
542 2249 750 2318 πλῆρες
783 2248 1128 2316 ὲπαγομένης
1180 2246 1275 2297 καὶ
1307 2245 1446 2299 αὐτὰ
1497 2242 1659 2297 πάλιν
1704 2244 1837 2296 ἀνα-

267 2343 648 2416 πληρούμενα,
679 2342 818 2395 διότι
849 2338 1127 2410 ύγρότητά
1157 2355 1276 2391 τινα
1304 2337 1604 2407 θερμότητι
1637 2350 1842 2404 κεκρα-

272 2439 441 2509 μένην
490 2436 582 2489 ἐπὶ
631 2433 692 2488 τὸ
743 2432 904 2502 βάθος
967 2430 1244 2500 φθάνουσα
1288 2427 1590 2498 λεληθότως
1643 2425 1838 2495 ἐνίησι.

270 2527 504 2598 Δτελοῦσι
533 2527 587 2580 δὲ
616 2525 774 2578 τοῦτο
815 2524 906 2577 καὶ
933 2524 985 2575 οί
1025 2520 1376 2583 καθεύδοντες
1404 2518 1502 2588 τῆς
1550 2516 1655 2570 ὑπὸ
1689 2516 1841 2587 σελη-

270 2640 370 2692 νης
400 2621 698 2691 ὑγρότητος
736 2615 1007 2688 περισσῆς
1035 2615 1136 2678 τὰς
1181 2615 1282 2680 τῆς
1324 2610 1562 2692 κεφαλῆς
1598 2609 1842 2679 εὐρυχω-

279 2717 402 2784 ρίας
457 2709 849 2781 πληρούμενοι,
881 2706 963 2759 ἔτι
1009 2706 1067 2758 δὲ
1108 2704 1178 2758 τὰ
1213 2700 1493 2771 νεοσφαγῆ
1520 2700 1630 2754 τῶν
1667 2699 1842 2768 κρεῶν

271 2807 343 2874 τῇ
380 2801 654 2872 προσδολῇ
699 2798 798 2867 τῆς
828 2798 1058 2866 σελήνης
1090 2794 1298 2864 ταχέως
1327 2793 1659 2862 τρεπόμενα.
1687 2790 1844 2842 Κατὰ

276 2893 441 2946 τοῦτο
471 2893 570 2944 καὶ
613 2890 698 2960 ἐφ’
727 2889 974 2958 ἅρματος
1007 2886 1176 2956 αὐτὴν
1204 2888 1298 2938 καὶ
1325 2884 1419 2939 δύο
1445 2884 1665 2953 ταύρων
1693 2880 1846 2935 καθί-

188 3046 190 3049 ,
275 2985 465 3048 ζουσιν
507 2983 582 3047 ὡς
617 2982 936 3036 κυκλοῦσαν¹
970 2980 1062 3032 τὸν
1088 2977 1317 3045 κόσμον
1363 2976 1459 3028 καὶ
1503 2973 1844 3044 ἁροτριῶσαν

275 3078 374 3130 καὶ
403 3073 754 3146 σπείρουσαν,
802 3070 1174 3143 ὑγραίνουσάν
1201 3085 1262 3121 τε
1292 3069 1390 3123 καὶ
1419 3069 1843 3137 θερμαίνουσαν.

277 3167 470 3223 Ταῦτα
495 3166 552 3220 δὲ
577 3167 758 3222 πάντα
780 3165 881 3217 οὐκ
916 3163 982 3216 ἂν
1012 3161 1274 3231 ἐξήρκεσε
1302 3159 1600 3269 τῇὶέαυτῆς
1625 3155 1850 3269 inani;-
1872 3203 1920 3269 Ω

279 3276 364 3313 σει
397 3257 796 3329 συμμεθιστᾷν,
824 3256 872 3308 εί
915 3253 991 3324 μή
1037 3270 1100 3322 γε
1155 3251 1296 3336 κατὰ
1342 3249 1443 3320 τὴν
1484 3248 1586 3317 τῆς
1627 3247 1851 3318 Γραφῆς

283 3348 594 3419 μαρτυρίαν
629 3346 916 3416 ὑπερφυής
959 3360 1041 3405 τις
1086 3340 1356 3410 ἐτύγχανε
1401 3342 1468 3408 τῇ
1516 3338 1742 3407 δυνάμει
1794 3353 1853 3389 τε

282 3439 648 3509 ὑπερέχουσα.
673 3436 830 3491 Οὕτω
854 3440 953 3506 μὲν
981 3433 1075 3489 οὖν
1099 3435 1163 3487 ἑκ
1194 3434 1293 3501 τῆς
1322 3431 1499 3493 αίτίας
1526 3430 1727 3499 ταύτης
1761 3430 1856 3482 καὶ

281 3532 352 3585 τὰ
384 3532 527 3584 κατὰ
557 3529 649 3583 τὸν
687 3529 828 3599 ἀέρα
859 3528 1007 3597 πάθη
1032 3525 1401 3588 συνίστανται,
1431 3523 1506 3585 ὡς
1544 3519 1857 3592 μαρτυροῦ-

285 3640 371 3676 σιν
403 3623 534 3692 ἡμῖν
582 3621 642 3675 αἱ
688 3621 828 3674 κατὰ
852 3619 952 3688 τῆν
991 3617 1292 3687 νουμηνίαν
1328 3613 1592 3676 πολλάκις
1619 3613 1730 3666 ἀπὸ
1759 3629 1858 3680 γαω

281 3715 456 3785 λῆνης
500 3713 594 3767 καὶ
639 3711 901 3783 νηνεμίας
952 3708 1206 3779 αίφνίδιοι
1253 3705 1492 3778 ταραχαὶ
1521 3703 1628 3757 τῶν
1675 3702 1852 3772 νεφῶν

284 3805 665 3873 κλονουμένων
707 3796 804 3858 καὶ
851 3801 1277 3871 συμπιπτόντων
1306 3796 1580 3867 ἀλλήλοις,
1628 3793 1686 3846 ai
1722 3793 1852 3862 περὶ

283 3897 415 3961 τοὺς
462 3897 722 3966 εὑρίπους
754 3910 814 3948 τε
845 3893 1187 3964 παλίῤῥοιαι,
1216 3891 1313 3944 καὶ
1353 3890 1386 3958 ὴ
1420 3887 1548 3957 περὶ
1575 3886 1666 3939 τὸν
1704 3884 1856 3951 λεγό-

290 4006 454 4060 μενον
500 3986 753 4041 Ὠκεανὸν
803 3985 1097 4055 ἄμπωτις,
1149 3983 1216 4053 ῆν
1261 3981 1381 4043 ταῖς
1435 3977 1704 4048 περιόδοις
1757 3977 1857 4047 τῆς

288 4082 526 4150 σελήνης
556 4077 907 4148 τεταγμένως
955 4073 1230 4145 ἑπομένην
1278 4069 1499 4141 ἐξεῦρον
1533 4070 1582 4123 οί
1625 4085 1856 4139 προσοι-

288 4171 536 4233 κοῦντες.
570 4169 760 4225 Ταῦτα
795 4168 897 4240 μὲν
948 4167 1041 4221 οὖν
1081 4165 1178 4219 καὶ
1223 4167 1251 4218 ό
1295 4164 1466 4234 μέγας
1497 4160 1857 4230 διαλαμϐάνει

288 4262 593 4324 Βασίλειος,
628 4258 910 4322 ἀποδεῖξαι
943 4255 1114 4309 θέλων
1158 4252 1267 4307 τῶν
1311 4250 1619 4321 φωστήρων
1647 4247 1857 4300 τούτων

293 4353 348 4405 τὸ
391 4351 638 4422 μέγεθος.

1943 1966 2199 2036 equidem
2231 1968 2491 2024 arbitror.
2518 1968 2652 2022 Nam
2684 1968 2845 2022 aliter
2892 1969 3103 2024 adiecta
3132 1977 3508 2036 suntcorpora

1946 2058 2070 2111 luna
2110 2057 2392 2112 deminuta
2428 2072 2592 2128 quam
2648 2074 2771 2113 esse
2826 2061 3041 2114 soleant
3092 2059 3285 2116 eadem
3349 2075 3509 2129 auge-

1944 2155 2154 2200 scente.
2189 2146 2399 2216 Quippe
2442 2163 2565 2201 cum
2618 2148 2803 2203 deﬁcit
2848 2165 2912 2204 ac
2961 2150 3332 2212 imminuitur,
3388 2150 3506 2201 laxa

1944 2247 2075 2292 sunt
2099 2247 2265 2307 atque
2297 2254 2467 2294 vacua
2505 2257 2519 2294 :
2557 2254 2681 2294 cum
2712 2241 2958 2310 augescit
3001 2251 3057 2296 et
3103 2243 3169 2295 ad
3218 2240 3516 2312 plenitudi-

1943 2343 2070 2382 nem
2101 2345 2254 2383 suam
2285 2339 2565 2400 preperat,
2610 2345 2841 2402 corpora
2887 2347 3107 2401 quoque
3159 2348 3378 2387 rursum
3426 2347 3512 2386 re-

1943 2421 2085 2492 pleri
2113 2421 2403 2488 videmus;
2461 2423 2628 2493 idque
2661 2437 2960 2496 propterea
3012 2404 3160 2496 quod
3219 2426 3509 2480 humorem

1944 2513 2237 2583 quemdam
2263 2529 2388 2568 cum
2418 2516 2601 2570 calore
2630 2526 2997 2586 temperatum
3022 2526 3077 2572 et
3107 2517 3174 2572 ad
3204 2517 3311 2572 ima
3336 2533 3511 2587 usque

1945 2605 2312 2675 pertinentem
2378 2609 2540 2677 quasi
2616 2609 2783 2663 tacite
2837 2610 3166 2681 corporibus
3231 2612 3512 2665 immittat.

1946 2697 2324 2754 Animadverti
2351 2698 2457 2754 hoc
2501 2699 2569 2755 de
2601 2700 2669 2755 iis
2699 2715 2918 2770 quoque
2950 2712 3149 2766 potest,
3193 2704 3288 2772 qui
3333 2706 3398 2757 ad
3430 2705 3516 2756 lu—

1948 2802 2077 2842 nam
2106 2787 2446 2844 dormientes
2474 2790 2754 2858 superﬂuo
2806 2789 3038 2848 humore
3065 2793 3260 2862 capitis
3304 2797 3521 2864 capaci-

1950 2892 2118 2936 tatem
2142 2897 2360 2936 omnem
2393 2883 2594 2951 repleri
2630 2886 2896 2939 sentiunt.
2933 2886 3128 2940 Itidem
3182 2903 3376 2941 carnes
3430 2907 3516 2941 re-

1950 2987 2082 3028 cens
2111 2981 2476 3027 mactatorum
2504 2975 2828 3030 animalium
2863 2974 2928 3028 ad
2959 2977 3141 3030 lunam
3180 2981 3442 3047 expositae
3465 2991 3519 3031 et

1953 3061 2022 3116 ab
2050 3061 2170 3132 ejus
2198 3060 2368 3116 radiis
2397 3068 2614 3136 attacta;
2637 3063 2748 3117 cito
2773 3073 3060 3117 mutantur
3080 3081 3142 3119 ac
3173 3077 3519 3134 putrescunt.

1951 3146 2029 3208 Ea
2059 3152 2127 3208 de
2155 3167 2321 3206 causa
2350 3148 2537 3207 lunam
2562 3152 2615 3206 in
2645 3167 2834 3216 curru,
2869 3154 3086 3209 duobus
3123 3157 3294 3210 tauris
3322 3156 3521 3227 adjun-

1954 3241 2077 3308 ctis,
2109 3242 2403 3306 collocant,
2455 3252 2719 3312 tanquam
2766 3245 3031 3299 mundum
3076 3246 3226 3300 hunc
3277 3248 3528 3301 ambien-

1954 3340 2088 3398 tem,
2120 3345 2384 3400 arantem,
2421 3344 2723 3388 sementem
2759 3337 2813 3389 in
2847 3351 2914 3391 eo
2954 3336 3268 3402 facientem,
3331 3339 3524 3392 liume-

1955 3433 2194 3479 ctantem
2224 3433 2388 3494 atque
2425 3425 2856 3482 calefacientem.
2898 3429 3022 3484 Haec
3053 3432 3235 3484 omnia
3270 3447 3400 3486 vero
3430 3449 3524 3504 per

1956 3516 2393 3570 immutationem
2440 3516 2590 3570 illam
2636 3521 2888 3589 corporis
2941 3523 3025 3576 sui
3101 3522 3370 3591 perﬁcere
3433 3543 3528 3580 ne—

1956 3622 2228 3677 quaquam
2258 3617 2468 3677 posset,
2509 3610 2691 3664 sinon
2743 3612 2958 3667 eximia:
2991 3616 3278 3683 cujusdam
3313 3620 3528 3686 magni-

1963 3699 2184 3755 tudinis
2217 3699 2484 3771 singulari
2514 3718 2641 3757 cum
2675 3703 2730 3759 vi
2752 3713 2810 3759 et
2843 3704 3162 3762 eﬂicacitate
3195 3711 3523 3779 conjunctae,

1958 3790 2419 3859 Quemadmodum
2454 3801 2508 3849 et
2533 3785 2755 3849 Littera
2810 3811 2982 3851 sacra:
3014 3807 3304 3867 testantur,
3358 3813 3526 3856 esset.

1959 3881 2140 3952 Atque
2172 3882 2274 3938 hac
2301 3899 2434 3939 sane
2468 3884 2537 3940 de
2567 3901 2730 3941 causa
2761 3888 3018 3943 videmus
3053 3898 3109 3944 et
3140 3893 3286 3946 aeris
3315 3893 3527 3948 affecti-

1957 3987 2093 4028 ones
2144 3985 2324 4030 certas
2392 3977 2683 4041 exsistere,
2739 3982 3200 4047 quemadmodum
3249 3983 3528 4038 declarant

1957 4072 2162 4118 exortae
2188 4080 2571 4135 saapenumero
2603 4070 2870 4124 uovilunii
2911 4081 3163 4141 tempore
3200 4078 3281 4130 de
3312 4092 3529 4130 sntnma

1956 4157 2381 4224 tranquillitate,
2419 4167 2708 4214 ventorum
2739 4164 2984 4217 omnium
3018 4177 3264 4234 experte,
3308 4180 3526 4235 pertur-

1956 4247 2206 4303 bationes
2229 4252 2372 4305 aeris
2404 4253 2726 4320 repentinae,
2766 4257 3011 4310 nubibus
3035 4258 3177 4311 inter
3228 4273 3285 4311 se
3320 4260 3523 4312 collisis

1956 4341 2222 4410 qnasique
2246 4342 2692 4413 conﬂigentibus,
2721 4348 3000 4402 declarant
3062 4357 3116 4402 et
3140 4347 3314 4404 ﬂuxus
3345 4369 3405 4405 ac
3439 4370 3524 4405 re.

290 4447 468 4502 ﬂuxus
497 4457 762 4515 aquarum
799 4441 854 4497 in
883 4439 1111 4508 euripis,
1162 4436 1362 4504 illaque
1412 4434 1525 4504 ipsa
1557 4447 1678 4502 qua).
1743 4431 1804 4484 ﬁt
1867 4431 1924 4485 in
1956 4432 2173 4487 Oceano
2213 4435 2396 4504 (quem
2434 4437 2650 4507 vocant)
2711 4440 2878 4492 maris
2927 4442 3308 4509 reciprocatio,
3364 4461 3526 4512 qualn

289 4541 515 4610 quidem
572 4538 825 4592 homines
879 4533 1163 4589 littoribus
1218 4530 1445 4586 marinis
1500 4526 1717 4582 ﬁnitimi
1770 4541 1866 4596 per
1901 4537 2072 4583 statas
2106 4531 2257 4584 vices
2292 4531 2434 4585 lunae
2465 4532 2732 4588 circuitus
2793 4535 2897 4604 23
2962 4540 3116 4604 sequi
3150 4536 3533 4609 deprchende-

294 4643 445 4688 runt.
496 4630 773 4686 Hactenus
826 4643 949 4699 quae
1004 4627 1073 4682 de
1121 4625 1210 4680 bis
1275 4639 1503 4694 magnus
1539 4621 1628 4677 ille
1693 4621 1926 4678 Basilius
1966 4624 2283 4694 complexus
2327 4631 2432 4691 est,
2476 4626 2605 4680 dum
2663 4629 2861 4684 horum
2914 4632 3264 4685 luminarium
3325 4636 3536 4703 magni-

296 4729 543 4787 tudinem
577 4727 953 4782 demonstrare
981 4721 1194 4776 nititur.

369 4824 442 4878 Σὺ
473 4821 549 4887 δὲ,
588 4819 863 4889 ἀγαπητὲ,
917 4817 1054 4888 πρὸς
1098 4819 1209 4879 τοῖς
1251 4818 1560 4887 εἰρημένοις
1599 4814 1757 4868 τοῦτο
1785 4814 1868 4882 γί-
1898 4818 1943 4873 ι)

2042 4811 2218 4866 Debes
2249 4822 2453 4876 autem,
2485 4811 2683 4868 dilecte
2733 4815 2832 4882 fili,
2884 4829 3083 4889 praeter
3131 4823 3239 4892 jam
3298 4825 3534 4881 iudicata
3637 4867 3639 4870 ‹

295 4928 474 4970 νωσκε
494 4915 579 4966 ὅτι
602 4914 803 4974 πάντες
835 4910 933 4981 μιν
972 4912 1022 4962 οἱ
1054 4910 1233 4962 λοιποὶ
1264 4910 1493 4978 ἀστέρες
1531 4909 1656 4961 ἴδιον
1684 4907 1866 4978 ἔχουσι

295 5010 436 5077 φῶς,
469 5007 647 5057 έκεῖνο
685 5003 888 5073 δηλαδὴ
941 5001 1003 5054 τὸ
1052 5001 1283 5071 πρώτως
1327 5000 1729 5071 καταμερισθέν
1773 4999 1868 5050 καὶ

297 5102 451 5154 δοθὲν
477 5098 683 5160 αὐτοῖς,
720 5095 855 5164 μόνη
889 5093 947 5145 δὲ
997 5095 1031 5165 ἡ
1075 5091 1276 5161 σελήνη
1330 5092 1441 5159 φῶς
1493 5091 1552 5143 οὐ
1603 5089 1866 5159 κέκτηται

300 5194 454 5246 ῐδιον.
501 5190 563 5242 El
597 5189 705 5258 γὰρ
736 5187 833 5239 καλ⁸
872 5184 1091 5254 λέγουσί
1138 5201 1282 5246 τινες
1312 5183 1550 5253 ἀμυδρὸν
1598 5185 1690 5235 καὶ
1735 5181 1868 5233 ταύ-

297 5299 399 5352 την
427 5277 728 5347 κεκτῆσθαι
769 5273 908 5344 φῶς,
959 5271 1072 5325 ἀλλ’
1118 5273 1171 5323 al
1218 5269 1612 5339 αὑξομειώσεις
1651 5268 1866 5328 πάντως

298 5373 493 5441 αὐτῆς,
533 5371 590 5422 έν
620 5363 706 5431 αἷς
735 5364 1021 5435 μηνοειδὴς
1067 5365 1257 5434 ὁρᾶται
1290 5364 1382 5415 καὶ
1427 5361 1739 5430 πλησιφαὴς
1772 5361 1868 5412 καὶ

299 5466 670 5534 ἀμφίκυρτος,
707 5461 765 5524 ἐξ
801 5458 953 5530 ἡλίου
988 5455 1159 5527 ταύτῃ
1190 5455 1573 5525 προσγίνονται
1599 5455 1740 5507 κατὰ
1777 5454 1875 5525 τὴν

299 5561 464 5609 παιὰν
514 5554 695 5608 αὐτῶν
753 5549 1072 5621 συμπλοκὴν
1125 5550 1220 5600 καὶ
1262 5549 1567 5601 διάστασιν.
1624 5548 1876 5599 Μάνυπινε

299 5649 393 5702 οὖν
424 5651 507 5701 ὅτι
541 5645 655 5715 φῶς
684 5644 964 5712 ἀλλότριον
993 5642 1026 5711 ή
1061 5642 1259 5709 σελήνη
1292 5640 1556 5702 ἐνδύεται,
1580 5640 1674 5691 καὶ
1703 5642 1783 5691 ὅτι
1818 5641 1879 5690 τὸ

304 5745 470 5813 μέρος
519 5742 698 5792 ἐκεῖνο
747 5734 879 5804 παρ’
923 5734 1074 5804 ἡλίου
1128 5732 1419 5801 φωτίζεται
1466 5731 1493 5783 ὃ
1553 5733 1684 5800 πρὸς
1717 5733 1879 5784 αύτῖιν

303 5836 548 5898 νένευκε,
582 5828 828 5900 δηλονότι
858 5825 951 5880 τὸν
982 5826 1159 5896 ἥλιον.
1210 5825 1315 5875 Καὶ
1364 5824 1519 5893 δῆλον
1553 5824 1612 5873 ὲκ
1642 5824 1734 5891 τῆς
1774 5826 1872 5892 ἐμ-

572 5925 576 5927 “
639 5923 915 5981 Ρλτειοι.
946 5921 1061 5981 Gn.
1102 5915 1365 5979 (iLVlll.

1968 4903 2100 4955 illud
2132 4903 2297 4957 etiam
2319 4905 2780 4970 animadvertere,
2804 4917 2998 4962 caetera
3026 4911 3246 4979 quidem
3279 4916 3532 4968 universa

1969 4995 2150 5049 sidera
2186 5012 2345 5050 suum
2377 5012 2439 5050 ac
2474 4997 2748 5066 peculiare
2781 5000 3054 5068 quoddam
3087 5004 3289 5059 habere
3329 5007 3535 5069 lumen,

1967 5086 2035 5140 ab
2068 5087 2224 5140 initio
2258 5088 2468 5141 scilicet
2496 5089 2576 5142 eis
2601 5091 2959 5145 distributum
2997 5101 3160 5162 atque
3189 5095 3375 5150 datum
3403 5142 3416 5163 ,
3457 5102 3542 5152 lu-

1967 5191 2090 5228 nam
2125 5192 2259 5230 vero
2295 5177 2502 5233 lumine
2525 5181 2745 5247 pr0prio
2768 5181 3010 5234 destitui.
3042 5182 3362 5253 Quanquam
3389 5192 3533 5242 enim

1979 5267 2235 5322 nonnulli
2259 5269 2479 5322 tradant
2510 5271 2684 5339 ipsam
2734 5286 2952 5341 quoque
2996 5275 3180 5328 lumen
3240 5277 3536 5332 obscurum

1982 5360 2205 5420 habere,
2249 5369 2426 5414 tamen
2461 5363 2910 5416 exsistimandum
2977 5376 3062 5419 est
3123 5369 3347 5423 omnino
3408 5371 3547 5424 lucis

1975 5454 2336 5517 incrementa,
2367 5456 2568 5524 quibus
2601 5456 2659 5510 [it
2702 5466 2760 5511 ut
2797 5459 2883 5513 vel
2917 5463 2966 5512 in
2999 5473 3205 5514 cornua
3234 5462 3427 5516 falcata
3461 5467 3543 5517 vel

1977 5527 2140 5614 pleno
2170 5548 2526 5614 resplendens
2557 5549 2763 5602 lumine
2788 5551 2872 5604 vel
2903 5550 3189 5605 dimidiata
3223 5554 3393 5623 major
3418 5569 3550 5608 con-

1978 5639 2266 5707 Spiciatur,
2303 5639 2355 5692 in
2385 5655 2447 5693 ea
2497 5655 2594 5709 per
2652 5642 2822 5694 solem
2851 5641 3016 5703 efﬁci,
3069 5652 3231 5712 prout
3263 5646 3432 5707 .iuter
3491 5663 3549 5701 se

1978 5732 2411 5801 congrediuntur
2442 5744 2537 5786 aut
2565 5733 2980 5804 disjunguntur.
3032 5735 3240 5791 Lunam
3278 5737 3442 5808 igitur
3465 5739 3554 5792 lu-

1979 5839 2097 5877 eun
2127 5825 2361 5879 alienam
2405 5828 2554 5880 velut
2583 5826 2811 5883 induere
2842 5830 3006 5895 scias,
3056 5846 3287 5898 eamque
3334 5841 3551 5900 partem

3114 5926 3149 5983 3
