4214 6442
732 390 800 449 δτ
2006 390 2423 451 MICIIAELIS
2463 393 2721 463 GLYCAE:
3902 405 3970 469 ιε

730 500 900 567 ipsius
931 512 957 550 ο
993 498 1104 552 sole
1139 499 1444 552 coliustrari
1476 514 1592 567 qua:
1633 502 1733 554 Soli
1767 501 1999 555 obversa
2034 512 2137 556 est.
2172 500 2268 556 Pot

2399 504 2705 572 πιπτούσης
2752 505 2884 571 ἡμῖν
2934 505 3169 576 ἡλιακῆς
3201 506 3436 570 ἀκτῖνος.
3487 507 3686 560 Ἐνίοτε
3720 510 3826 580 γὰρ
3859 514 3975 564 ὲτέο

722 600 806 642 est
827 589 930 641 hoc.
957 604 1019 640 ex'
1058 588 1190 654 ipsis
1218 588 1281 641 ad
1309 604 1406 641 nos
1431 590 1816 644 delalientibus
1842 590 2007 643 radiis
2030 592 2160 643 solis
2180 591 2297 642 ani-

724 676 1015 731 madverti.
1047 677 1179 730 Nam
1215 678 1375 731 aliter
1406 688 1567 748 atque
1601 682 1758 733 aliter
1790 695 1887 749 pro
1932 680 2152 733 diverso
2188 693 2294 733 tam

721 771 829 823 situ
857 784 1018 839 quam
1051 778 1200 823 motu
1235 771 1368 824 solis
1398 769 1464 823 ab
1503 772 1586 825 eis
1623 787 1723 825 nos
1758 787 1977 842 quoque
2007 773 2297 827 collustra-

652 930 655 936 γ
719 879 865 916 mur.
897 862 1106 927 Quodsi
1140 864 1372 917 maxime
1395 864 1446 917 in
1481 865 1674 919 horum
1728 865 1972 920 siderum
2004 868 2152 921 coitu
2202 882 2296 921 no—

718 956 803 1010 his
830 956 1058 1011 obversa
1086 957 1335 1026 corporis
1366 957 1579 1011 lunaris
1615 974 1739 1027 pars
1768 960 1995 1014 omnino
2030 960 2171 1014 lucis
2200 975 2295 1015 ex—

716 1060 844 1113 pers
882 1047 1249 1115 conspicitur,
1291 1047 1652 1103 nihilominus
1689 1048 1938 1117 ejusdem
1970 1065 2095 1118 pars
2125 1065 2293 1119 supe-

716 1137 833 1189 rior
866 1136 1151 1207 solemque
1188 1147 1443 1207 spectans
1501 1138 1607 1192 hoe
1661 1139 1779 1208 ipso
1810 1150 2057 1208 tempore
2103 1140 2288 1194 lumen

717 1225 863 1279 illius
888 1227 1106 1297 recipit,
1144 1242 1252 1296 qua
1283 1228 1384 1282 soli
1419 1228 1634 1283 scilicet
1698 1240 1783 1283 est
1812 1228 2068 1284 obversa.
2138 1229 2290 1285 Licet

716 1319 820 1372 hoc
853 1328 908 1372 ct
938 1319 990 1372 in
1026 1319 1345 1387 pleniluniis
1379 1318 1829 1388 deprehendere;
1863 1322 2068 1389 quippe
2103 1320 2284 1373 lunam

714 1410 766 1462 id
804 1410 1071 1478 temporis
1103 1418 1217 1464 toto
1255 1425 1489 1480 corpore
1546 1426 1643 1464 suo
1705 1411 1975 1466 lucentem
2014 1411 2289 1479 conspici-

713 1517 856 1558 mus.
886 1501 961 1553 uti
1003 1516 1124 1571 quze
1152 1517 1218 1555 ex
1248 1501 1486 1556 adverso
1522 1501 1777 1556 collocati
1802 1501 1933 1555 solis
1960 1501 2144 1555 radios
2191 1517 2283 1555 ex-

710 1593 885 1659 eipit;
928 1607 1033 1661 qua
1064 1592 1129 1647 de
1163 1607 1326 1646 causa
1359 1607 1485 1662 pars
1546 1592 1695 1662 globi
1724 1592 1845 1660 ejus
1885 1592 2119 1660 reliqua,
2178 1592 2283 1646 sub

710 1685 1030 1752 adspeetum
1069 1693 1320 1738 nostrum
1357 1684 1500 1738 haud
1544 1684 1768 1747 cadens,
1810 1683 2069 1738 nimirum
2103 1692 2286 1753 poste-

711 1775 844 1838 rior,
878 1790 998 1830 esse
1031 1775 1173 1829 lucis
1199 1789 1395 1845 expers
1428 1775 1775 1845 intelligitur.

780 1889 905 1943 Haec
938 1890 1009 1944 ita
1039 1904 1097 1944 se
1128 1889 1350 1952 habere,
1388 1888 1682 1957 lunamque
1713 1889 1848 1942 adeo
1892 1888 2070 1943 lucem
2107 1905 2132 1943 a
2166 1889 2281 1943 sole

707 1984 866 2054 quasi
897 1982 1245 2037 eommodato
1277 1996 1496 2051 capere,
1537 1982 1604 2036 de
1636 1982 1767 2049 ipsis
1804 1982 1943 2036 lunae
1974 1982 2284 2038 defectibus

706 2076 1140 2130 animalvertere
1162 2075 1284 2145 quis
1311 2084 1506 2143 potest.
1532 2074 1587 2128 id
1611 2086 1790 2129 autem
1820 2075 1912 2143 qui
1942 2073 2049 2137 ﬁat,
2071 2076 2278 2142 accipe.

706 2166 846 2221 Sunt
888 2165 939 2218 id
985 2165 1248 2234 temporis
1295 2165 1409 2218 haec.
1451 2164 1740 2218 luminaria
1785 2164 1886 2217 sibi
1934 2180 2001 2218 ex
2049 2167 2280 2217 adverso

706 2269 912 2315 rectam
947 2259 1014 2313 ad
1049 2259 1246 2313 lineam
1292 2260 1563 2328 apposita,
1593 2268 1859 2328 ten-reque
1894 2273 2102 2327 ,corpus
2137 2257 2281 2311 inter

704 2364 769 2403 ea
817 2349 998 2403 medio
1026 2350 1181 2420 quasi
1231 2349 1353 2403 loco
1397 2350 1618 2418 pendet.
1662 2350 1848 2419 Itaque
1891 2349 2028 2404 radii
2076 2349 2282 2404 salares

704 2459 804 2512 pro
838 2457 988 2496 more
1028 2457 1131 2495 suo
1180 2451 1471 2510 penetrare
1508 2442 1726 2510 quidem
1766 2442 1842 2495 illi
1888 2449 2159 2497 conantur
2192 2441 2277 2495 lu-

706 2550 899 2605 meque
930 2533 1093 2603 globo
1141 2535 1489 2603 Splendorem
1532 2534 1797 2603 impertiri
1831 2552 1845 2588 :
1883 2550 2075 2590 verum
2118 2534 2281 2589 mini-

704 2642 791 2680 me
813 2625 877 2678 ad
906 2625 1057 2678 illum
1081 2626 1391 2695 pertingere
1416 2636 1645 2694 possunt
1670 2626 2275 2699 propterinterjeetum,

703 2731 803 2769 eeu
836 2715 1096 2777 diximus,
1121 2726 1277 2769 terrae
1301 2729 1523 2784 Corpus,
1555 2716 1698 2784 quod
1726 2715 1832 2769 iter
1862 2716 1995 2785 ipsis
2019 2714 2274 2770 obstruit.

702 2806 813 2860 Nec
843 2806 1085 2875 objicere
1109 2804 1269 2859 nobis
1293 2805 1396 2859 hoc
1423 2804 1544 2858 loco
1571 2805 1760 2869 debes,
1786 2806 2141 2875 quamobrem
2167 2821 2276 2860 non

704 2900 820 2963 ﬁat,
844 2898 1119 2967 siquidem
1155 2898 1226 2951 ita
1264 2913 1350 2952 res
1382 2910 1695 2966 comparata
1730 2898 1821 2962 sil,
1852 2899 1996 2953 lunae
2025 2899 2278 2955 defectus

703 2990 757 3044 in
785 2992 1031 3060 qualibet
1054 2991 1120 3044 ad
1155 3001 1357 3045 rectam
1385 2991 1584 3045 lineam
1616 2992 1983 3060 Oppositione.
2010 2995 2147 3048 Nam
2174 2994 2278 3051 hoc

697 3083 825 3136 loco
875 3099 983 3136 non
1039 3083 1176 3138 satis
1230 3081 1425 3137 idonee
1473 3084 1796 3153 responderi
1845 3084 1911 3139 ad
1966 3084 2021 3140 id
2074 3096 2273 3156 potest,

2403 607 2514 657 ρως
2546 592 2643 642 καὶ
2674 593 2865 646 ἄλλοτε
2901 595 3077 658 ἄλλως
3108 597 3200 648 ὑπ’
3222 598 3393 666 αὐτῆς
3426 597 3803 668 αὖγαζὸμεθα,
3835 604 3973 653 κατὰ

2398 682 2498 749 τὴν
2551 682 2645 734 τοῦ
2688 686 2841 752 ἡλίου
2902 677 3125 751 πάντως
3174 688 3326 741 θέσιν
3364 690 3459 743 καὶ
3494 692 3727 761 κίνησιν.
3769 694 3826 746 Ei
3865 696 3974 764 γὲρ

2396 769 2490 820 καὶ
2517 772 2659 823 κατά
2684 773 2774 826 τὸν
2802 773 2903 843 τῆς
2947 776 3170 841 συνόδου
3222 780 3414 850 καιρὸν
3438 779 3498 832 τὸ
3541 782 3675 850 πρὸς
3702 784 3853 852 ἡμᾶς
3879 785 3971 838 τοῦ

2399 860 2684 929 σεληναίου
2736 865 2987 933 σώματος
3022 866 3188 937 μέρος
3232 871 3408 938 πάντη
3469 871 3773 943 καθορᾶται
3817 876 3973 941 ἀφώ-

2392 964 2596 1016 τιστον,
2630 951 2762 1004 ἀλλά
2810 954 2871 1006 τὸ
2924 956 3197 1027 ἀνώτερον
3253 960 3432 1013 ἐκεῖνο
3486 964 3582 1014 καὶ
3627 962 3783 1017 νεῦον
3832 967 3972 1034 πρὸς

2391 1040 2542 1110 ἡλιον
2568 1044 2627 1095 ἐν
2650 1043 2727 1113 τῷ
2751 1046 2846 1112 τῆς
2888 1048 3104 1100 συνόδου
3135 1050 3312 1120 καιρῷ
3341 1052 3464 1104 κατ’
3495 1054 3675 1107 ἐκεῖνο
3709 1054 3771 1108 τὸ
3805 1057 3971 1125 μέρος

2390 1137 2606 1206 δέχεται
2647 1138 2741 1189 καὶ
2768 1137 2828 1189 τὸ
2856 1139 2970 1206 φῶς
2995 1139 3116 1191 καθ’
3155 1139 3184 1191 ὃ
3229 1142 3366 1209 πρὸς
3393 1142 3545 1212 ἥλιον
3576 1144 3781 1214 ἀφορᾷ.
3810 1145 3971 1198 Οὕτω

2395 1227 2495 1295 μὲν
2546 1223 2639 1281 οὖν
2688 1228 2784 1280 καὶ
2830 1232 2888 1281 ὲν
2942 1233 3057 1293 ταῖς
3094 1232 3454 1300 πανσελήνοις
3492 1235 3642 1287 ἔστιν
3679 1235 3827 1289 ἰδεῖν*
3854 1236 3971 1287 όλο-

2388 1318 2579 1389 λαμπῆ
2618 1320 2726 1390 γὰρ
2767 1320 2866 1390 τὴν
2897 1322 3129 1391 σελήνην
3155 1325 3456 1391 τηνικαῦτα
3484 1326 3706 1395 ὁρῶμεν
3740 1327 3834 1378 ἆτε
3866 1326 3967 1389 τὰς

2387 1410 2620 1479 ἡλιακὰς
2666 1413 2731 1464 ὲκ
2769 1412 3065 1482 διαμέτρου
3096 1414 3393 1484 δεχομένην
3418 1416 3616 1482 αὐγὰς,
3649 1417 3725 1478 ὡς
3776 1416 3964 1470 ἐντεῦ-

2388 1504 2478 1556 θεν
2507 1505 2567 1556 τὸ
2599 1503 2785 1557 λοιπὸν
2814 1506 2979 1575 μέρος
3007 1505 3102 1558 τοῦ
3146 1507 3358 1574 δίσκου,
3390 1509 3450 1561 τὸ
3477 1510 3681 1579 ἀφανὲς
3726 1510 3967 1579 δηλονότι

2386 1593 2481 1649 καὶ
2518 1593 2764 1662 ὄπισθεν,
2816 1598 3200 1653 κατανοεῖσθαι
3254 1598 3581 1669 ἀφώτιστον.

2460 1888 2583 1942 Ὅτι
2608 1889 2668 1943 δὲ
2695 1888 2865 1943 ταῦτα
2891 1888 3063 1953 οὕτως
3091 1889 3226 1959 ἔχει,
3255 1890 3348 1944 καὶ
3379 1892 3460 1968 ὅτι
3487 1889 3545 1957 ἐξ
3574 1890 3725 1962 ἡλίου
3759 1892 3817 1945 τὸ
3848 1891 3966 1961 φιῖος

2386 1983 2418 2051 ἡ
2457 1982 2655 2054 σελήνη
2693 1982 3021 2048 δανείζεται,
3055 1982 3244 2051 σαφῶς
3272 1985 3379 2055 ἀρα
3406 1984 3564 2038 τοῦτο
3598 1986 3744 2056 μάθῃ
3784 2003 3864 2047 τις
3898 1987 3964 2038 a.

2387 2073 2446 2138 ἐξ
2500 2073 2677 2126 αὐτῶν
2730 2074 2839 2127 τῶν
2884 2076 2983 2144 τῆς
3017 2074 3248 2147 σελήνης
3303 2076 3620 2145 ἐκλείψεων.
3665 2079 3775 2131 Καὶ
3815 2078 3957 2141 πῶς,

2384 2166 2573 2221 ἄκουε.
2605 2164 2762 2218 Κατά
2798 2165 3089 2235 διάμετρον
3125 2167 3176 2219 οῖ
3208 2166 3497 2236 φωστῆρες
3544 2169 3828 2237 ἑστήκασι,
3870 2186 3963 2237 με·

2383 2258 2518 2322 ταξὺ
2542 2257 2600 2311 δὲ
2630 2260 2840 2311 τούτων
2871 2259 3005 2312 αὐτὸ
3027 2261 3087 2312 τὸ
3133 2258 3294 2329 σῶμα
3322 2260 3423 2330 τῆς
3470 2259 3572 2329 γῆς
3601 2260 3956 2331 ἀπηὼρηται.

2382 2352 2449 2404 At
2480 2351 2705 2421 ἡλιακαὶ
2749 2350 2929 2404 τοίνυν
2961 2353 3186 2415 ἀκτῖνες
3209 2351 3421 2423 ὁρμῶσι
3460 2352 3558 2423 μὲν
3589 2355 3663 2417 ὡς
3696 2353 3815 2415 εθιης
3851 2353 3965 2405 δια-

2383 2441 2710 2513 6ι6ασοῆναι
2761 2443 2857 2497 καλ⁸
2892 2441 2971 2513 τῷ
3006 2443 3277 2514 σεληναίῳ
3320 2444 3491 2515 δίσκῳ
3525 2444 3835 2515 χορηγῆσαι
3862 2445 3963 2511 τὴν

2383 2534 2673 2604 ἑλλαμψιν,
2727 2536 2788 2587 οὐ
2846 2534 3110 2604 φθάνουσι
3141 2536 3198 2588 δὲ
3240 2537 3391 2608 ὅμως
3420 2537 3599 2590 ἐκεῖσε
3633 2535 3963 2590 καταλαϐεῖν

2383 2627 2478 2680 ἆτε
2506 2626 2569 2697 δὴ
2609 2625 3034 2697 μεσολαὸοὗντός
3074 2643 3191 2690 πως
3228 2628 3325 2681 καὶ
3366 2629 3829 2697 ἀντιφράττοντος
3859 2631 3956 2682 τοῦ

2381 2717 2479 2787 τῆς
2511 2718 2637 2786 γῆς.
2664 2717 2741 2781 ὡς
2775 2718 3026 2788 εἴπομεν,
3059 2717 3329 2789 σώματος.
3376 2718 3485 2772 Καὶ
3519 2720 3591 2789 μή
3623 2736 3715 2788 μοι
3735 2719 3860 2787 λέγε
3883 2719 3961 2782 ὡς

2382 2809 2497 2873 εἴτε
2523 2807 2697 2862 ταῦτα
2727 2808 2917 2862 τοῦτον
2970 2808 3084 2880 ἔχει
3114 2811 3204 2864 τὸν
3234 2811 3459 2881 τρόπον,
3502 2811 3589 2865 ἵνα
3636 2811 3687 2863 τί
3725 2812 3799 2881 μὴ
3832 2810 3959 2866 καθ’

2380 2900 2610 2952 ἕκαστον
2636 2899 2926 2970 διάμετρον
2968 2902 3000 2971 ἡ
3040 2901 3141 2971 τῆς
3172 2901 3403 2974 σελήνης
3431 2901 3675 2972 ἔκλειψις
3703 2903 3914 2971 γίνεται
3940 2919 3957 2965 ;

2379 2992 2500 3045 οὐδὲ
2527 2992 2633 3062 γὰρ
2661 2992 2982 3062 ἐπιτηδείως
3016 2992 3126 3064 ἔχω
3156 2995 3285 3065 περὶ
3308 2995 3503 3048 τούτου
3537 2995 3683 3050 κατὰ
3713 2994 3775 3047 τὸ
3811 3011 3871 3046 π.
3895 3011 3959 3063 ρ-

2378 3084 2437 3138 δν
2485 3085 2879 3155 ἀποκρίνεσθαί
2935 3101 3041 3139 σοι’
3080 3089 3175 3139 καὶ
3215 3085 3409 3140 τούτου
3441 3088 3630 3140 ἕνεκεν
3659 3086 3955 3154 σύγγνωθι.

701 3176 847 3244 quod
893 3178 1071 3246 ipsum
1105 3176 1243 3245 aequi
1281 3175 1521 3244 bonique
1556 3176 1743 3232 facies.
1779 3177 1993 3232 Etenim
2027 3179 2268 3234 homines

2384 3177 2445 3229 ΟΞ
2484 3177 2592 3244 γὰρ
2638 3178 2767 3248 περ)⁸
2821 3177 2891 3230 τὰ
2929 3176 3158 3231 τοιαῦτα
3209 3177 3580 3248 ἡσχολημένοι
3622 3177 3955 3244 συνδέσμους

702 3272 755 3323 in
791 3270 941 3323 hisee
972 3269 1276 3338 disciplinis
1306 3270 1590 3324 exercitati
1641 3269 1856 3325 tradunt
1896 3270 2069 3325 nodos
2110 3286 2276 3340 quos-

701 3365 824 3414 dam
850 3362 1132 3431 eclipticos
1159 3361 1260 3431 (sic
1281 3362 1426 3416 enim
1453 3362 1750 3431 appellant)
1780 3362 1830 3416 in
1862 3364 2272 3433 congreSsibus,

699 3452 793 3519 qui
842 3453 1128 3523 plenilunti
1166 3466 1410 3521 tempore
1450 3452 1607 3513 ﬁunt.
1648 3470 2042 3524 nonnunquam
2074 3462 2276 3525 permi-

698 3541 861 3603 sceri,
893 3554 1069 3608 eoque
1107 3540 1269 3594 modo
1303 3540 1433 3594 solis
1454 3556 1519 3594 ac
1557 3541 1701 3596 Iunce
1736 3543 1983 3597 defectus
2018 3562 2274 3600 necessa-

700 3634 781 3685 rio
830 3632 1101 3687 accidere.
1142 3632 1252 3686 Nec
1299 3633 1446 3687 enim
1499 3635 1673 3687 solum
1726 3652 1925 3706 corpus
1979 3639 2093 3692 site
2142 3640 2274 3693 solis

697 3725 811 3777 sive
841 3725 982 3777 luuze
1012 3724 1413 3793 appetitionem
1448 3726 1587 3779 hanc
1609 3727 1824 3782 ellicere
1860 3739 2058 3797 potest,
2086 3731 2130 3785 si
2163 3747 2270 3785 non

698 3817 899 3870 ibidem
930 3834 1149 3887 quoque
1186 3817 1365 3872 nodus
1393 3818 1501 3890 24
1533 3820 1758 3888 quidam
1793 3821 2081 3891 eclipticus
2113 3840 2271 3892 repe-

696 3911 892 3971 riuttzr,
928 3912 1002 3963 uti
1032 3911 1144 3978 jntn
1177 3910 1565 3965 indicavimus.

767 4023 829 4076 Et
861 4023 1080 4092 proprie
1116 4023 1243 4077 luna
1278 4024 1512 4078 deiicere
1543 4024 1787 4079 dicitur:
1825 4041 1930 4096 qua
1967 4027 2111 4081 enim
2146 4028 2269 4083 luce

693 4115 852 4168 Solari
884 4116 1075 4168 vestita
1105 4124 1208 4171 est.
1237 4131 1298 4169 ea
1327 4115 1395 4169 de
1425 4132 1588 4170 causa
1620 4128 2047 4173 commemorata
2077 4136 2270 4176 rursus

690 4209 915 4257 exuitur
950 4218 1113 4275 atque
1145 4206 1434 4275 spoliatur.
1473 4206 1527 4259 ln
1564 4207 1677 4261 sole
1710 4224 1817 4262 non
1847 4208 2144 4275 defectum,
2171 4212 2266 4266 sed

690 4301 1134 4353 obscurationem
1179 4301 1454 4368 appeliarc
1496 4300 1811 4355 didicimus.
1844 4300 1955 4355 Nec
1990 4304 2137 4355 enim
2176 4304 2267 4357 lux

689 4392 886 4444 saliuis
920 4408 1157 4459 unquam
1193 4391 1409 4454 delicit;
1450 4391 1544 4445 sed
1584 4392 1709 4460 quin
1745 4393 1921 4447 coitus
1957 4392 2153 4447 horum
2194 4396 2267 4449 si-

2376 3271 2527 3331 τινας
2591 3268 2970 3332 ἐκλειπτικοὺς
3031 3268 3173 3323 οὕτω
3254 3269 3628 3338 καλουμένους
3681 3269 3739 3319 ὲν
3834 3269 3956 3329 ταῖς

2379 3361 2926 3429 συνοδοπανσελήνοις
2967 3359 3028 3425 ἐξ
3072 3362 3318 3431 ἀνὰγκης
3348 3360 3765 3427 προσγίνεσθαι.
3818 3359 3956 3413 Οτζδὲ

2376 3455 2483 3521 γὰρ
2535 3453 2594 3504 τὸ
2648 3452 2806 3520 σῶμα
2863 3453 3024 3522 μόνον
3078 3452 3187 3504 εἴτε
3219 3454 3315 3522 τῆς
3348 3453 3597 3521 σελήνης,
3635 3452 3707 3515 ὡς
3737 3454 3827 3504 ἐπὶ
3860 3451 3953 3504 τοῦ

2376 3543 2553 3612 ἡλίου,
2583 3541 2694 3594 εἴτε
2724 3542 2824 3611 τῆς
2854 3542 2979 3612 γῆς,
3024 3541 3100 3604 ὼς
3131 3543 3225 3595 ἐπὶ
3257 3542 3355 3611 τῆς
3386 3541 3642 3611 σελήνης.
3680 3541 3953 3609 ἀντίφρα-

2378 3632 2458 3697 ξιν
2489 3632 2717 3701 ποιῆσαι
2765 3632 3024 3697 δύναται,
3056 3634 3106 3685 εί
3142 3635 3214 3703 μή
3252 3650 3356 3686 που
3400 3635 3498 3686 καὶ
3546 3632 3841 3703 σύνδεσμος
3868 3648 3954 3694 τις

2375 3725 2721 3787 ὲκλειπτικὸς
2751 3725 2934 3778 ἐκεῖσε
2986 3724 3261 3796 εὑρεθείη,
3293 3725 3369 3790 ὡς
3415 3724 3667 3794 ἄγονται.

2445 4014 2556 4068 Καὶ
2583 4016 2791 4084 κυρῖως
2824 4013 3067 4084 ἔκλειψις
3117 4016 3205 4069 ἐπ’
3261 4015 3435 4085 αὐτῆς
3482 4016 3549 4069 ἂν
3598 4018 3812 4085 λέγοιτο
3848 4018 3947 4088 τῆς

2375 4107 2627 4178 σελήνης·
2658 4107 2741 4159 ὄτι
2788 4108 2896 4174 γὰρ
2948 4108 3062 4173 φῶς
3104 4109 3332 4176 ἡλιακὸν
3366 4108 3756 4176 ἀμφιέννυται,
3788 4110 3948 4163 τοῦτο

2371 4202 2535 4253 πάλιν
2563 4197 2631 4250 δι’
2653 4198 2719 4268 ἣν
2742 4198 2919 4250 αἰτίαν
2943 4198 3191 4265 εἴπομεν,
3223 4196 3579 4251 ἀπεκδύεται.
3619 4198 3743 4250 ἐπὶ
3770 4199 3825 4251 δὲ
3853 4200 3945 4251 τοῦ

2370 4292 2520 4361 ἡλίου
2559 4308 2658 4344 ουκ
2690 4290 2953 4359 ἔκλειψιν,
3003 4289 3117 4341 ἀλλ’
3171 4291 3532 4343 ὲπισκότωσιν
3574 4290 3756 4358 λέγειν
3812 4292 3946 4360 ἐμὼ

2370 4385 2558 4452 οομεν.
2619 4384 2750 4435 Οὐδὲ
2802 4383 2911 4451 γὰρ
2968 4382 3028 4433 τὸ
3078 4382 3301 4450 ἡλιακὸν
3351 4382 3590 4450 ἐκλείψει
3645 4383 3771 4435 ποτὲ
3807 4384 3943 4450 σῶς

686 4483 879 4535 derum
914 4494 1159 4551 tempore
1188 4485 1374 4536 lunare
1404 4500 1628 4551 corpus,
1665 4484 1811 4553 quod
1846 4495 2003 4539 terrae
2029 4486 2264 4539 vicinius

2384 4474 2482 4526 Ξιλλ’
2525 4474 2917 4542 ὑποτρέχοντος
2972 4472 3029 4524 ὲν
3089 4472 3163 4541 τῷ
3213 4472 3311 4541 τῆς
3378 4473 3598 4525 συνόδου
3637 4474 3816 4542 καιρῷ
3850 4473 3943 4524 τοῦ

684 4586 789 4630 est.
841 4576 1022 4628 medio
1069 4590 1127 4627 se
1173 4574 1436 4642 interjieit
1484 4574 1605 4628 loco
1659 4575 1936 4644 radiisque
1988 4577 2261 4631 solaribus

683 4668 873 4726 ollieit,
899 4682 994 4719 aer
1032 4666 1119 4719 ille
1156 4680 1318 4735 supra
1354 4682 1453 4720 nos
1493 4667 1725 4735 caligine
1755 4668 1990 4735 quadam
2028 4668 2261 4720 involvi-

686 4771 796 4813 tur.
836 4776 939 4811 nou
967 4757 1222 4811 demissis
1247 4758 1311 4810 ad
1338 4773 1436 4811 nos
1470 4758 1593 4811 uliis
1619 4757 1805 4821 radiis,
1832 4757 1923 4827 qui
1951 4767 2108 4811 teme
2140 4776 2262 4827 pro-

686 4850 829 4904 xima
858 4850 979 4905 luce
1010 4864 1107 4903 sua
1135 4848 1544 4903 collustrarent.

757 5068 960 5136 Quodsi
997 5069 1164 5123 etiam
1197 5082 1530 5138 cognoscere
1575 5070 1733 5139 cupis
1791 5070 1936 5125 inter
1988 5072 2115 5138 alia,
2163 5073 2256 5142 qui

683 5162 774 5215 ﬁat
803 5172 861 5215 ut
886 5163 1016 5216 luna
1041 5162 1155 5215 sola
1182 5161 1360 5231 primo
1388 5162 1441 5215 in
1472 5177 1654 5216 rerum
1678 5164 1904 5218 exordio
1933 5164 2109 5220 lucem
2137 5166 2260 5220 nul-

680 5256 787 5310 lum
837 5254 1117 5323 propriam
1168 5263 1463 5308 consecuta
1514 5254 1862 5313 couiimodato
1904 5271 2028 5312 eam
2076 5272 2107 5312 a
2142 5258 2257 5314 sole

679 5347 879 5416 Cupiat,
920 5347 1059 5401 seire
1104 5344 1273 5401 debes
1304 5360 1414 5401 non
1448 5346 1551 5401 hoc
1581 5358 1872 5417 propterea
1910 5364 2053 5404 novo
2099 5351 2255 5420 quasi

678 5440 917 5508 quodam
970 5453 1123 5493 more
1171 5437 1375 5493 factum
1427 5437 1726 5507 divinitus,
1772 5440 1922 5509 quod
1971 5440 2153 5511 opifex
2200 5451 2258 5498 et

676 5540 891 5586 creator
925 5530 1013 5584 ille
1042 5529 1415 5584 universitatis
1442 5529 1604 5597 hujus
1636 5530 1797 5584 aliam
1831 5530 2009 5585 lucem
2045 5516 2254 5587 nullam

674 5622 922 5684 haberet,
972 5621 1067 5675 sed
1105 5630 1218 5674 tum
1265 5620 1339 5674 uti
1374 5620 1719 5675 concinnitas
1763 5629 1818 5675 et
1861 5622 1997 5677 ordo
2029 5622 2253 5692 quidam

673 5714 875 5768 creatis
904 5713 1210 5774 inderetur,
1246 5710 1708 5782 quemadmodum
1750 5711 2125 5767 Damascenus
2159 5714 2252 5769 ille

671 5808 910 5862 Joannes
940 5808 1037 5874 ait,
1071 5806 1163 5877 qui
1199 5808 1335 5860 ordo
1368 5806 1511 5859 inter
1542 5804 1884 5871 superiorem
1912 5813 1965 5857 et
2020 5803 2252 5859 inferio-

2373 4565 2621 4634 σώματος
2657 4565 2750 4617 τοῦ
2801 4564 3085 4633 σεληναίου
3135 4558 3224 4617 οἶα
3280 4567 3688 4633 περιγειοτέρου
3740 4567 3946 4633 τυγχά-

2365 4676 2567 4719 νιντος,
2618 4658 2713 4709 καὶ
2760 4656 2904 4710 οὕτω
2961 4658 3083 4717 ταῖς
3139 4656 3396 4725 ἡλιακαῖς
3430 4657 3642 4711 ἀκτῖσιν
3672 4658 3940 4725 ἐπιπροτ-

2363 4750 2606 4813 (ιοῦντςς,
2642 4750 2669 4801 ό
2703 4750 2842 4816 ὑπὲρ
2879 4746 3122 4817 κεφαλῆς
3163 4748 3320 4816 ἡμῶν
3349 4749 3458 4817 ἀὴρ
3492 4748 3593 4815 ζόφ
3616 4775 3639 4813 μ
3672 4748 3939 4815 τηνικαῦ-

2362 4858 2429 4894 τα
2465 4840 2936 4894 καθυποϐαλλεται
2961 4879 2977 4905 ,
3031 4838 3127 4892 fit:
3166 4839 3227 4907 δὴ
3268 4840 3343 4910 μὴ
3386 4840 3733 4909 βαλλομένων
3757 4842 3939 4891 αὐτων

2363 4931 2608 4985 κάτωθεν
2638 4934 2733 4983 καὶ
2767 4926 3121 4998 φωτιζουσὶῦν
3155 4935 3216 4982 τὸ
3242 4930 3543 4998 περίγειον.

2436 5069 2497 5121 El
2539 5068 2596 5121 δὲ
2640 5067 2919 5120 καὶτοῦτο
2955 5068 3135 5137 ζητεῖς
3171 5066 3309 5135 μετὰ
3350 5066 3460 5119 τῶν
3501 5065 3675 5119 ἄλλων
3719 5064 3936 5133 μαθεῖν,

2362 5159 2538 5231 πῶςὴ
2575 5160 2773 5230 σελὴνη
2807 5159 2941 5228 μόνη
2994 5160 3088 5213 καὶ
3117 5160 3220 5211 τίνι
3250 5158 3438 5228 τρόπῳ
3472 5157 3546 5228 μὴ
3581 5155 3782 5225 σχοῦσα
3821 5157 3937 5225 φῶς

2361 5252 2605 5322 ἀρχῆθεν
2658 5252 2788 5305 ἴδιον
2847 5253 2905 5315 ἐξ
2944 5251 3095 5320 ἡλίου
3152 5252 3308 5305 τοῦτο
3351 5251 3678 5314 δανείζεται,
3738 5249 3937 5300 είδέναι

2361 5343 2602 5413 ὀφείλεις
2627 5342 2703 5405 ὼς
2742 5342 2843 5395 οὐκ
2878 5343 3097 5412 ἀπορῶν
3128 5344 3316 5411 ἑτέρου
3351 5343 3530 5411 φωτὸς
3549 5344 3578 5394 ό
3603 5341 3935 5411 δημιουργὸς

2361 5437 2456 5493 καὶ
2504 5436 2732 5507 κτίστης
2786 5436 3008 5491 πάντων
3037 5434 3170 5499 Θεὸς
3211 5435 3311 5507 τὴν
3346 5433 3699 5504 καινοτομίαν
3727 5433 3936 5502 ταύτην

2361 5530 2715 5598 εἰσήνεγκεν,
2747 5529 2864 5582 ἀλλ’
2901 5528 2988 5583 ἵνα
3036 5527 3240 5599 ῥυθμὸς
3293 5529 3387 5582 καὶ
3426 5528 3579 5592 τάξις
3630 5525 3819 5595 nulli:
3862 5529 3929 5592 τῇ

2358 5618 2558 5682 κτίσει,
2613 5622 2756 5674 κατά
2790 5634 2853 5686 γε
2891 5619 2984 5673 τὸν
3020 5621 3385 5690 Δαμασκηνὸν
3425 5619 3699 5687 Ἰωάννην,
3736 5618 3933 5687 ἄρχον-

2357 5729 2449 5774 τος
2481 5712 2578 5765 καὶ
2609 5714 2938 5783 ἀρχομένου,
2968 5714 3061 5765 καὶ
3092 5712 3180 5766 ἵνα
3217 5714 3595 5783 παιδευοιῖιμεν
3629 5714 3692 5764 ὲκ
3738 5712 3929 5763 τούτου

2360 5811 2454 5860 καὶ
2490 5808 2644 5872 ἡμεῖς
2678 5809 2956 5859 κοινωνεῖν
2996 5807 3247 5874 ἀλληλοις
3281 5809 3371 5859 καὶ
3405 5807 3773 5871 μεταδιδόναι,
3808 5808 3935 5858 ἁνα-
