4214 6442
224 426 298 492 59
1490 418 1884 476 animum
1932 419 2122 477 Hlis‘
2178 420 2220 471 t.

224 547 439 618 κρίνειν
503 560 560 595 τε
612 540 719 593 τῶν
779 536 1085 608 γινομένων
1125 534 1292 605 μηδὲν
1319 574 1335 601 ,
1374 534 1489 587 ἀλλ’
1520 534 1613 587 ἐπὶ
1670 534 1807 587 πᾶσι

1912 548 2025 588 rem
2067 533 2416 594 consistvrct,
2469 542 2577 585 tum
2634 535 2710 587 uti
2760 547 2859 585 nos
2911 532 3073 587 etiam
3131 534 3469 587 erudiremur

236 637 420 700 καλῶς
453 630 880 689 ὑποτάσσεσθαι.

1912 626 2116 681 debere
2147 642 2247 680 nos
2278 626 2514 680 invicem
2544 627 2682 680 alios
2715 641 2839 679 cum
2869 626 2991 679 aliis
3015 636 3203 680 nostra
3238 642 3484 681 comnm-

224 730 437 795 nicare,
477 741 581 783 nec
608 724 904 796 quidquam
929 735 1122 778 eorum
1153 736 1276 791 qua:
1308 719 1448 775 ﬁunt
1478 717 1801 790 scrupulose
1840 719 2181 789 perquirere,
2218 717 2311 774 sed
2347 718 2402 773 in
2436 718 2691 773 omnibus
2752 719 3008 788 praeclare
3080 731 3294 775 nosmet
3329 736 3482 776 sum-

223 820 470 876 mittere.

299 913 446 984 Πρὸς
472 912 686 975 τούτοις
717 910 773 966 δὲ
796 912 889 965 καὶ
920 910 1110 980 ἓτερον
1150 910 1282 981 ἡμῖν
1325 908 1659 978 ὁπεμφαίνει
1697 926 1806 962 πα-

228 1006 456 1077 ράδοξον
488 1005 522 1075 ἡ
573 1003 774 1074 σελήνη
820 1003 1172 1067 ἐκλείπουσα,
1203 1001 1277 1064 ὼς
1324 1003 1351 1054 ό
1384 1000 1669 1075 θειότατός.
1707 1016 1810 1070 φη-

230 1101 321 1152 σιν
362 1096 748 1160 Ἀναστάσιος.
792 1093 1061 1164 Καθάπερ
1110 1093 1219 1165 γὰρ
1262 1091 1401 1165 αὕτη
1450 1093 1599 1160 ζόφῳ
1637 1092 1810 1145 καθυ-

230 1191 500 1244 ποπίπτει
573 1187 988 1259 μεσολασούσης
1059 1185 1162 1255 τῆς
1220 1186 1325 1254 γῆς
1370 1183 1667 1238 καντεῦθεν
1714 1184 1814 1247 τὰς

230 1281 468 1353 ἡλιακὰς
499 1280 725 1344 ἀκτῖνας
747 1276 1383 1349 ἀποστρεφούσης,οῦτω
1410 1276 1506 1329 καὶ
1537 1273 1816 1346 ἡἘκκλη-

231 1373 327 1427 σία
357 1371 765 1443 μισολασούσης
795 1369 893 1438 τῆς
928 1368 1209 1439 ἁμαρτίας
1251 1365 1478 1428 σκότους
1506 1364 1809 1435 ἑμίπλαται

230 1463 358 1518 κατ’
393 1459 749 1533 ἀποστροφὴν
790 1460 1012 1523 πάντως
1051 1457 1149 1511 τοῦ
1178 1456 1371 1528 νοητοῦ
1397 1456 1577 1524 ἡλίου.
1612 1455 1813 1520 Καλῶς

231 1552 329 1610 οῦν
355 1556 510 1624 ἔλεγε
545 1555 641 1608 καὶ
668 1557 696 1608 6
731 1553 1004 1624 μακάριος
1036 1550 1274 1617 Παῦλος,
1310 1550 1531 1603 ιῐῙάντα
1562 1549 1642 1612 είς
1675 1549 1814 1620 Χρι⁴

237 1650 367 1701 στὶν
409 1646 849 1716 προτετύπωται.
893 1662 911 1696 ι
950 1644 1072 1696 Ὀτι
1114 1642 1171 1695 δὲ
1221 1642 1254 1711 ἡ
1301 1641 1499 1711 σελήνη
1533 1640 1670 1710 αὕτη
1714 1641 1815 1707 τῆς

249 1738 579 1806 Ἑκκλησίας
609 1736 792 1790 είκόνα
817 1737 996 1804 φέρει,
1023 1732 1285 1793 ὡσαύτως
1311 1735 1339 1787 6
1374 1733 1633 1801 αἰσθητὸς
1658 1725 1813 1796 οὗτος

235 1831 389 1901 ἥλιος
420 1828 511 1882 τοῦ
550 1827 742 1897 νοητοῦ
788 1828 965 1896 ἡλίου,
993 1825 1158 1878 αὑτοῦ
1188 1824 1391 1895 δηλαδὴ
1422 1825 1515 1877 τοῦ
1551 1823 1813 1895 Χριστοῦ,

238 1922 333 1973 τοῦ
384 1922 664 1989 προφήτου
708 1916 989 1985 ’Λόακοὺμ
1021 1916 1185 1969 ἄκουε
1224 1914 1529 1983 λέγοντος,›
1553 1914 1812 1985 Ἐπήρθη

238 2016 265 2064 ό
295 2013 444 2081 ἥλιος
474 2054 488 2076 ,
522 2010 615 2062 καὶ
655 2010 685 2077 ἡ
725 2008 928 2076 σελήνη
960 2006 1087 2077 ἔστη
1142 2006 1199 2058 ὲν
1248 2007 1312 2075 τῇ
1368 2003 1518 2069 τάξει
1560 2005 1751 2073 αὐτῆς.
1792 2024 1810 2056 ι

240 2104 398 2156 Κατᾶ
444 2102 554 2171 γὰρ
585 2100 677 2153 τὸν
726 2100 1044 2153 τὰτοιαῦτα
1089 2097 1456 2168 ἐξηγούμενον
1496 2097 1666 2167 μέγαν
1703 2096 1816 2150 Κύ-

1978 910 2247 964 Prn‘tcrea
2294 909 2551 981 quiddam
2584 909 2747 964 aliud
2798 924 3018 979 quoque
3074 925 3275 963 novum
3328 912 3488 963 ιιίιίιῐς

1908 1000 2039 1056 luna
2071 1002 2331 1055 deficiens
2378 1002 2600 1066 indicat,
2638 1001 3101 1070 quemadmodum
3149 1001 3232 1054 vir
3268 1000 3489 1054 divinus

1909 1094 2232 1149 Anastasius
2260 1094 2445 1147 tradit.
2493 1093 2963 1159 Quemadmodum
3001 1094 3148 1147 cnim
3185 1109 3213 1146 a
3251 1096 3489 1147 tenebris

1914 1186 2006 1240 illa
2037 1180 2340 1256 occupatur
2380 1187 2450 1241 ob
2486 1187 2828 1257 iuterjectam
2874 1200 3097 1250 terram,
3145 1202 3264 1253 qua:
3314 1186 3381 1239 ab
3428 1206 3487 1235 νη

1915 1277 2104 1333 radios
2138 1280 2344 1334 solares
2390 1279 2607 1343 avertit,
2650 1279 2729 1333 sic
2770 1279 2933 1333 etiam
2970 1276 3212 1331 Ecclesia
3264 1289 3490 1346 peccato

1917 1369 2323 1426 interveniente
2370 1371 2611 1425 tenebris
2655 1371 2957 1425 involvitur
2994 1379 3217 1437 propter
3248 1372 3490 1421 aversio-

1916 1478 2042 1517 nem
2075 1464 2207 1519 solis
2245 1464 2392 1517 illius
2439 1462 2799 1519 intellectilis.
2837 1459 3050 1515 Idcirco
3112 1460 3373 1528 pra-clare
3406 1460 3487 1512 div

1915 1564 2069 1614 etum
2094 1571 2125 1611 a
2149 1556 2387 1622 Paulo",
2410 1554 2615 1609 Christi
2642 1556 2844 1625 ﬁguras
2870 1553 3052 1607 omnia
3076 1561 3488 1621 reprtcscntat'e.

1917 1648 2126 1703 Lunam
2160 1648 2380 1718 quidem
2419 1646 2673 1701 Ecclesia:
2706 1646 2910 1700 referre
2941 1646 3250 1713 imaginem,
3279 1653 3332 1696 et
3363 1659 3493 1696 con-

1913 1739 2169 1794 sitnilitcr
2207 1739 2377 1793 solem
2413 1737 2561 1791 hunc
2597 1737 2855 1791 sensilcm
2887 1735 3019 1789 solis
3056 1734 3201 1788 illius
3239 1734 3489 1789 intellec-

1915 1830 2027 1885 tilis
2070 1829 2162 1898 qui
2207 1829 2463 1884 Christus
2507 1837 2610 1889 est,
2658 1828 2725 1882 de
2773 1826 2911 1881 vatis
2958 1826 3254 1880 liabacumi
3306 1826 3489 1879 verbis

1918 1920 2192 1991 intelligas
2220 1920 2371 1981 licet,
2405 1919 2496 1985 qui
2530 1919 2639 1972 ait:
2677 1938 2694 1968 ο
2726 1916 2817 1971 Sol
2847 1916 3093 1971 elevatus
3130 1926 3235 1981 est,
3271 1927 3325 1969 et
3361 1917 3489 1969 luna

1916 2013 2070 2067 stetit
2117 2013 2169 2065 in
2223 2012 2421 2066 ordine
2466 2011 2700 2079 locoque
2750 2025 2849 2062 suo
2873 2009 2939 2062 “.
2975 2028 2992 2058 ι
3041 2008 3174 2062 Nam
3222 2007 3489 2067 Ecclesia,

1918 2104 2381 2175 quemadmodum
2409 2104 2681 2171 interpres
2707 2101 2899 2155 horum
2932 2100 3227 2156 verborum
3264 2115 3492 2170 magnus

240 2194 421 2263 ριλλον
478 2196 509 2263 ἡ
540 2192 823 2261 Εκκλησία
880 2192 1145 2261 πρότερον
1176 2192 1232 2242 ὲν
1268 2188 1466 2261 ἀταξίᾳ
1496 2190 1812 2259 ἐτύγχανεν,

1885 2176 1890 2217 ί
1925 2197 2015 2252 ille
2047 2196 2286 2268 Cyrillus
2328 2197 2528 2265 inquit,
2567 2197 2721 2266 prius
2752 2208 2870 2250 erat
2903 2199 2955 2249 in
2993 2194 3343 2259 confusione,
3372 2210 3495 2247 cun:

238 2286 337 2341 ᾇτε
393 2288 504 2346 τοῖς
550 2284 853 2355 δαιμονίοις
896 2283 1240 2353 λατρεύουσα
1268 2320 1283 2345 ,
1333 2282 1562 2349 ὕστερον
1607 2283 1664 2336 δὲ
1724 2281 1818 2334 τοῦ

239 2378 439 2449 νοητοῦ
482 2378 636 2448 ἡλίου
678 2375 1013 2446 ἐπαρθέντος
1053 2376 1110 2428 ὲν
1140 2375 1220 2443 τῷ
1252 2374 1474 2446 σταυρῷ
1512 2378 1568 2428 ὲν
1594 2374 1821 2445 εὐταξίᾳ

241 2474 437 2541 γέγονε
477 2470 614 2540 πρὸς
648 2469 812 2522 αὐτὸν
864 2469 1271 2540 ἕπιστραφείσα
1319 2469 1411 2521 τὸν
1452 2468 1677 2538 Κύριον.
1713 2467 1823 2521 Καὶ

240 2564 404 2618 τοῦτο
459 2562 760 2631 δεδήλωκεν
833 2561 995 2622 αὐτὸς
1033 2562 1060 2613 6
1118 2561 1360 2630 Χριστὸς
1416 2559 1587 2624 οὕτως
1626 2562 1819 2625 εἰπὼν,

246 2654 453 2709 «Ὅταν
476 2654 699 2722 ὑψωθῶ,
721 2653 843 2706 τότε
868 2655 1074 2715 πάντας
1109 2652 1325 2705 ἑλκύσω
1353 2654 1488 2722 πρὸς
1512 2653 1769 2721 ἐμαυτόν.
1800 2672 1818 2704 ι

316 2748 557 2799 Γίνωσκε
604 2746 701 2809 δὲ,
753 2745 1009 2816 ἁγαπητὲ
1039 2787 1053 2810 ,
1098 2745 1179 2797 ὅτι
1239 2745 1336 2797 καὶ
1368 2746 1459 2797 διὰ
1508 2743 1681 2797 ταῦτα
1726 2747 1825 2813 μὲν

241 2837 522 2891 ἐκλείπειν
545 2838 571 2888 6
600 2834 752 2905 ἥλιος
785 2836 879 2888 καὶ
909 2837 941 2904 ἡ
976 2836 1171 2906 σελήνη
1196 2838 1637 2906 συγκεχώρηται,
1657 2838 1718 2888 οὐ
1740 2853 1827 2888 το-

243 2928 440 2982 σοῦτον
466 2928 523 2980 δὲ
545 2927 669 2980 ὅσον
701 2925 796 2995 τὴν
818 2925 928 2979 τῶν
952 2926 1405 2994 προσκυνούντων
1437 2926 1575 2980 αύτά
1611 2927 1824 2996 διελέγ-

172 3050 180 3055 ~
242 3018 437 3090 χισθαι
485 3017 703 3082 ἄνοιαν,
751 3014 1045 3069 κάντεῦθεν
1094 3016 1447 3070 παιδεύεσθαι
1493 3017 1576 3071 ὅτι
1612 3018 1825 3087 τρεπτὰ

241 3115 421 3171 ταῦτα
457 3114 550 3168 καὶ
580 3111 870 3167 ἀλλοιωτά.
902 3111 1018 3165 [ην
1047 3111 1104 3165 δὲ
1138 3112 1376 3184 τρεπτδν
1404 3111 1466 3165 οὐ
1500 3110 1656 3175 Θεός.

320 3298 435 3354 Καὶ
472 3296 703 3351 τοιαῦτα
744 3294 843 3366 μὲν
893 3296 941 3347 οί
993 3294 1222 3365 ἀστέρες
1279 3295 1344 3348 ὲκ
1387 3293 1497 3347 τῶν
1548 3298 1605 3350 ὲν
1644 3296 1830 3360 αὐτοῖς

248 3391 681 3459 συμπιπτόντων
740 3385 1056 3440 διδάσκουσι
1096 3387 1223 3449 τοὺς
1254 3386 1415 3454 λόγου
1465 3388 1826 3460 μετέχοντας.

246 3484 410 3537 Κατά
431 3478 589 3534 τοῦτο
620 3479 714 3533 καλ⁸
745 3479 774 3531 6
800 3479 1036 3547 θεόπτης
1063 3476 1216 3544 ἔλεγε
1248 3478 1474 3549 Μωσῆς,
1504 3481 1645 3533 ιΚαὶ
1675 3479 1829 3532 ἔθετο

244 3574 424 3627 ταῦτα
453 3574 532 3634 είς
574 3573 777 3642 σημεῖα
818 3571 915 3623 καλ⁸
964 3569 1044 3633 είς
1085 3569 1311 3639 καιροὺς
1358 3572 1455 3623 καὶ
1484 3571 1699 3641 ἡμέρας
1734 3572 1830 3624 καὶ

248 3671 330 3729 εἰς
366 3664 669 3726 ινιαυτούς.
705 3681 725 3716 ι
760 3661 858 3715 Διά
896 3662 1007 3731 γὰρ
1057 3661 1239 3715 αὐτῶν
1294 3663 1513 3715 τοιῶνδε
1545 3663 1578 3733 ἢ
1611 3662 1829 3716 τοιῶνδε

248 3759 367 3819 τοῖς
440 3752 729 3825 χρώμασιν
777 3750 1184 3825 ἀνατελλόντων
1243 3751 1342 3820 τήν
1386 3769 1445 3804 τε
1509 3753 1831 3823 χειμερινὴν

247 3846 347 3901 τοῦ
405 3845 570 3913 ἀέρος
627 3844 969 3897 κατάστασιν
1000 3841 1096 3893 καὶ
1131 3842 1229 3912 τὴν
1278 3842 1545 3912 εὐδιεινὴν
1580 3843 1834 3913 σημειού-

253 3941 424 4012 μεθα.
477 3936 558 3992 Δι’
608 3936 789 3991 αὐτῶν
849 3935 907 3988 at!
956 3935 1194 4005 τροπαὶ,
1226 3933 1295 3988 δι’
1329 3934 1511 3988 αὐτῶν
1539 3934 1589 3986 οί
1625 3935 1830 4003 καιροὶ,

248 4034 355 4103 ἔαρ
404 4031 632 4102 δηλαδὴ,
670 4030 849 4101 θέρος,
894 4030 1216 4099 μετόπωρον
1252 4028 1346 4081 καὶ
1391 4027 1599 4098 χειμών
1626 4046 1639 4058 ο
1669 4029 1696 4082 6
1724 4030 1832 4099 γὰρ

248 4127 407 4195 ἥλιος
445 4124 538 4175 τὸν
590 4120 856 4186 ζωδιακὸν
896 4120 1080 4190 ἡρέμα
1130 4120 1385 4173 διοδεύων
1441 4120 1684 4186 κύκλον,
1738 4122 1833 4174 καὶ

249 4220 386 4272 ποτὶ
426 4218 525 4287 μὲν
554 4216 631 4284 τῷ
666 4214 929 4283 Καρκίνῳ
980 4213 1429 4283 παραγενόμενος
1478 4216 1607 4267 ποτε
1655 4214 1710 4267 δὲ
1755 4215 1834 4285 τῷ

251 4310 437 4378 Ζυγῷ,
476 4309 569 4361 καὶ
599 4306 788 4362 ἄλλοτε
820 4306 983 4360 πάλιν
1013 4306 1071 4357 ἐν
1104 4306 1183 4373 τῷ
1212 4306 1569 4376 Αίγοκέρωτι,
1595 4307 1692 4370 τὰς
1718 4308 1836 4361 δια·-

250 4402 561 4471 ληφθείσας
620 4401 897 4469 τέσσαρας
946 4399 1193 4469 είσφέρει
1245 4400 1476 4468 τροπάς.
1530 4401 1609 4452 Δι’
1653 4400 1834 4453 αὐτῶν

253 4494 312 4545 ai
359 4493 594 4562 ἡμέραι,
636 4489 703 4543 δι’
752 4489 935 4543 αὐτῶν
967 4490 1017 4540 οί
1047 4488 1306 4544 ἐνιαυτοί.
1338 4489 1428 4559 Τῷ
1464 4492 1572 4561 γὰρ
1618 4490 1835 4561 ούρανῷ

254 4582 811 4654 συμπεριφερόμενος
855 4582 882 4633 6
925 4580 1079 4650 ἣλιος
1144 4582 1289 4632 ποιεῖ
1331 4582 1393 4633 τὸ
1448 4582 1789 4652 νυχθήμερον
1818 4624 1831 4649 ,

263 4677 374 4746 ἰδίᾳ
407 4676 462 4727 δὲ
498 4674 600 4743 τὴν
636 4672 835 4727 ἑαυτοῦ
878 4673 1200 4743 ποιούμενος
1238 4673 1410 4728 δίοδον
1462 4675 1555 4727 καὶ
1597 4676 1703 4727 ἀπὸ
1733 4676 1837 4739 ζω-

261 4768 380 4822 δζου
409 4765 756 4837 μεταϐαίνων
787 4764 867 4826 είς
895 4764 1088 4828 ζώδιον
1135 4764 1225 4817 τὸν
1261 4766 1509 4819 ἐνιαυτὸν
1536 4766 1831 4837 ἐκπληροῖ·

254 4862 507 4923 ἐνιαυτὸς
542 4857 651 4928 γὰρ
679 4858 830 4911 οὐδὲν
870 4856 1000 4910 ἄλλο
1031 4858 1180 4910 ἐστὶν
1211 4856 1381 4928 ἀλλ’ἢ
1415 4858 1637 4911 ἀπὸτοῦ
1669 4860 1835 4913 αὐτοῦ

258 4958 357 5012 καὶ
391 4956 510 5017 ἰνὸς
540 4953 775 5024 σημείου
813 4952 906 5004 ἐπὶ
934 4950 995 5004 τὸ
1019 4952 1151 5005 αὐτὸ
1177 4950 1339 5004 πάλιν
1365 4952 1834 5015 ἀποκατάστασις.

257 5051 451 5106 Ταῦτα
488 5050 546 5101 δὲ
586 5048 805 5109 πάντως
836 5046 936 5099 οὐκ
967 5045 1118 5110 ἀξιον
1169 5046 1381 5112 ἀγνοεῖν
1415 5048 1539 5107 τοὺς
1589 5046 1839 5110 πιστούς.

271 5142 560 5199 Ἐντεῦθεν
618 5140 728 5210 γὰρ
767 5141 800 5208 ἠ
842 5138 1080 5209 ἆρῤητος
1125 5137 1220 5190 τοῦ
1267 5138 1410 5193 Θεοῦ.
1450 5140 1612 5207 σοφία
1664 5157 1837 5192 κατα-

254 5234 600 5303 λαμϐάνεται
650 5231 746 5282 καὶ
793 5228 1048 5296 δύναμις’
1100 5226 1169 5280 τὰ
1224 5228 1333 5296 γὰρ
1373 5226 1583 5296 ἀόρατα
1628 5226 1835 5287 αὐτοῦ.

255 5326 408 5381 καθά.
431 5342 564 5393 φησι
605 5321 839 5386 Παῦλος,
869 5319 979 5374 ἀπὸ
1032 5317 1262 5381 κτίσεως
1294 5318 1503 5386 κόσμου
1533 5321 1643 5380 τοῖς
1677 5321 1835 5387 ποιή-

257 5437 397 5492 μασι
428 5417 696 5486 νοούμενα
753 5410 1279 5481 καθορᾶται.Ταύτῃ
1325 5427 1407 5462 τοι
1447 5411 1539 5462 καὶ
1575 5413 1840 5479 κατακρί-

256 5529 389 5574 τους
424 5510 667 5570 ἐκείνους
700 5508 728 5559 6
775 5506 950 5574 μέγας
991 5504 1127 5573 φησὶ
1168 5501 1446 5570 Μάξιμος,
1482 5502 1697 5555 ὅσοιδιὴ
1741 5505 1840 5572 τῆς

255 5605 371 5658 τῶν
430 5603 602 5655 ὄντων
657 5602 836 5661 αίτίας
904 5597 965 5649 οὐ
1038 5598 1408 5665 χειραγωγεῖν
1455 5594 1699 5647 ἐθέλουσι
1747 5597 1840 5647 καὶ

258 5696 512 5754 ἑαυτούς.

331 5858 380 5892 ’³
408 5859 428 5915 1
455 5857 579 5913 Cor.
624 5874 676 5922 χ,
710 5858 794 5911 ll.

878 5856 921 5888 ”
955 5854 1156 5909 llaltac.
1192 5871 1269 5921 ιιι,
1309 5853 1390 5907 Η.
1470 5857 1513 5886 ’³³
1543 5854 1675 5908 ιιιιρτιι

1738 5870 1828 5906 ιιι.
1877 5855 1961 5907 32.

1922 2294 2096 2345 malos
2149 2290 2340 2360 genios
2368 2289 2596 2343 coleret.
2636 2287 2832 2343 Verum
2860 2287 2951 2342 ubi
2988 2286 3249 2356 deinceps
3283 2286 3498 2341 ἱιιιοῐιυ-

1921 2382 2067 2438 ctilis
2090 2383 2178 2436 ille
2199 2382 2277 2437 ευ]
2312 2382 2365 2435 in
2398 2396 2617 2436 crucem
2656 2380 2901 2435 elevatus
2934 2390 3039 2445 est,
3074 2396 3233 2433 suum
3263 2378 3314 2432 in
3350 2380 3495 2431 ordi-

1923 2492 2047 2531 nem
2105 2474 2299 2538 rediit,
2350 2473 2418 2528 ad
2477 2474 2768 2528 Dominum
2834 2488 3119 2527 conversa.
3176 2470 3500 2539 Signiﬁcat-t3

1924 2567 2095 2620 voluit
2153 2565 2258 2620 hoc
2306 2565 2425 2635 ipse
2471 2564 2745 2627 Christus,
2810 2578 2935 2616 cum
2997 2564 3246 2617 diceret:
3305 2580 3321 2612 t
3363 2561 3497 2615 Cum

1925 2658 2176 2713 sublatus
2205 2657 2382 2719 fuero,
2420 2666 2549 2709 tunc
2589 2667 2782 2708 omnes
2815 2652 2879 2706 ad
2908 2668 2994 2706 nte
3030 2653 3242 2705 traham
3269 2654 3334 2707 ’⁵.
3372 2670 3388 2703 t

1996 2748 2064 2804 Et
2089 2746 2534 2808 animadvertito,
2565 2745 2761 2799 dilecte
2792 2744 2886 2805 illi,
2919 2759 3028 2798 non
3071 2753 3181 2797 tam
3213 2755 3516 2814 pmpterea

1924 2857 2048 2911 qua:
2092 2841 2352 2905 diximus,
2386 2839 2703 2908 permittere
2744 2837 2914 2892 Deum
2950 2845 3010 2890 ut
3052 2836 3133 2890 sol
3178 2844 3341 2904 atque.
3376 2837 3503 2889 luna

1927 2932 2207 2995 deﬁciant,
2243 2946 2406 3002 quam
2439 2942 2499 2985 ut
2538 2930 2654 2985 haec
2690 2930 2871 2985 sidera
2908 2927 3160 2998 religiose
3196 2927 3497 2982 colentium

1929 3025 2223 3078 amentiam
2256 3030 2540 3094 coarguat,
2575 3030 2631 3076 et
2663 3035 2764 3075 nos
2798 3019 3023 3075 erudiat
3062 3028 3123 3073 ut
3155 3034 3277 3073 esse
3319 3020 3503 3072 omnia

1933 3116 2336 3172 mutationibus
2385 3116 2621 3170 obnoxia
2675 3114 2937 3169 sciamus.
2985 3111 3263 3181 Quidquid
3320 3119 3504 3165 autem

1931 3209 2332 3264 mutationibus
2358 3208 2657 3263 obnoxium
2694 3215 2800 3269 est,
2820 3205 3037 3261 Numen
3065 3219 3187 3260 esse
3218 3204 3432 3273 nequit.

2004 3301 2112 3371 25
2153 3301 2477 3371 llujusmodi
2522 3299 2769 3369 quaedam
2820 3311 3023 3368 per'ea
3061 3313 3183 3367 quae
3230 3298 3507 3351 sideribus

1932 3394 2214 3459 accidunt,
2244 3392 2498 3447 homines
2523 3391 2753 3445 rationis
2779 3399 3065 3460 compotes
3098 3391 3390 3444 docentur.
3426 3390 3507 3443 ld-

1857 3502 1903 3564 C
1933 3484 2083 3537 circo
2122 3491 2400 3554 spectator
2425 3484 2515 3538 ille
2553 3482 2648 3538 Dei
2680 3482 2859 3537 Moses
2892 3482 3072 3551 inquit
3102 3499 3115 3536 :
3162 3501 3179 3533 ι
3205 3481 3507 3537 Constituit

1931 3593 1995 3633 ea
2022 3577 2078 3631 in
2115 3578 2268 3647 signa
2305 3584 2572 3646 tempora,
2611 3575 2751 3640 dies,
2784 3576 3045 3629 annos".
3082 3593 3099 3625 ›
3147 3575 3317 3629 Prout
3358 3576 3505 3629 enim

1932 3668 2017 3721 vel
2049 3667 2153 3723 hoc
2182 3667 2266 3721 vel
2301 3668 2391 3721 illo
2416 3667 2580 3721 modo
2609 3666 2848 3721 colorata
2889 3668 3165 3729 oriuntur,
3199 3675 3294 3720 aut
3328 3667 3506 3719 turbi-

1933 3759 2058 3814 dam
2105 3769 2202 3814 aut
2237 3774 2486 3815 serenam
2536 3759 2682 3813 aeris
2724 3758 3174 3813 constitutionem
3203 3756 3320 3811 fore
3353 3768 3509 3811 nolu-

1935 3866 2077 3906 mus.
2115 3850 2219 3905 Per
2246 3866 2309 3905 ea
2344 3851 2735 3906 conversiones
2770 3851 2899 3905 anni
2937 3863 3243 3919 temporum
3281 3850 3507 3921 ipsaque

1935 3951 2181 4011 tempora
2208 3940 2541 4007 eﬂiciuntur,
2571 3942 2833 3996 nimirum
2855 3952 3161 4006 ver,:estas,
3184 3953 3503 4007 autumnus,

1935 4032 2131 4087 hiems.
2163 4032 2375 4087 Etenim
2412 4033 2491 4087 sol
2529 4033 2797 4087 circulum
2835 4034 2987 4088 illum
3023 4050 3184 4102 quem
3222 4035 3509 4089 zodiacum

1934 4136 2132 4180 vocant
2165 4125 2369 4180 sensim
2404 4141 2757 4195 percurrens,
2795 4125 2923 4179 dum
2981 4126 3144 4179 modo
3194 4126 3249 4180 in
3298 4125 3510 4181 Cancro

1934 4213 2108 4268 fertur
2140 4214 2302 4269 modo
2350 4214 2403 4268 in
2438 4214 2600 4269 Libra
2644 4216 2804 4269 modo
2852 4216 2905 4269 in
2956 4214 3315 4284 Capricorno,
3361 4218 3509 4270 νίςιας

1935 4306 2057 4361 illas
2088 4307 2216 4361 anni
2255 4316 2562 4377 temporum
2595 4319 2832 4376 quatuor
2875 4308 3144 4362 indicatus
3192 4310 3375 4365 cllicit.
3412 4312 3512 4365 l’ct‘

1935 4400 2211 4453 eademet
2260 4399 2379 4453 dies
2408 4399 2721 4454 elliciuntur
2763 4410 2817 4454 et
2851 4402 3002 4454 anni.
3049 4402 3182 4455 Nam
3231 4419 3337 4456 una
3388 4421 3511 4458 cum

1936 4484 2076 4539 cmlo
2101 4485 2181 4538 sol
2210 4487 2614 4541 circumvectus
2639 4499 2971 4542 nocturnum
2993 4490 3362 4561 diurnumque
3387 4510 3477 4561 Spa
3504 4525 3511 4533 -

1937 4579 2075 4633 tium
2123 4579 2372 4634 absolvit.
2410 4579 2557 4634 idem
2593 4582 2791 4636 itinere
2821 4598 2921 4637 suo
2966 4576 3316 4653 peculiariter
3348 4589 3507 4641 abso-

1937 4668 2076 4735 luto,
2114 4668 2292 4739 deque
2327 4669 2484 4739 signo
2513 4671 2578 4724 ad
2613 4672 2827 4741 signum
2863 4687 3199 4739 conuucans,
3230 4678 3354 4729 anui
3391 4694 3511 4747 spa-

1939 4761 2075 4815 tium
2120 4761 2376 4831 perlicit:
2417 4779 2597 4817 annus
2631 4765 2777 4816 enim
2827 4764 2974 4817 aliud
3027 4767 3166 4820 nihil
3216 4779 3297 4821 est
3347 4786 3507 4838 quam

1868 4894 1914 4952 ο
1941 4851 2008 4905 ab
2054 4868 2164 4907 uno
2210 4854 2515 4924 eodemque
2559 4856 2714 4925 signo
2746 4857 2810 4909 nd
2852 4857 2985 4911 illud
3037 4860 3214 4927 ipsum
3258 4862 3391 4915 solis
3427 4880 3510 4916 rc-

1941 4945 2143 5000 versio.
2195 4944 2320 5001 lltec
2371 4948 2598 5001 omnino
2649 4949 2919 5019 religiosis
2972 4951 3289 5007 hominibus
3328 4954 3510 5022 ignota

1940 5052 2060 5093 esse
2089 5054 2197 5093 non
2234 5040 2460 5095 debent.
2483 5040 2615 5093 Nam
2647 5041 2714 5093 de
2752 5043 2835 5095 his
2860 5048 3127 5110 sapientia
3163 5056 3514 5115 potcsutsque

1940 5129 2058 5193 Dei,
2095 5147 2217 5200 quae
2253 5133 2503 5186 oratione
2544 5132 2750 5185 nemiri
2797 5135 2995 5202 exponi
3047 5145 3246 5204 potest,
3284 5140 3515 5207 percipi-

1938 5232 2047 5277 tur.
2080 5223 2289 5278 Etcuim
2315 5242 2436 5295 quae
2462 5236 2592 5280 sunt
2619 5228 2737 5293 ejus
2765 5227 3516 5300 inadspcctabilia,quemad-

1941 5316 2164 5370 modum
2197 5317 2399 5371 Paultts
2424 5320 2467 5349 "’
2502 5320 2600 5382 ait,
2634 5334 2697 5372 ca
2730 5320 2796 5371 dc
2826 5321 3013 5372 mundi
3044 5324 3345 5387 creatione,
3384 5331 3514 5377 dum

1940 5408 2363 5463 considerantur
2397 5426 2497 5479 per
2530 5426 2714 5481 Opera,
2760 5412 3188 5480 perSpiciuntur.
3222 5415 3513 5485 I’rnplcrt'n

1938 5501 2281 5558 damnabiles
2316 5504 2437 5558 illos
2471 5506 2545 5559 ait
2582 5521 2703 5560 csse
2754 5505 3041 5570 Maximus,
3076 5509 3391 5579 quicunque
3423 5528 3517 5579 per

1941 5596 2311 5665 cognitionem
2353 5597 2731 5651 univcrsitatis
2765 5614 2944 5651 retu.u
2987 5598 3051 5651 ad
3091 5615 3309 5655 causam
3346 5603 3518 5668 ipsius

1944 5690 2317 5742 universitatis
2342 5706 2459 5749 sese
2494 5691 2647 5759 quasi
2686 5690 3054 5747 manuduccre
3088 5694 3300 5747 nolunt.

2043 5857 2087 5892 ²⁶
2121 5858 2250 5914 Gen.
2288 5875 2320 5920 ι,
2374 5860 2450 5915 14.
2532 5863 2573 5890 τ’
2608 5861 2765 5916 Rom.
2797 5879 2833 5927 t,
2871 5862 2955 5913 ill.
