4214 6442
697 396 774 476 Tn
1980 402 2399 471 MtCILtELts
2436 411 2695 473 GLYC.E
3874 420 3953 482 τε

790 525 924 577 Cum
960 530 1138 575 autent
1174 518 1280 575 dici
1320 521 1514 576 audis:
1564 542 1580 574 ι
1616 519 1915 577 Constituit
1944 538 2006 577 ea
2042 522 2094 577 itt
2130 524 2284 593 signa
2310 523 2362 581 Α

712 626 769 669 et
801 626 1070 683 tempora,
1107 631 1123 662 ι
1166 614 1331 667 simul
1367 613 1593 668 adverte
1632 613 1763 683 quid
1795 628 1824 667 a
1859 613 2060 669 Basilio
2091 616 2279 669 tradac

714 719 823 762 tur.
878 707 1012 761 Nam
1072 708 1127 759 in
1182 705 1446 759 concione
1495 707 1563 759 de
1615 719 1709 758 sex
1757 704 1972 759 dierum
2022 705 2282 775 (ψει-ωας

713 812 948 852 numero
982 806 1132 851 sexta
1176 796 1489 866 hujusmodi
1521 795 1767 865 quazdam
1794 796 1863 851 de
1893 796 2137 850 siderum
2183 796 2281 852 ob-

712 888 1024 945 servatione
1074 886 1299 955 prnfert.
1332 886 1758 942 Observationes
1806 886 2159 941 luminarium
2207 885 2274 941 ad

711 982 876 1035 vitam
913 980 1207 1033 humanam
1257 987 1385 1031 sunt
1432 978 1778 1041 necessariae,
1819 976 1924 1031 nisi
1976 977 2101 1046 quis
2134 975 2277 1031 ultra

710 1070 934 1126 modum
986 1082 1041 1125 et
1092 1070 1365 1125 curiosius
1411 1082 1571 1138 quam
1614 1083 1712 1138 par
1765 1068 1836 1122 sit
1885 1083 2076 1123 eorum
2127 1069 2280 1138 signa

708 1163 1007 1233 perquirat.
1035 1160 1170 1214 Nam
1200 1160 1369 1214 multa
1397 1159 1462 1214 de
1490 1158 1910 1228 tempestatibus
1933 1159 2130 1228 pluviis
2153 1158 2279 1214 hinc

708 1265 1039 1324 cognoscere
1065 1251 1216 1313 licet,
1248 1249 1417 1303 multa
1445 1248 1511 1302 de
1544 1249 1849 1301 siccitatum
1881 1255 2281 1317 ventorumque

707 1343 1104 1405 concitatione.
1138 1341 1223 1395 vel
1261 1339 1673 1410 particularium
1717 1339 1804 1394 vel
1855 1338 2276 1405 universalium,

706 1440 791 1495 vel
823 1437 1236 1494 vehementium
1270 1436 1356 1490 vel
1388 1435 1618 1489 lenium.
1649 1432 1918 1488 Nimirum
1957 1448 2022 1487 ex
2058 1432 2125 1487 iis
2156 1449 2277 1503 qua:

706 1533 787 1587 sol
833 1530 1128 1585 ostendere
1173 1527 1484 1589 consuevit,
1537 1540 1708 1580 unum
1747 1525 1815 1579 ab
1872 1524 1995 1595 ipso
2043 1524 2276 1579 Domino

708 1622 962 1685 traditur.
1001 1636 1125 1675 cum
1176 1620 1295 1674 ait:
1340 1638 1357 1671 ι
1391 1617 1712 1686 Tempestas
1761 1616 1889 1680 erit,
1938 1616 2066 1686 quia
2120 1615 2275 1669 triste

703 1715 867 1769 rubet
896 1712 1097 1768 cmlum
1119 1710 1186 1764 ".
1223 1728 1241 1761 ι
1279 1708 1415 1764 Cum
1449 1707 1596 1762 enim
1627 1705 2007 1763 exhalationes
2033 1705 2274 1776 quadam

703 1820 829 1862 cum
874 1805 1108 1876 caligine
1151 1816 1365 1857 sursum
1406 1800 1657 1863 tendunt,
1708 1798 2079 1854 obscurantur
2132 1797 2270 1853 radii

697 1896 854 1960 solis,
891 1912 955 1952 ac
986 1867 1066 1951 sol
1098 1895 1212 1965 ipse
1240 1892 1499 1949 carbonis
1526 1891 1700 1947 instar
1729 1891 1963 1947 rutilans
1992 1891 2274 1963 sanguini-
2301 1867 2348 1928 Β

696 2002 807 2060 ‘que
836 1987 1140 2044 consimilis
1168 1991 1412 2055 apparet,
1436 1982 1675 2052 speciem
1704 1982 1845 2038 hanc
1874 1983 1930 2037 in
1964 1982 2138 2038 oculis
2161 1981 2276 2038 etil-

696 2083 883 2141 ‘ciente
929 2081 1074 2135 aeris
1118 2077 1391 2134 crassitie.
1427 2074 1517 2132 Sic
1549 2074 1767 2146 quoties
1799 2073 1929 2130 luna
1960 2075 2273 2145 caliginosis

701 2176 770 2231 ab
793 2172 1117 2229 humoribus
1138 2168 1534 2234 circumdatur,
1554 2168 1637 2223 vel
1662 2182 1817 2237 aqua!
1840 2167 2038 2236 pluvia:
2058 2168 2271 2238 cupiam

699 2267 756 2322 in
790 2281 917 2320 aere
951 2264 1033 2319 vel
1078 2261 1247 2318 austri
1294 2260 1720 2316 commotionem
1756 2261 2138 2316 vehementem
2167 2259 2273 2313 mi-

702 2365 885 2411 natur.
927 2353 1109 2409 Solem
1159 2366 1282 2406 cum
1331 2364 1473 2405 areae
1517 2352 1678 2420 (quas
1722 2351 1943 2419 vocant)
1995 2348 2267 2414 ambiunt,

699 2448 1067 2503 accidentium
1099 2442 1442 2514 quorundam
1473 2443 1619 2498 aeris
1648 2441 1800 2512 signa
1836 2440 2127 2496 exsistunt.
2162 2440 2272 2511 26

698 2539 893 2597 Itidem
936 2538 1100 2607 virga:
1129 2548 1250 2606 quae
1280 2533 1438 2589 Iridis
1469 2536 1710 2589 colorem
1758 2532 2039 2587 imitantes
2069 2530 2125 2585 in
2168 2547 2271 2585 nu-

697 2634 863 2688 bibus
895 2639 1061 2684 reet:e
1096 2627 1535 2699 conspiciuntur,
1574 2624 1781 2681 imbres
1815 2639 1878 2684 ac
1914 2632 2267 2694 tempestates

698 2725 995 2779 immensas
1018 2720 1102 2775 vel
1135 2718 1359 2774 omnino
1384 2718 1743 2773 mutationem
1769 2717 1913 2773 aeris
1943 2716 2267 2771 diuturnum

701 2813 1059 2887 portendunt.
1092 2811 1255 2865 Multa
1296 2817 1496 2880 prtrter
1538 2808 1654 2863 haec
1698 2807 1751 2863 in
1803 2817 2135 2878 augescente
2182 2806 2268 2861 vel

699 2908 1052 2962 decrescente
1094 2903 1224 2957 luna
1272 2902 1640 2957 observarunt
1689 2900 1881 2955 harum
1920 2914 2103 2954 rerum
2147 2908 2267 2955 stu-

696 2998 857 3061 diosi,
896 2996 963 3050 de
1014 2994 1216 3065 quibus
1263 2992 1444 3063 colligi
1487 2992 1733 3061 quaedam
1779 2991 1977 3045 indicia
2015 2997 2265 3060 possunt,

698 3088 842 3159 quod
872 3102 994 3142 eum
1020 3087 1140 3157 ejus
1168 3084 1368 3140 sideris
1397 3082 1588 3138 formis
1626 3097 1721 3137 aer
1748 3095 1969 3152 quoque
1994 3092 2155 3136 terra!
2184 3084 2268 3136 vi-

2462 522 2656 575 Ἐθετο
2714 519 2890 577 ταῦτα
2927 523 3005 588 είς
3043 524 3248 595 σημεῐα
3303 523 3399 579 καὶ
3450 524 3530 590 είς
3578 526 3827 597 καιρούς.
3867 529 3957 601 Tt;-

2392 613 2612 683 μεγάλῳ
2651 614 2914 683 Βασιλείῳ
2978 615 3253 690 κάνταῦθα
3322 618 3611 688 προσέχειν
3668 635 3730 671 σε
3786 620 3953 684 ἀξιον.

2403 704 2494 757 Ἑν
2525 702 2632 773 γὰρ
2670 706 2735 772 τῇ
2788 705 2867 765 είς
2901 704 3358 777 τὴνἘξαήμερον
3401 709 3536 782 ἕκτῃ
3564 711 3731 765 αὑτοῦ
3771 712 3955 784 ὁμιλία

2386 792 2517 859 περὶ
2546 791 2644 860 τῆς
2671 791 2781 844 τῶν
2825 794 3079 864 ἀστέρων.
3102 801 3539 869 παρατηρήσεως
3564 802 3661 854 καὶ
3692 801 3816 857 τάδε
3858 819 3957 872 φη⁸

2385 881 2493 934 σίν.
2530 878 2833 950 Ἀνσγκαία
2881 882 3019 953 πρὸς
3048 884 3141 938 τὸν
3178 885 3521 958 ἀνθρώπινον
3549 890 3666 959 βίον
3704 892 3813 945 ἀπὸ
3849 893 3960 947 τῶν

2383 973 2689 1042 φωστήρων
2753 974 3233 1044 παρασημείωσις,
3285 978 3381 1032 έάν
3427 981 3499 1050 μή
3546 994 3633 1043 τις
3686 982 3830 1052 πέρα
3860 982 3958 1036 τοῦ

2387 1063 2589 1133 μέτρου
2622 1063 2680 1128 ἐξ
2705 1064 2885 1118 αὐτῶν
2916 1070 3121 1135 σημεῖα
3143 1068 3609 1141 περιεργάζηται.
3644 1072 3823 1127 Πολλά
3856 1076 3958 1144 μιν

2381 1154 2488 1225 γὰρ
2540 1157 2669 1225 περὶ
2721 1156 3030 1228 ἐπομϐρίας
3069 1157 3184 1212 ἔστι
3225 1160 3442 1230 μαθεῖν,
3493 1162 3664 1218 πολλὰ
3711 1164 3768 1219 δὲ
3817 1167 3951 1234 περὶ⁵

2379 1245 2609 1315 αὐχμῶν
2641 1247 2739 1299 καὶ
2775 1248 3110 1316 πνευμάτων
3154 1252 3426 1321 κινήσεως
3454 1253 3487 1318 ἦ
3520 1255 3758 1325 μερικῶν
3785 1257 3817 1317 ἢ
3855 1274 3956 1310 κα-

2379 1338 2561 1402 θόλου,
2606 1336 2799 1407 βιαίων
2838 1340 3164 1409 ἀνειμένων.
3212 1344 3310 1396 Ἒν
3340 1345 3449 1415 γάρ
3484 1363 3537 1399 τι
3583 1347 3691 1400 τῶν
3717 1348 3825 1402 ἀπὸ
3857 1349 3954 1402 τοῦ

2378 1429 2530 1499 ἡλίου
2575 1430 3097 1502 παραδεικνυμένων
3148 1433 3242 1489 καὶ
3290 1436 3319 1487 6
3374 1434 3578 1503 Κύριος
3634 1439 3954 1508 παρέδωκεν

2375 1522 2560 1591 ἡμῶν,
2592 1520 2766 1574 είπὼν
2792 1522 2874 1575 ὅτι
2907 1520 3114 1590 χειμὼν
3145 1523 3322 1577 ισταιο
3357 1526 3647 1593 στυγνάζει
3669 1530 3777 1599 γάρ
3811 1532 3953 1600 πυρ-

2377 1612 2559 1683 ρἀων
2604 1616 2632 1667 6
2680 1614 2934 1681 οὐρανός.
2979 1614 3233 1668 Ἐπειδὰν
3263 1617 3370 1685 γάρ
3394 1616 3464 1671 δι’
3497 1618 3697 1687 ἀχλύος
3742 1620 3775 1688 ἡ
3820 1621 3952 1671 ἀνα-

2375 1706 2517 1775 φορά
2558 1708 2828 1775 γένηται,
2886 1706 3272 1775 ἀμαυροῦνται
3326 1707 3428 1778 μὲν
3470 1710 3529 1762 αί
3577 1712 3798 1775 ἀκτῖνες
3857 1705 3959 1765 τοῦ

2375 1797 2549 1867 ὴλῗου,
2583 1797 2937 1868 ἀνθρακώδης
2968 1799 3025 1851 δὲ
3060 1799 3157 1851 καὶ
3201 1797 3443 1868 ὖφαιμος
3478 1800 3578 1872 τὴν
3606 1802 3774 1870 χρόαν
3818 1803 3951 1872 δρᾶ-

2374 1908 2483 1958 ται,
2537 1890 2849 1962 παχύτητος
2884 1891 2979 1946 τοῦ
3026 1892 3192 1961 ἀέρος
3241 1892 3451 1963 ταύτην
3480 1894 3814 1963 ὲμποιούσης
3848 1895 3950 1965 τὴν

2376 1982 2678 2053 φαντασίαν
2710 1985 2832 2046 ταῖς
2862 1982 3073 2052 ὄψεσιν.
3116 1984 3275 2040 Ἀλλά
3305 1988 3402 2039 καὶ
3443 1988 3662 2041 ἱπειδάν
3688 1990 3720 2059 ἠ
3753 1990 3950 2060 σελήνη

2382 2075 2883 2146 περιλιμνάςηται,
2916 2076 2948 2146 ἢ
2988 2075 3179 2140 ὕδατος
3217 2077 3409 2149 ἀερίου
3451 2078 3657 2149 πλῆθος
3708 2082 3741 2155 ᾖ
3793 2083 3949 2136 νότου

2384 2167 2567 2239 βιαίαν
2599 2168 2812 2238 κίνησιν
2856 2168 3276 2237 ἐπαγγέλλεται.
3317 2171 3427 2224 Καὶ
3452 2170 3532 2241 τῷ
3563 2172 3700 2243 ἡλίῳ
3723 2173 3781 2227 δὲ
3812 2175 3946 2228 ὅταν

2374 2258 2429 2310 αί
2476 2255 2773 2328 λεγόμεναι
2812 2257 2926 2328 ἀλῳ
2958 2258 3403 2329 περιγραφῶσιν,
3434 2261 3467 2332 ἢ
3504 2262 3601 2316 καὶ
3623 2262 3719 2327 οὓς
3746 2263 3953 2334 ὀνομά-

2372 2348 2557 2414 ζουσιν
2609 2350 2949 2419 ἀνθηλίους,
3000 2351 3133 2406 ὅταν
3188 2355 3673 2424 συμπεριτρέχωσι
3724 2359 3791 2429 τῇ
3848 2356 3947 2410 τοῦ

2373 2440 2527 2510 ἡλίου
2567 2443 2731 2511 φορᾷ,
2797 2442 3227 2513 συμπτωμάτων
3279 2442 3443 2498 τινῶν
3488 2445 3680 2516 καίρια
3743 2451 3949 2518 σημεῖα

2371 2530 2608 2600 γίνεται,
2668 2530 2864 2602 ὥσπερ
2921 2532 3015 2587 οὖν
3061 2534 3159 2588 καὶ
3217 2534 3276 2587 αί
3316 2534 3505 2605 ῥάϐδοι
3550 2537 3609 2589 αί
3654 2540 3797 2593 κατά
3849 2540 3953 2610 τὴν

2372 2620 2543 2691 χρόαν
2591 2621 2691 2691 τῆς
2730 2621 2899 2692 ίριδος
2948 2624 3027 2685 είς
3082 2621 3246 2693 ὀρθὸν
3291 2624 3403 2686 τοῖς
3432 2625 3653 2694 νέφεσιν
3691 2630 3955 2697 ἐμφαινὸ-

2373 2731 2533 2784 μεναι
2564 2713 2806 2785 ὄμϐρους
2837 2714 2931 2767 καὶ
2960 2713 3236 2784 χειμῶνας
3289 2712 3564 2780 ιξαισίους
3596 2717 3628 2787 ἢ
3675 2718 3813 2781 ὅλως
3850 2721 3951 2794 τὴν

2369 2802 2465 2858 ἰπὶ
2523 2804 2777 2858 πλεῖστον
2841 2804 3150 2877 μεταϐολὴν
3207 2805 3303 2860 τοῦ
3363 2808 3529 2878 ἀέρος
3589 2808 3948 2869 ἐνδείκνυται.

2371 2894 2552 2951 Πολλά
2571 2895 2629 2949 δὲ
2655 2896 2748 2949 καὶ
2772 2896 2903 2966 περὶ
2941 2896 3176 2968 σελήνην
3197 2898 3578 2969 αὐξανομένην
3618 2899 3651 2967 ἢ
3680 2900 3951 2969 λήγουσαν

2368 2988 2419 3042 οί
2465 2987 2676 3050 τούτοις
2724 2986 3080 3059 ἀσχολακότες
3140 2989 3476 3060 τετηρήκασι
3530 2992 3827 3063 σημειὼδη,
3873 2996 3951 3058 ὡς

2367 3079 2462 3135 τοῦ
2492 3082 2621 3152 περὶ
2653 3081 2756 3150 γῆν
2798 3081 2963 3153 ἀέρος
2985 3083 3297 3152 ἀναγκαίοις
3332 3088 3446 3148 τοῖς
3486 3090 3759 3160 σχήμασιν
3778 3092 3946 3160 αὐτῆς

696 3183 854 3236 cinus
890 3185 1281 3235 commutetur.
1320 3175 1455 3230 Nam
1488 3176 1531 3230 si
1569 3175 1749 3229 tenuis
1781 3188 2027 3244 puraque
2078 3173 2149 3228 sit
2180 3173 2266 3229 die

2372 3172 2976 3267 συμμεταϐαλλομένουο
3013 3173 3185 3247 λεπτὴ
3240 3177 3341 3247 μὶν
3389 3179 3498 3250 γὰρ
3523 3181 3662 3237 οὖσα
3688 3185 3814 3256 περὶ
3848 3186 3946 3255 τὴν

697 3272 882 3335 tertin,
909 3268 1259 3323 serenitatem
1293 3266 1596 3320 durabilem
1645 3265 1979 3335 pollicetur:
2020 3267 2104 3319 sin
2139 3280 2264 3319 ver-

693 3379 787 3417 sus
810 3358 1186 3416 extremitates
1209 3373 1389 3412 crassa
1413 3366 1467 3411 et
1498 3357 1921 3421 subrubescens,
1952 3357 2030 3410 vel
2064 3373 2261 3427 aquam

693 3470 725 3509 e
754 3452 999 3508 nubibus
1027 3451 1304 3519 copiosam
1329 3449 1411 3504 vel
1442 3448 1612 3503 austri
1635 3449 2046 3503 concitatiorem
2074 3448 2261 3502 ﬂatum

693 3547 955 3601 minatur.
997 3543 1214 3613 Ignorat
1244 3550 1425 3595 autem
1459 3557 1617 3595 nemo
1644 3549 1909 3610 quantum
1950 3541 2141 3593 harum
2171 3554 2261 3593 re-

692 3653 813 3692 rutn
847 3633 1107 3690 iudicatio
1143 3633 1264 3686 vitre
1309 3632 1560 3684 humanae
1591 3630 1844 3684 utilitatis
1877 3627 2089 3683 afferat.
2126 3626 2262 3681 Nam

688 3742 745 3786 et
779 3729 815 3784 ii
846 3729 939 3799 qui
983 3726 1258 3796 navigant,
1307 3722 1377 3777 ad
1413 3723 1593 3777 sidera
1638 3723 1997 3791 respicientes
2048 3733 2259 3775 rectum

689 3821 793 3874 iter
832 3818 1146 3876 instituunt.
1182 3828 1485 3883 eorumque
1522 3812 1660 3867 situs
1693 3812 1962 3867 rationem
1997 3811 2262 3865 habentes

689 3909 967 3980 navigium
1016 3906 1283 3975 dirigunt.
1332 3902 1470 3958 Cum
1519 3904 1667 3958 enim
1712 3904 1792 3958 sic
1836 3912 2150 3973 comparata
2191 3901 2263 3955 sit

686 4014 955 4070 aquarum
990 4007 1208 4061 natura,
1258 3995 1408 4048 nulla
1463 4003 1666 4047 restent
1693 4004 1750 4047 ut
1798 3993 1850 4047 in
1901 3995 1985 4048 eis
2030 3992 2261 4060 vestigia

683 4093 890 4162 quibus
932 4087 1330 4144 animadversis
1375 4086 1571 4159 itinera
1620 4086 1752 4139 mari
1806 4084 2069 4139 facientes
2119 4082 2257 4135 citra

684 4183 1090 4236 dubitationem
1136 4178 1580 4249 progrediantur,
1628 4184 1916 4246 propterea
1964 4175 2109 4229 Deus
2151 4173 2262 4227 illis

681 4276 780 4345 qui
804 4274 985 4343 atttpla
1016 4272 1294 4344 trajiciunt
1329 4270 1495 4324 maria
1532 4270 1696 4323 situm
1730 4277 2004 4322 astrorum
2035 4281 2262 4320 conces-

685 4372 759 4425 sit
791 4379 1049 4438 tanquam
1084 4366 1416 4420 marinarum
1446 4363 1767 4417 setnitarum
1802 4360 2051 4430 vestigia.
2080 4360 2158 4412 Ac
2192 4358 2260 4413 de

680 4465 771 4518 liis
799 4462 1023 4532 quidem
1062 4460 1178 4514 hac
1210 4467 1523 4512 sanctorum
1560 4455 1782 4509 Patrum
1832 4462 1919 4506 est
1963 4451 2256 4506 sententia.

756 4556 954 4621 Verum
985 4551 1076 4606 alii
1102 4549 1325 4620 quidam
1352 4548 1559 4601 dictum
1594 4545 1725 4599 illud
1761 4544 2076 4607 Mosaieum,
2110 4541 2257 4612 quod
2291 4532 2339 4592 D

679 4644 773 4698 ind
785 4648 862 4699 ica
874 4654 885 4695 ι
897 4659 984 4697 um
1004 4658 1032 4695 a
1050 4641 1206 4695 nobis
1221 4652 1324 4702 est,
1350 4647 1674 4693 enarrantes
1690 4636 1975 4715 persideru
1987 4650 2034 4688 ιη
2049 4634 2274 4689 commi-

680 4739 917 4791 stionem
954 4747 1117 4804 atque
1136 4732 1451 4787 distantiam
1473 4730 1758 4783 universas
1777 4742 1862 4781 res
1890 4727 2158 4780 humanas
2174 4724 2271 4778 ad-

681 4828 986 4883 ministrari
1024 4827 1245 4896 regique
1279 4822 1521 4885 tradunt,
1561 4818 2273 4890 prosiieritatemetadver-

678 4936 795 4976 sam
830 4918 1104 4972 fortunam
1139 4915 1377 4969 indidem
1402 4911 1756 4974 deducentes,
1784 4909 2030 4978 adeoque
2064 4906 2270 4975 simpli-

676 5015 817 5066 citer
841 5010 1021 5065 omnia
1043 5022 1386 5079 quaecunque
1418 5003 1659 5075 singulos
1679 5002 1733 5056 itt
1766 5002 1881 5055 dies
1913 5001 2033 5053 vita:
2057 5010 2258 5052 morta-

674 5107 809 5160 lium
837 5102 1115 5157 accidunt.
1140 5102 1207 5153 At
1234 5098 1343 5152 noli
1376 5106 1428 5151 ttt
1456 5096 1819 5157 committere,
1853 5093 2048 5147 dilecte
2079 5090 2174 5155 fili,
2201 5099 2260 5144 ut

675 5195 987 5269 huiusmodi
1021 5190 1445 5270 cogitationibus
1480 5189 1641 5243 fidem
1690 5188 1914 5245 habeas.
1972 5185 2074 5239 ntsi
2125 5184 2256 5237 velis

673 5294 741 5341 ob
770 5304 887 5341 eum
921 5300 1142 5339 causam
1172 5281 1355 5350 iniqua
1388 5277 1724 5349 deprehendi
1750 5277 1949 5341 sidera,
1981 5275 2252 5345 siquidem

671 5380 809 5432 alios
842 5385 1176 5428 scortatores
1198 5370 1461 5431 cilicium,
1493 5368 1630 5422 alios
1665 5366 1964 5429 adulteros,
1991 5366 2128 5420 alios
2153 5366 2254 5418 lto-

673 5471 901 5525 [nitidas
940 5478 994 5521 et
1024 5464 1327 5535 prccdottes.
1367 5463 1509 5529 Quin
1541 5462 1705 5516 etiam
1757 5470 1881 5514 ante
1921 5461 2034 5530 ipsa
2077 5461 2255 5514 sidera

672 5563 1038 5616 ben-.eurntn
1079 5556 1256 5626 opifex
1318 5554 1541 5623 iniquus
1594 5554 1954 5621 reperiretur,
2019 5553 2110 5619 qui
2166 5570 2256 5623 ge-

672 5655 908 5705 ίιιιξεείινη
949 5649 1086 5709 ίςιιὶε
1121 5656 1173 5700 Cl
1228 5648 1483 5701 lC'mitrns
1545 5656 1816 5697 t'VirCiil.!S
1874 5646 2255 5712 pert‘afortluts

742 5830 780 5854 “
821 5822 911 5873 ἰζ-ι’
954 5824 979 5873 l;
1042 5838 1147 5874 \‘H.
1194 5820 1243 5871 ὖ.

2366 3264 2554 3334 τρίτην
2594 3265 2808 3336 ἡμέραν
2851 3266 2945 3319 καὶ
3001 3266 3216 3339 καθαρὰ
3260 3269 3536 3341 σταθηράν
3585 3274 3766 3329 εὐδίαν
3821 3294 3951 3330 κατ-

2368 3355 2788 3423 επαγγέλλεται,
2804 3359 3005 3425 παχεῖα
3022 3357 3077 3410 δὲ
3100 3360 3219 3421 ταῖς
3245 3362 3495 3432 κεραίαις
3527 3365 3622 3418 καὶ
3644 3366 3950 3437 ὑπέρυθρος

2368 3448 2666 3517 φαινομένη
2695 3446 2727 3515 ἢ
2760 3446 2903 3517 ὕδωρ
2930 3448 3129 3519 λάϐρον
3156 3452 3262 3503 ἀπὸ
3306 3470 3484 3523 νεφων
3514 3456 3546 3526 ἢ
3585 3462 3737 3510 νότου
3767 3458 3948 3527 βιαίαν

2365 3538 2579 3605 κίνησιν
2613 3536 2847 3591 ἀπειλεῖ.
2892 3538 3005 3609 Τὴν
3043 3539 3098 3591 δὲ
3152 3542 3216 3593 ὲκ
3245 3542 3451 3597 τούτων
3489 3547 3789 3616 σημείωσιν
3823 3550 3945 3603 ὅσον

2365 3628 2443 3696 τῷ
2483 3626 2583 3697 βίῳ
2614 3629 2917 3697 παρέχεται
2961 3629 3023 3682 τὸ
3069 3630 3341 3703 ὠφέλιμον
3370 3636 3546 3700 οὐδεὶς
3578 3641 3777 3707 ἀγνοεῖ.
3803 3640 3946 3712 Ὅρα

2365 3725 2474 3790 γὰρ
2505 3722 2586 3774 ὅτι
2618 3725 2714 3773 καὶ
2752 3722 2801 3772 oi
2832 3722 3238 3791 ναυτιλλόμενοι
3286 3728 3424 3796 πρός
3470 3745 3531 3795 γε
3559 3730 3684 3793 τοὺς
3713 3734 3946 3800 ἀστέρας

2364 3816 2594 3885 ὁρῶντες
2644 3813 2742 3884 τὴν
2779 3814 2982 3884 ἀκριϐῆ
3026 3816 3210 3885 τρίϐον
3236 3818 3480 3872 ὁδεύουσι
3515 3825 3610 3875 καὶ
3641 3828 3710 3893 τῇ
3738 3830 3943 3879 τούτων

2366 3907 2517 3959 θέσει
2556 3906 2914 3975 προσέχοντες
2945 3907 3005 3960 τὸ
3043 3908 3251 3977 σκάφος
3293 3910 3583 3966 ίθύνουσιν·
3619 3917 3805 3986 ἐπειδὴ
3837 3921 3945 3989 γάρ

2365 3999 2429 4050 οὐ
2457 3998 2669 4067 δέχεται
2709 3999 2817 4051 τῶν
2858 3999 3067 4053 ὑδάτων
3099 4001 3131 4071 ἡ
3165 4002 3327 4070 φύσις
3376 4004 3529 4076 ῐχνη,
3563 4002 3645 4072 οἷς
3696 4012 3744 4063 οί
3778 4012 3946 4067 ὁδῖται

2366 4089 2720 4157 προσέχοντες
2768 4086 3139 4155 ἀναμφεϐολον
3186 4091 3283 4158 τὴν
3332 4095 3559 4161 πορείαν
3619 4095 3945 4162 ποιοῦνται,

2363 4179 2594 4232 δέδωκεν
2621 4180 2649 4229 6
2685 4177 2816 4240 θεὸς
2859 4180 2972 4239 τοῖς
3009 4179 3199 4248 μακρά
3232 4181 3539 4249 διαπερῶσι
3586 4186 3798 4258 πελάγη
3831 4181 3947 4241 οἷον

2366 4273 2484 4341 ῐχνη
2535 4268 2645 4321 τῶν
2700 4266 3001 4321 θαλαττίων
3048 4270 3271 4337 τρίϐων,
3304 4272 3412 4325 τῶν
3449 4276 3696 4345 ἀστέρων
3729 4277 3827 4349 τὴν
3862 4277 3950 4331 eg.

2366 4378 2471 4414 σιν.
2526 4361 2637 4414 Καὶ
2679 4357 2821 4412 οὕτω
2878 4356 2978 4428 μὲν
3029 4363 3157 4429 περὶ
3202 4360 3409 4416 τούτων
3446 4366 3555 4429 τοῖς
3603 4366 3777 4437 ἁγίοις
3832 4370 3948 4422 Πα-

2362 4454 2519 4524 τρὰσι
2544 4452 2713 4506 δοκεῖ.

2440 4544 2657 4615 Ἕτεροι
2687 4546 2743 4600 δὲ
2771 4547 2831 4600 τὸ
2861 4547 3153 4618 διαληφθὲν
3180 4547 3694 4618 παρερμηνεύοντες
3723 4550 3951 4605 Μωσαῖ-

2370 4639 2465 4690 κδν
2501 4640 2693 4709 ῥητὸν,
2729 4642 2793 4693 ὲκ
2827 4641 2926 4711 τῆς
2958 4641 3066 4694 τῶν
3100 4640 3342 4709 ἀστέρων
3376 4642 3729 4712 συγκράσεὼς
3761 4661 3819 4697 τε
3855 4649 3951 4698 καὶ

2367 4728 2699 4793 διαστάσεως
2736 4732 2954 4800 λέγουσι
2987 4732 3056 4784 τὰ
3088 4731 3211 4784 καθ’
3237 4734 3385 4803 ἡμᾶς
3418 4733 3595 4788 πάντα
3627 4734 3948 4791 διοικεῖσθαι

2366 4822 2461 4872 καὶ
2490 4821 2853 4889 ἱιεξάγεσυαι,
2886 4822 3192 4893 εὐπραγίαν
3222 4840 3279 4877 τε
3312 4826 3406 4878 καλ⁵
3434 4825 3774 4895 δυσπραγίαν
3804 4830 3951 4881 έκεῖ-

2368 4912 2458 4965 θεν
2489 4915 2819 4982 κατάγουσι,
2852 4916 2947 4968 καὶ
2976 4915 3157 4978 ἁπλῶς
3187 4916 3288 4970 ὅσα
3318 4916 3396 4985 τῷ
3431 4915 3529 4986 βίῳ
3561 4918 3682 4971 καθ’
3708 4920 3951 4989 ἑκάστην

2366 5004 2782 5074 ἀπροσδοκήτως
2813 5004 3235 5073 συμπίπτουσιν.
3270 5005 3427 5058 Ἀλλά
3456 5007 3531 5077 μὴ
3560 5009 3623 5059 σύ
3650 5024 3733 5075 γε,
3758 5012 3950 5062 τέκνον

2366 5092 2753 5161 ἠγαπημένον,
2785 5095 3043 5156 τοιούτοις
3073 5095 3209 5156 ὅλως
3238 5096 3446 5167 ἀνάσχῃ
3480 5096 3763 5151 πείθεσθαι
3794 5098 3951 5168 λογι-

2366 5187 2553 5252 σμοῖς,
2591 5185 2637 5236 εί
2682 5183 2755 5252 μὴ
2797 5183 2978 5253 βούλει
3010 5188 3134 5247 τοὺς
3173 5186 3407 5253 ἀστέρας
3446 5186 3697 5240 ἐντεῦθεν
3731 5188 3950 5251 ἀδίκους

2362 5276 2731 5343 εὑρίσκεσθαι,
2764 5276 2816 5328 ετ
2843 5292 2903 5344 γε
2936 5276 3059 5337 τοὺς
3092 5277 3191 5345 μὲν
3218 5278 3716 5348 ποιοῦσιμπόρνους,
3742 5280 3861 5343 τοὺς
3891 5281 3948 5333 δὲ

2358 5368 2616 5436 μοιχοὺς,
2671 5369 2763 5420 καὶ
2816 5368 3010 5431 ἆῖολους
3059 5370 3220 5423 πάλιν
3270 5345 3471 5453 vove-al
3518 5345 3615 5424 καὶ
3663 5372 3946 5441 ἅρπαγας.

2368 5459 2529 5512 Ἀλλά
2564 5462 2653 5511 καὶ
2688 5461 2793 5528 πρὸ
2826 5460 2936 5512 τῶν
2965 5462 3213 5532 ἀστέρων
3242 5462 3405 5525 αὐτὸς
3436 5457 3502 5515 ἀν
3529 5465 3556 5515 6
3585 5463 3813 5534 ποιητὴς
3847 5468 3950 5516 αὑ-

2355 5554 2461 5603 τὼν
2488 5554 2618 5615 θεῖς
2650 5552 2836 5616 ἄδικος
2870 5553 3144 5623 εὑρεθείη,
3170 5554 3398 5621 γέενναν
3430 5555 3602 5623 πυρὸς
3624 5559 3734 5617 τοῖς
3768 5558 3952 5627 ἀμαρ-

2357 5645 2544 5709 τωλοῖς
2579 5645 2821 5699 ἀπειλῶν
2853 5647 2943 5701 καὶ
2980 5646 3168 5710 σκότος
3202 5646 3490 5715 ἐξώτερον.
3529 5648 3667 5701 Ἀλλ’
3692 5650 3792 5702 οὐκ
3830 5650 3949 5703 ἔστι
