4214 6442
262 400 334 462 73
1090 391 1095 395 ’
1531 403 1938 465 ANNALIUM
1980 406 2172 465 rans
2216 408 2258 464 ι.
3430 412 3499 471 τι

261 514 455 578 τοῦτο,
484 516 583 570 οὐκ
614 517 761 571 ἔστιν
783 536 797 550 ·
833 518 1176 585 αύτεξούσιος
1210 522 1314 590 γὰρ
1344 521 1418 572 ὢν
1446 522 1475 573 ὁ
1508 519 1626 573 κατ’
1650 520 1835 573 εἰκόνα

1947 518 2196 573 minatur.
2275 518 2392 573 Non
2445 532 2530 575 est
2568 533 2748 575 autem
2811 524 2911 576 hoc
2984 539 3195 586 verum,
3254 539 3358 575 ttutt
3400 535 3504 576 est.

263 606 402 659 Θεοῦ
440 609 803 678 γεγενημένος
838 610 1122 680 ἄνθρωπος
1156 612 1462 682 εἱμαρμένῃ
1502 613 1595 665 καὶ
1631 613 1830 681 ἄστρα-

267 713 352 748 σιν
381 697 478 767 ούχ
506 698 813 754 ὑπόκειται.
846 701 907 753 ΕΞ
936 702 1045 772 γὰρ
1070 702 1227 756 τοῦτο
1255 699 1353 772 ἦν,
1388 704 1486 756 οὐκ
1517 704 1584 757 ἂν
1614 707 1726 766 τοῖς
1759 703 1832 773 μὴ

266 787 409 840 κατὰ
449 787 674 859 γνώμην
706 792 1080 861 ἁμαρτάνωσι
1124 794 1234 863 πῦρ
1273 797 1301 847 ὁ
1336 793 1469 859 Θεὸς
1508 793 1603 846 καὶ
1645 795 1834 857 σκότος

266 876 581 946 ἠπείλησεν.
607 879 729 931 Ὀτι
761 880 820 935 δὲ
855 881 1171 953 βλασφημία
1202 882 1347 936 ἐστὶν
1380 883 1461 945 είς
1495 883 1626 937 Θεὸν
1652 884 1714 936 τὸ
1745 900 1834 937 νο-

267 966 449 1034 μίζειν
474 967 535 1032 ἐξ
563 969 809 1037 ἀστέρων
838 972 1085 1040 γίνεσθαι
1110 974 1233 1037 τοὺς
1265 975 1365 1044 μὲν
1393 974 1504 1028 τῶν
1532 974 1833 1045 ἀνθρώπων

266 1062 490 1128 φονέας,
518 1061 642 1123 τοὺς
669 1062 727 1115 δὲ
758 1065 919 1117 πάλιν
946 1064 1223 1137 ἅρπαγας,
1245 1068 1273 1119 ὁ
1302 1068 1596 1137 κορυφαῖος
1629 1067 1834 1137 Πέτρος

263 1149 536 1221 ἀριδή).ως
573 1154 730 1207 τοῦτο
765 1154 965 1223 διδάξει
1006 1175 1066 1210 σε
1105 1160 1241 1229 πρὸς
1277 1154 1539 1214 Φαῦστον.
1580 1161 1686 1214 Καὶ
1727 1160 1834 1229 γὰρ

264 1246 396 1309 περὶ
428 1243 692 1309 γενέσεως
726 1247 1102 1318 διαλεγόμενος
1135 1251 1231 1305 καὶ
1263 1252 1388 1306 τάδε
1422 1253 1558 1322 πρὸς
1593 1253 1703 1314 τοῖς
1737 1251 1834 1306 ἀλ·

262 1330 377 1393 λοι;
411 1332 598 1401 ἔλεγεν
621 1352 635 1366 ·
676 1354 695 1388 ι
736 1336 878 1405 Ἐγὼ
913 1340 1011 1408 μὲν
1041 1341 1399 1411 ἀστρολογίας
1434 1340 1695 1411 ἔμπειρος
1733 1341 1834 1394 οὐκ

264 1423 381 1487 εἰμὶ
400 1462 413 1485 ,
432 1422 588 1477 ’ὥστε
619 1426 718 1496 τὴν
751 1428 963 1495 γένεσιν
993 1430 1088 1484 ἀπ’
1114 1432 1286 1502 αὐτῆς
1317 1433 1418 1499 τῆς
1451 1433 1594 1486 κατά
1621 1433 1835 1500 γένεσιν

262 1513 574 1583 ἐπιστήμης
614 1515 1032 1582 ἀνασκευάζειν.
1059 1522 1240 1600 jam.)
1279 1523 1337 1577 δὲ
1375 1525 1563 1596 τρόπῳ
1601 1526 1834 1596 δύναμαι

261 1602 642 1658 ἀποδεικνύειν
668 1608 750 1661 ὅτι
782 1610 921 1663 κατά
957 1611 1214 1682 πρόνοιαν
1242 1612 1527 1670 διοικεῖται
1557 1617 1623 1670 τά
1656 1617 1834 1687 πραγ-

266 1709 416 1759 ματα
441 1708 456 1724 ⁸
489 1695 715 1763 ἕκαστος
755 1700 863 1769 γὰρ
901 1703 1038 1773 πρὸς
1074 1702 1111 1757 ἃ,
1151 1706 1380 1774 πράττει
1411 1707 1578 1776 τιμῆς
1616 1709 1710 1760 καὶ
1748 1724 1833 1760 κς-

262 1784 473 1849 λὰσεως
517 1788 789 1855 τεύξεται.
844 1810 863 1844 ι
909 1790 1340 1866 ’Λμαρτάνουσιν
1384 1792 1478 1851 οὖν
1522 1800 1572 1851 οἱ
1621 1800 1834 1865 γένεσιν

1935 609 2145 678 Quippe
2165 611 2231 664 ad
2262 610 2549 680 imaginem
2586 612 2676 665 Dei
2706 614 2959 667 conditus
2997 614 3179 674 homo,
3238 630 3360 663 enm
3396 616 3504 664 su.-

1933 712 2044 753 met
2082 700 2253 769 ipsius
2284 702 2358 754 sit
2388 716 2629 771 compos,
2664 717 2765 757 nec
2788 702 2896 756 fato
2927 718 3025 755 nec
3058 703 3334 755 sideribus
3387 720 3508 755 esse

1932 790 2212 860 subjectus
2240 800 2455 860 potest;
2480 792 2625 861 quod
2656 792 2701 847 si
2730 792 2907 847 locum
2944 792 3188 848 haberet.
3221 809 3326 845 non
3364 793 3506 845 lit-us

1932 890 2128 950 praeter
2156 882 2324 936 animi
2347 883 2676 936 sententiam
2724 885 3075 951 peccantibus
3135 883 3312 949 ignem
3346 894 3507 949 atque

1934 971 2189 1025 tenebras
2214 972 2455 1028 minatus
2482 974 2699 1028 fuisset.
2750 974 2815 1027 Et
2841 972 2956 1027 fieri
3012 990 3143 1028 sane
3200 975 3509 1027 ρωινὶυἰιιιιι

1935 1061 2066 1123 Deo,
2092 1077 2217 1118 cum
2247 1063 2372 1132 quis
2401 1065 2682 1118 existimat
2732 1080 2829 1134 per
2859 1066 3042 1120 sidera
3077 1066 3343 1135 quosdam
3409 1066 3510 1119 lio-

1933 1149 2161 1205 micidas
2186 1150 2352 1217 eftici,
2387 1153 2652 1223 quosdam
2685 1166 2955 1224 raptores,
2992 1170 3253 1223 summus
3293 1156 3381 1210 illc
3417 1156 3516 1208 Pe-

1935 1250 2053 1297 trus
2078 1243 2147 1297 ad
2177 1244 2435 1298 Faustum
2470 1246 2720 1302 scribens
2749 1256 2801 1302 te
2831 1248 3071 1303 docebit.
3104 1248 3237 1302 Nam
3263 1248 3329 1301 de
3363 1258 3516 1300 nata-

1936 1332 2057 1385 litio
2092 1333 2276 1388 sidere
2299 1334 2582 1389 disserens
2619 1337 2733 1391 haec
2758 1339 2900 1392 inter
2928 1338 3030 1392 alia
3065 1337 3300 1407 profert:
3325 1337 3516 1405 «Equi-

1933 1422 2057 1476 dem
2094 1424 2404 1494 astrologiae
2432 1440 2540 1479 non
2580 1442 2698 1481 sum
2730 1430 2959 1496 peritus,
2994 1439 3052 1481 ut
3077 1430 3415 1483 nativitatem
3447 1446 3513 1483 ex

1932 1512 2048 1581 ipsa
2085 1512 2151 1567 de
2176 1515 2428 1568 natalitio
2460 1517 2643 1571 sidere
2691 1519 2922 1573 scientia
2974 1521 3226 1575 refellere
3260 1521 3458 1589 possint
3497 1536 3507 1569 ε

1934 1616 2125 1657 verum
2158 1603 2262 1673 27
2287 1605 2396 1659 alio
2420 1607 2656 1674 quodam
2688 1608 2850 1662 modo
2873 1625 3095 1678 possum
3133 1611 3514 1663 demonstrare

1935 1710 2024 1749 res
2063 1694 2329 1750 humanas
2358 1712 2386 1749 a
2411 1698 2765 1753 Providentia
2805 1701 3123 1769 gubernari.
3190 1703 3323 1754 Nam
3360 1704 3513 1767 ιμιὶετ

1933 1800 2040 1854 que
2076 1801 2171 1854 pro
2213 1801 2403 1841 eorum
2452 1803 2573 1857 qua:
2603 1790 2714 1858 agit
2742 1792 2951 1845 ratione
2989 1793 3071 1844 Vel
3111 1793 3376 1845 bnnorom
3433 1794 3514 1845 vel

262 1874 603 1943 εἰσάγοντες,
654 1878 818 1933 αὐτὸν
855 1881 924 1934 τὰ
952 1884 1127 1937 πάντα
1173 1884 1655 1958 δημιουργήσαντα
1702 1888 1834 1941 Θεὸν

1947 1891 2155 1944 pmnam
2186 1891 2579 1948 consequetur.
2614 1880 2982 1946 Quamobrem
3015 1895 3201 1937 errant
3243 1885 3335 1954 qui
3370 1893 3523 1938 nata-

264 1966 741 2037 βλασφημοῦντες.
780 1972 905 2027 Ἐπὶ
938 1974 1151 2039 τούτοις
1189 1979 1298 2047 γὰρ
1332 1978 1424 2031 τοῦ
1467 1980 1721 2049 γέροντος
1761 1984 1836 2034 εί-

263 2058 460 2122 πύντος
494 2061 575 2114 ὅτι
612 2061 956 2135 βλασφημεῖν
991 2071 1107 2122 ἐστι
1138 2068 1200 2123 τὸ
1235 2070 1414 2140 λέγειν
1447 2074 1526 2126 ὅτι
1561 2077 1628 2127 τὰ
1663 2076 1837 2130 πάντα

262 2150 480 2217 γενέσει
524 2153 837 2223 ὑπόκειται,
883 2159 980 2211 καὶ
1024 2162 1164 2214 πάνυ
1207 2164 1234 2215 δ
1273 2163 1478 2233 Πέτρος
1523 2166 1730 2233 ἔλεγεν.
1776 2168 1837 2219 Εἰ

263 2241 375 2328 γάρ
412 2245 586 2301 πᾶσαι
619 2246 676 2300 at
708 2247 819 2302 τῶν
850 2249 1155 2322 ἀνθρώπων
1190 2256 1460 2325 ἁμαρτίαι
1497 2256 1555 2323 ἐξ
1589 2261 1840 2328 ἀστέρων

263 2327 545 2397 γίνονται,
578 2334 626 2387 oi
657 2334 715 2386 δὲ
746 2338 977 2406 ἀστέρες
1005 2339 1110 2394 ύπδ
1135 2342 1272 2396 Θεοῦ
1306 2344 1478 2399 ταῦτα
1512 2350 1684 2401 ποιεῖν
1713 2327 1841 2402 isd-

264 2418 476 2487 χθησαν
497 2458 515 2483 ,
550 2420 637 2475 ἵνα
677 2422 898 2477 πάντων
927 2428 1184 2496 χαλεπῶν
1215 2430 1708 2501 ἀποτελεσματικοὶ
1744 2435 1840 2503 γέ-

268 2526 502 2575 νωνται,
534 2513 790 2570 ἀπάντων
815 2517 1001 2572 λοιπὸν
1030 2522 1085 2573 αἱ
1116 2521 1381 2592 ἁμαρτίαι
1411 2525 1489 2588 εἰς
1519 2525 1682 2578 αὐτὸν
1707 2526 1840 2578 ἁνα-

270 2604 525 2669 φέρονται
557 2608 647 2660 τὸν
677 2609 775 2679 τὴν
810 2613 1019 2680 γένεσιν
1054 2615 1269 2670 ἐνδόντα
1301 2619 1415 2680 τοῖς
1448 2617 1703 2688 ἄστρασι.
1736 2620 1844 2673 Καὶ

266 2712 336 2746 τα
370 2697 468 2765 μὲν
499 2700 590 2750 :05
626 2703 922 2771 κορυφαίου
954 2706 1180 2762 τοιαῦτα
1205 2725 1220 2740 ο
1253 2708 1355 2778 ὅρα
1385 2709 1440 2763 δὲ
1470 2711 1566 2764 καὶ
1595 2714 1645 2762 τι
1680 2728 1844 2780 φησιν

268 2783 296 2832 δ
332 2784 503 2851 μέγας
541 2786 811 2854 Βασίλειος
842 2794 900 2847 ὲν
929 2794 1005 2863 τῷ
1035 2797 1165 2868 περὶ
1196 2799 1500 2868 φωστήρων
1528 2801 1673 2869 ἕκτῳ
1703 2801 1846 2873 λόγῳ

270 2874 462 2929 αὐτοῦ.
494 2877 605 2947 Τὴν
636 2881 745 2949 γὰρ
773 2883 1169 2956 ἀστρολογικὴν
1196 2886 1392 2959 τέχνην
1419 2891 1512 2941 ἐπὶ
1544 2891 1708 2959 μέσου
1742 2910 1846 2946 πα-

271 2965 493 3031 ράγων,
530 2970 623 3022 καὶ
658 2970 805 3035 ὅπως
842 2973 954 3043 ἔχει
995 2975 1217 3043 μεθόδου
1259 2979 1670 3045 κατεξετάςων,
1704 2983 1846 3036 οὕτω

270 3056 416 3107 κατά
439 3059 588 3126 ῥῆμα
610 3060 864 3127 διέξεισιν
885 3080 900 3095 ο
934 3082 951 3116 ι
990 3066 1080 3119 Ἑν
1104 3067 1168 3137 δὴ
1195 3070 1407 3133 τούτοις
1430 3074 1545 3136 τοῖς
1568 3071 1843 3142 λογισμοῖς

270 3145 409 3197 πολὺ
454 3148 554 3215 μὲν
589 3150 649 3201 τὸ
693 3152 942 3222 ἀνόητον,
988 3156 1386 3213 πολλαπλάσιον
1425 3159 1481 3213 δὲ
1523 3162 1583 3213 τδ
1627 3164 1842 3226 ἀσεσές.

275 3235 434 3300 Τίνος
457 3236 643 3294 ἕνεκεν
660 3240 811 3307 ςὈτι
837 3244 888 3297 οι
917 3247 1199 3301 κακοποιοὶ
1225 3248 1336 3302 τῶν
1360 3250 1607 3321 ἀστέρων
1623 3254 1721 3324 τῆς
1743 3255 1843 3308 αύ-

272 3326 383 3379 τῶν
418 3331 686 3400 πονηρίας
720 3333 813 3385 ἐπὶ
844 3334 935 3388 τὸν
969 3338 1273 3407 ποιήσαντα
1306 3340 1502 3404 αὐτοὺς
1537 3344 1634 3415 τὴν
1670 3344 1848 3397 αἰτίαν

277 3421 683 3486 μετατιθέατιν.
709 3426 943 3483 Ἔπειτα
982 3432 1030 3482 ει
1072 3432 1164 3484 καὶ
1200 3431 1310 3485 τῶν
1348 3433 1477 3501 περὶ
1516 3436 1716 3490 κακίαν
1756 3438 1850 3489 καὶ

270 3510 474 3581 ἀρετὴν
513 3515 905 3585 ένεργημάτων
943 3520 1045 3574 οὐκ
1088 3523 1153 3574 ὲκ
1191 3522 1284 3575 τοῦ
1331 3523 1571 3596 ὲφήμῖν
1613 3529 1752 3580 εἰσιν
1793 3530 1849 3580 αι

274 3602 595 3670 ἀρχαῖ,ἀλλ’
618 3608 683 3659 ὲκ
704 3607 802 3678 τῆς
818 3610 1083 3676 γενέσεως
1108 3614 1165 3665 αἱ
1191 3614 1451 3682 ἀνάγκαι,
1476 3618 1724 3687 περιττοὶ
1752 3623 1850 3689 μὲν

273 3692 326 3743 οι
353 3693 637 3763 νομοθέται
662 3697 731 3751 τά
762 3701 1013 3770 πρακτέα
1043 3703 1177 3773 ἡμῖν
1200 3706 1297 3759 καὶ
1322 3706 1388 3761 τὰ
1419 3709 1655 3777 φευκτέα
1683 3709 1849 3780 διορί-

273 3782 483 3851 ζοντες,
512 3792 754 3862 περιττοὶ
784 3793 843 3848 δὲ
872 3795 921 3847 οἱ
951 3794 1204 3851 δικασταὶ
1235 3799 1437 3871 ἀρετὴν
1461 3802 1725 3872 τιμῶντες
1756 3804 1847 3857 καὶ

275 3879 542 3947 πονηρίαν
583 3880 900 3949 κολάζοντες
924 3901 940 3921 ο
976 3886 1037 3940 οὐ
1086 3886 1187 3957 μὲν
1223 3890 1335 3960 γὰρ
1372 3889 1469 3943 τοῦ
1512 3892 1747 3947 κλέπτου
1790 3894 1852 3947 τὸ

273 3966 541 4038 ἀδίκημα,
571 3971 691 4024 οὐδὲ
721 3973 816 4027 τοῦ
848 3974 1076 4044 φονέως,
1105 3969 1149 4045 ᾧ
1178 3993 1241 4046 γε
1271 3979 1391 4032 οὐδὲ
1421 3978 1735 4050 βουλομένῳ
1762 3984 1852 4037 δυ-

274 4059 437 4113 νατὸν
468 4056 536 4132 ἦν
567 4066 788 4134 κρατεῖν
820 4065 922 4133 τῆς
960 4069 1161 4139 χειρός.
1203 4069 1344 4124 Ἀλλ’
1372 4071 1473 4126 οὐκ
1510 4071 1625 4126 ἔστι
1659 4075 1849 4138 τοῦτο,

273 4151 377 4203 οὐκ
402 4151 549 4203 ἐστιν
568 4168 584 4186 ο
610 4155 958 4221 αύτεξούσιος
982 4157 1090 4232 γὰρ
1116 4161 1144 4212 ὀ
1167 4161 1475 4231 ἄνθρωπος,
1500 4165 1583 4218 ὅτι
1610 4168 1705 4221 καὶ
1730 4167 1853 4220 κατ’

273 4245 462 4297 εἰκόνα
500 4247 753 4318 παρήχθη
794 4248 969 4315 Θεοῦ,
1009 4245 1160 4320 έφίἶ)
1200 4255 1414 4322 γενέσει
1455 4258 1545 4309 καὶ
1586 4257 1852 4329 ἄστρασιν

274 4339 375 4407 οὐχ
400 4337 710 4414 ὑπόκειται.
741 4359 760 4391 ι
789 4342 913 4406 Τοῖς
941 4344 1125 4412 μέντοι
1154 4347 1585 4415 προσπταίουσιν
1608 4351 1855 4422 ὁπωσδή-

171 4441 179 4446 ·
274 4446 405 4482 ποτε
434 4430 553 4483 καθ’
577 4433 939 4504 εἱμαρμένην,
967 4434 1043 4498 ὡς
1067 4436 1305 4506 εἴρηται,
1334 4441 1428 4492 καὶ
1456 4442 1852 4510 συγγινώσκειν

1941 1967 2119 2021 litium
2152 1969 2309 2022 sidus
2368 1971 2746 2038 introducunt,
2791 1974 2968 2042 ipsum
3026 1976 3275 2044 opiﬁcem
3336 1992 3518 2029 rerum

1938 2060 2184 2112 omnium
2249 2058 2420 2114 Deum
2488 2065 2739 2119 convicio
2789 2065 3026 2133 quodam
3097 2067 3451 2123 incessentes.
3495 2086 3512 2119 ι

1941 2147 2150 2213 Quibus
2186 2150 2240 2203 in
2270 2151 2456 2206 verbis
2492 2155 2637 2223 quod
2665 2155 2754 2209 hic
2783 2170 2950 2209 senex
2994 2158 3091 2221 ait,
3126 2159 3434 2213 convicium
3465 2162 3519 2213 in

1945 2240 2114 2293 Deum
2150 2255 2269 2296 esse
2299 2242 2483 2298 dicere
2509 2256 2707 2300 cuncta
2735 2249 2987 2302 natalitio
3036 2249 3203 2303 sideri
3235 2265 3355 2305 esse
3385 2252 3520 2306 sub~

1943 2331 2109 2401 jecta,
2165 2348 2429 2403 perquam
2493 2337 2713 2407 egregie
2771 2339 2998 2395 dicitur.
3066 2342 3200 2396 Nam
3258 2344 3302 2397 si
3335 2344 3521 2398 omnia

1945 2424 2256 2479 mortalium
2290 2437 2513 2496 peccata
2545 2429 2613 2484 ab
2658 2431 2822 2487 astris
2870 2434 3150 2498 oriuntur,
3204 2446 3352 2489 astra
3388 2452 3520 2489 vero

1944 2512 2210 2571 divinitus
2248 2517 2503 2573 ordinata
2541 2531 2672 2576 sunt
2704 2529 2764 2575 ut
2793 2537 2858 2577 ea
2888 2523 3132 2578 efﬁciant
3179 2536 3237 2579 et
3273 2526 3523 2579 omnium

1946 2605 2213 2660 malorum
2243 2607 2312 2661 ab
2344 2608 2475 2677 ipsis
2530 2611 2687 2681 origo
2728 2612 3129 2681 proficiscatur,
3191 2626 3361 2670 resuit
3409 2633 3529 2670 0m-

1947 2700 2097 2753 nium
2125 2713 2345 2771 peccata
2377 2705 2445 2759 ad
2478 2705 2649 2759 Deum
2690 2706 2884 2762 referri
2913 2709 3140 2771 debere,
3175 2714 3269 2781 qui
3330 2713 3527 2764 natali-

1948 2790 2079 2845 tiam
2106 2792 2252 2848 illam
2284 2795 2392 2849 vim
2426 2796 2704 2853 sideribus
2735 2800 3014 2855 indiderit.
3052 2803 3372 2872 Hujusmodi
3397 2812 3527 2856 sunt.

1948 2897 2073 2952 qua:
2107 2900 2360 2940 summus
2393 2887 2485 2941 ille
2523 2888 2604 2941 vir
2654 2890 2909 2958 protulit.
2970 2892 3176 2947 Praeter
3226 2895 3339 2947 [nec
3403 2896 3527 2947 vide.

1948 2976 2079 3044 quid
2116 2992 2343 3046 magnus
2377 2978 2464 3032 ille
2504 2978 2738 3035 Basilius
2769 2981 2821 3035 in
2870 2987 3119 3039 oratione
3181 2998 3352 3053 sexta,
3410 3006 3531 3055 qua:

1949 3075 2034 3118 est
2063 3065 2130 3119 de
2162 3065 2545 3133 luminaribus,
2574 3069 2741 3126 dicat.
2786 3072 2918 3126 Nam
2943 3078 3524 3147 arteui'astrologicain

1953 3153 2008 3208 in
2040 3156 2281 3209 medium
2333 3157 2640 3227 proferens,
2694 3169 2751 3214 et
2797 3165 3012 3232 quaesit
3064 3167 3184 3234 ejus
3238 3170 3528 3224 inetbudus

1945 3246 2259 3316 explorans,
2285 3248 2349 3301 ad
2374 3250 2611 3305 verbum
2648 3251 2753 3307 hoc
2774 3254 2936 3308 modo
2967 3256 3230 3325 loquitur.
3292 3259 3348 3313 In
3380 3262 3531 3315 bisce

1948 3336 2462 3395 ratiocinationibus
2499 3355 2694 3409 magna
2753 3344 2895 3399 inest
2950 3348 3185 3402 stultitia
3240 3358 3296 3403 et
3357 3352 3533 3420 major

1948 3429 2111 3483 etiam
2151 3418 2421 3499 impietas.
2448 3432 2817 3498 Quamobrem
2842 3438 2861 3490 ?
2885 3437 3041 3503 Quod
3071 3442 3313 3495 malefica
3342 3445 3533 3498 ιιοεία-

1949 3534 2056 3587 que
2086 3521 2266 3576 sidera
2294 3524 2579 3592 pravitatis
2598 3528 2712 3581 Sua:
2735 3544 2954 3584 causam
2980 3530 3034 3585 in
3061 3543 3344 3587 auctorem
3368 3552 3529 3589 suum

1951 3613 2304 3669 transferant.
2342 3614 2547 3671 licinde
2577 3619 2621 3672 si
2657 3630 2763 3673 tam
2790 3621 2985 3676 virtuti
3013 3639 3177 3693 quam
3212 3626 3362 3680 vitiis
3396 3644 3533 3684 eou-

1950 3712 2338 3761 sentanearum
2369 3708 2647 3763 actionum
2693 3711 2963 3783 principia
2998 3730 3107 3771 non
3160 3727 3289 3773 sunt
3322 3720 3372 3773 in
3436 3738 3534 3775 nu-

1951 3805 2061 3850 stra
2093 3804 2387 3865 potestate,
2420 3798 2513 3853 sed
2547 3815 2577 3853 a
2610 3802 3036 3861 necessitatibus
3074 3806 3317 3861 siderum
3376 3826 3530 3864 nata-

1951 3886 2197 3943 litiorum
2223 3892 2481 3960 pendent,
2511 3901 2904 3967 supervacanci
2932 3910 3061 3955 sunt
3090 3903 3270 3974 legum
3303 3907 3530 3969 latores.

1951 3980 2046 4048 qui
2076 3982 2286 4052 agenda
2332 3984 2702 4058 fugiendaque
2748 3990 2909 4046 nobis
2958 3992 3247 4049 definiunt.
3296 3997 3519 4052 Notium

1952 4075 2203 4131 estenim
2259 4077 2343 4133 vel
2402 4078 2543 4135 furis
2580 4083 2841 4138 delictum
2876 4086 2959 4140 vel
3012 4086 3327 4153 bomicidzn,
3363 4092 3421 4153 si.
3465 4108 3532 4144 ne.

1955 4167 2146 4225 volens
2172 4171 2396 4238 quidem
2429 4174 2718 4231 continere
2750 4192 2972 4231 manum
2995 4189 3229 4249 poterat.
3269 4183 3373 4236 Sed
3424 4200 3532 4237 non

1952 4269 2036 4313 est
2067 4260 2172 4315 boc
2198 4276 2414 4329 verum,
2476 4279 2585 4318 non
2615 4274 2717 4320 est.
2771 4267 2982 4338 Quippe
3015 4287 3129 4324 suae
3187 4274 3401 4341 spontis
3452 4287 3538 4329 est

1954 4352 2140 4417 homo,
2166 4369 2290 4408 cum
2329 4355 2396 4409 ad
2432 4357 2723 4427 imaginem
2756 4358 2850 4413 Dei
2887 4362 2956 4413 sit
2986 4361 3200 4427 factus;
3248 4380 3360 4431 quo
3392 4364 3447 4418 fit
3476 4378 3536 4419 ut

1956 4458 2132 4511 neque
2166 4444 2436 4500 nativitati
2488 4456 2653 4502 certa:
2689 4465 2869 4520 neque
2934 4452 3210 4508 sideribus
3249 4458 3536 4527 subjectus

274 4520 425 4585 ἄξιον
454 4516 543 4592 ἧν,
577 4524 638 4575 οὐ
671 4524 778 4596 μὴν
806 4527 1094 4598 ἐπιφέρειν
1128 4529 1420 4599 μάστιγας,
1452 4535 1527 4596 ὼς
1556 4535 1583 4587 ὁ
1612 4538 1851 4607 χρυσορ-

1959 4533 2048 4587 sit.
2079 4534 2216 4600 Quin
2247 4536 2410 4591 etiam
2439 4553 2661 4607 quoquo
2714 4516 2879 4595 tundo
2933 4516 3383 4614 delinquentibus
3425 4554 3538 4601 lato

278 4615 469 4682 ρήμων
497 4615 749 4685 Ἰωάννης
775 4621 954 4690 φησίν.
982 4622 1090 4674 Καὶ
1115 4622 1221 4692 γὰρ
1245 4625 1303 4676 ὲν
1325 4618 1404 4687 οἷς
1431 4624 1645 4689 ἐξέθετο
1668 4627 1847 4695 λόγοις

275 4705 408 4775 περὶ
456 4707 798 4780 εἱμαρμένης
845 4712 940 4765 καὶ
982 4712 1105 4765 τάδε
1152 4714 1391 4781 διέξεισι.
1441 4716 1564 4779 Τοῖς
1612 4719 1712 4789 μὲν
1757 4717 1848 4773 οὗν

272 4797 494 4869 ἀμὰγκῃ
544 4802 929 4869 κατεχομένοις
982 4803 1382 4870 συγγινώσκειν
1431 4808 1675 4877 οἴδαμεν.
1730 4810 1849 4865 Κᾶν

276 4890 385 4959 γὰρ
431 4890 535 4943 υπὸ
578 4891 832 4961 δαίμονός
873 4909 956 4954 τις
1003 4891 1387 4964 ἐνοχλούμενος
1435 4900 1467 4966 ἢ
1512 4898 1603 4952 τὸν
1647 4902 1850 4970 χιτῶνα

275 4983 543 5065 διαῤῥῇξῃ
570 4984 656 5037 τὸν
681 4986 949 5055 ἡμέτερον
975 4990 1006 5060 ἢ
1034 4989 1247 5058 πληγὰς
1271 4991 1569 5065 ἐπενέγκῃ,
1595 4996 1655 5045 ού
1687 4996 1851 5064 μόνον

276 5075 340 5127 οὐ
380 5060 712 5143 κοῗιναζομεν,
750 5077 886 5131 ἀλλά
925 5080 1017 5133 καὶ
1055 5080 1314 5150 ἐλεοῦμεν
1351 5085 1447 5136 καὶ
1483 5087 1852 5152 συγγινώσκο-

279 5186 403 5239 μεν.
422 5170 487 5223 Τι
521 5168 754 5239 obstate;
782 5170 904 5224 Ὅτι
937 5175 1036 5242 οὐχ
1059 5176 1092 5243 ἡ
1115 5178 1508 5247 προαιρέσεως,
1549 5179 1664 5231 ἀλλ’
1690 5183 1721 5247 ἡ
1758 5178 1852 5233 τοῦ

274 5262 530 5330 δαίμονος
562 5265 653 5330 βία
678 5264 853 5319 ταῦτα
879 5266 1196 5336 εἰργάσατο.
1221 5269 1386 5324 Ὥστε
1418 5273 1465 5323 εί
1497 5273 1589 5324 καὶ
1617 5270 1686 5324 τὰ
1718 5273 1851 5325 ἄλλα

275 5354 655 5425 ἁμαρτήματα
681 5356 791 5410 ἀπὸ
820 5357 917 5430 τῆς
950 5361 1193 5431 ἀνάγκης
1224 5361 1323 5431 τῆς
1356 5362 1499 5421 κατὰ
1529 5363 1627 5433 τὴν
1656 5364 1854 5435 εἱμαρ-

278 5446 450 5516 μένην
490 5448 749 5517 ὲγίνοντο,
795 5452 1140 5529 συνέγνωμεν
1179 5452 1244 5508 ἄν
1273 5471 1286 5485 ⁸
1340 5456 1528 5524 ἐπειδὴ
1573 5456 1730 5527 ἴσμεν
1771 5459 1853 5510 ὃτι

275 5537 380 5590 οὐκ
416 5538 565 5593 ἔστιν
604 5541 850 5613 ἀνάγκη,
891 5543 980 5597 διὰ
1015 5543 1176 5599 τοῦτο
1212 5546 1337 5599 οὐδὲ
1379 5548 1851 5617 συγγινώσκομεν.

275 5628 340 5680 Εἰ
371 5627 480 5699 γὰρ
510 5630 723 5704 ἀνάγκῃ
756 5634 818 5687 τά
848 5634 1095 5705 ἡμέτερα
1121 5636 1349 5701 ἐδέδετο,
1377 5638 1521 5702 τίνος
1551 5639 1738 5695 ἕνεκεν
1767 5641 1856 5694 τὸν

276 5720 497 5792 οἰκέτην
538 5709 842 5792 κεκλοφότα
888 5725 1210 5795 μαστίζεις;
1253 5728 1341 5782 διὰ
1386 5730 1438 5783 τί
1480 5731 1578 5801 τὴν
1622 5736 1856 5798 γυναῖκα

280 5811 666 5884 μοιχευθεῖσαν
709 5817 789 5882 εις
836 5819 1122 5891 κριτήριον
1166 5820 1381 5890 ἓλκεις;
1426 5823 1510 5878 ἵνα
1562 5824 1613 5877 τί
1658 5826 1714 5879 δὲ
1764 5830 1856 5883 καὶ

1958 4626 2217 4694 quodam,
2262 4637 2321 4681 ut
2345 4628 2606 4694 diximus,
2643 4648 2862 4701 aequum
2890 4646 3035 4691 esset
3069 4638 3373 4705 ignoscere,
3426 4658 3534 4696 non

1955 4718 2215 4773 adbibere
2275 4720 2523 4786 verbera,
2584 4724 3044 4792 quemadmodum
3112 4728 3538 4787 Cbrvsostomus

1958 4809 2051 4866 ait.
2092 4807 2225 4863 Nam
2261 4810 2312 4864 in
2348 4812 2692 4870 orationibus
2708 4831 2843 4884 quas
2867 4817 3060 4873 habuit
3087 4820 3154 4873 de
3187 4819 3317 4877 Fato
3347 4823 3537 4891 bnjns-

1960 4900 2105 4955 modi
2141 4903 2389 4971 qumdam
2422 4904 2625 4959 tradit:
2670 4906 2738 4960 l's
2762 4893 2863 4975 'qui
2899 4911 3221 4966 necessitate
3245 4928 3535 4981 coguntur,

1961 4993 2241 5063 ignoscere
2264 4997 2522 5052 solemus.
2579 4997 2790 5051 Etenim
2851 5000 2893 5053 si
2922 5004 3045 5072 quis
3110 5020 3138 5057 a
3195 5006 3335 5059 man
3379 5010 3541 5077 genio

1959 5095 2186 5141 vexatus
2227 5087 2311 5142 vel
2369 5089 2606 5143 tunicam
2646 5098 2885 5145 uestram
2947 5097 3271 5150 laceraverat
3319 5100 3401 5152 vei
3444 5116 3541 5151 κιρ

1960 5178 2286 5235 verberibus
2320 5179 2588 5244 allccerit,
2617 5197 2726 5236 nou
2756 5185 2918 5237 modo
2955 5202 3061 5239 non
3104 5190 3359 5256 punimus
3388 5208 3539 5254 eum,

1962 5272 2055 5326 sed
2087 5272 2250 5326 etiam
2287 5273 2617 5329 miserantur
2651 5278 2981 5346 veniamque.
3018 5281 3302 5348 largimur.
3334 5283 3542 5348 Quam-

1962 5367 2150 5421 obrem
2186 5368 2362 5420 istuc?
2399 5367 2535 5433 Quia
2574 5384 2679 5423 non
2736 5369 3044 5447 electionis,
3082 5374 3175 5426 sed
3234 5374 3357 5427 mali
3398 5378 3540 5437 genii

1964 5458 2045 5512 vis
2073 5472 2138 5513 ea
2166 5458 2491 5528 designavit.
2530 5458 2649 5524 Quo
2677 5461 2729 5512 fit
2762 5470 2817 5514 ut
2850 5460 2895 5514 si
2923 5464 3144 5530 quidem
3174 5465 3279 5518 alia
3319 5483 3543 5533 quoque

1963 5548 2160 5603 delicta
2199 5549 2266 5602 de
2312 5551 2638 5604 necessitate
2679 5553 2772 5605 fati
2832 5555 3209 5620 provenirent,
3247 5574 3542 5624 ιςιιοεςυιι-

1964 5640 2094 5695 dum
2126 5642 2207 5695 eis
2234 5642 2459 5695 omnino
2487 5642 2647 5696 foret.
2709 5643 2844 5697 Nam
2888 5646 2929 5698 si
2962 5650 3263 5702 necessitas
3296 5667 3381 5704 res
3451 5669 3543 5705 no-

1966 5742 2106 5787 stras
2135 5734 2461 5787 constrictas
2501 5742 2669 5797 tenet,
2719 5739 3073 5803 quamobrem
3104 5755 3321 5793 servum
3390 5753 3542 5795 tuum

1970 5825 2174 5897 aliquid
2240 5824 2566 5884 suti‘nratum
2620 5826 2919 5883 verberas?
2976 5832 3333 5900 quainobrem
3390 5837 3515 5890 adn!
