4214 6442
2034 408 2452 467 λὶὶίᾴίίείἰίὶιίδ
2495 413 2753 473 ULYL‘J‘Z

3927 415 3995 478 76

750 507 868 555 κρεκὶ
909 520 1053 557 reatu
1097 521 1323 559 uxorem
1360 512 1411 562 itt
1463 512 1551 580 jus
1584 511 1765 581 rapis?
1821 515 2179 582 quamobrem
2206 529 2305 570 tur.

2430 526 2643 595 πονηρά
2673 526 2929 596 πράττων
2956 525 3218 597 αἰσχύνῃς
3248 525 3483 596 Εὔδηλον
3512 523 3607 581 οὖν
3638 527 3889 582 ἐντεῦθεν
3915 530 3994 583 δτι

750 594 832 657 pia
871 593 1168 663 designans
1217 598 1428 666 pudore
1480 600 1754 656 aliieeris?
1804 603 1880 656 De
1951 604 2036 658 his
2085 606 2321 678 perSpici

751 686 855 753 23
886 686 1042 739 facile
1074 695 1253 755 potest
1292 705 1467 759 neque
1501 694 1669 745 fatum
1700 709 1877 763 neque
1915 695 2191 751 fortunam
2224 715 2323 752 ne-

746 790 851 843 quc
882 776 1218 830 nativitatem
1244 793 1421 846 neque
1446 795 1670 835 cursum
1707 784 1948 838 siderum
1983 802 2071 840 res
2106 798 2324 843 nostras

745 867 1068 931 gubernare.
1102 868 1235 920 Nam
1271 870 1315 922 si
1352 869 1454 924 hoc
1484 872 1801 942 largiamur,
1836 875 1968 944 quid
2002 892 2167 945 porro
2232 894 2323 934 ne-

744 972 895 1007 cesse.
938 958 1101 1011 fuerit
1126 959 1394 1014 adhibere
1438 962 1654 1018 labores
1696 976 1860 1034 atque
1892 966 2143 1034 sudores,
2204 980 2321 1024 uta

746 1053 890 1105 ιῐιέἱδ
952 1054 1224 1109 immunes
1278 1058 1496 1112 simus?
1545 1058 1827 1128 Siquidem
1881 1062 1990 1115 fato
2038 1062 2319 1117 decretum

742 1156 821 1199 .st
858 1151 969 1200 tore
1002 1151 1238 1217 a!iquem
1276 1152 1501 1214 malum.
1563 1154 1777 1208 etiamsi
1824 1155 2104 1210 molestias
2136 1157 2321 1211 inlini-

745 1251 821 1292 tas
847 1241 1133 1309 suscipiat,
1190 1243 1365 1297 malus
1418 1244 1543 1299 erit.
1586 1246 1679 1299 τοι
1734 1247 1918 1315 potius
1971 1247 2080 1301 dici
2145 1248 2321 1304 malus

742 1350 1082 1403 nequaquam
1116 1335 1299 1396 debet,
1343 1337 1436 1405 qui
1478 1352 1507 1390 a
1558 1337 1884 1392 necessitate
1938 1340 2004 1392 ad
2048 1341 2151 1395 hoc
2214 1342 2320 1394 im-

640 1450 645 1455 -
742 1426 984 1492 pellitur.
1033 1425 1236 1492 Quodsi
1266 1427 1428 1482 etiam
1462 1426 1604 1481 bona
1658 1427 1911 1482 valetudo
1941 1439 2105 1498 atque
2140 1430 2316 1485 morbi

740 1536 766 1566 .‘t
800 1518 908 1569 fato
946 1519 1207 1585 pendent,
1236 1534 1660 1587 supervacaztere
1693 1530 1821 1573 sunt
1848 1534 2011 1576 onum
2035 1522 2315 1591 impensae,

739 1623 1144 1673 ;.ι;ίηιι-ι·;;ι·;ιιιοο
1206 1609 1544 1662 medicorum
1578 1611 1842 1673 accessio,
1908 1626 2027 1680 sup:
2050 1627 2316 1666 rvacanea

737 1703 973 1768 tlt'llltjlle
1007 1701 1184 1755 victus
1218 1702 1378 1765 ratio,
1414 1718 1578 1770 quam
1609 1703 1802 1755 morbo
1834 1703 2018 1772 aliquo
2055 1702 2315 1756 laboran-

738 1805 817 1846 tes
848 1806 1104 1848 accurate
1135 1805 1381 1847 servant.
1440 1795 1508 1848 At
1542 1810 1667 1849 cunt
1726 1796 1844 1851 haec
1904 1810 2313 1865 supervacanea

737 1899 842 1935 non
882 1883 990 1936 sint
1026 1888 1159 1951 (quo
1194 1884 1339 1937 enim
1372 1894 1530 1952 pacto
1568 1884 1623 1937 id
1663 1884 1770 1938 dici
1800 1884 2013 1953 possit?
2049 1899 2173 1938 cum
2204 1899 2317 1939 ma-

735 1992 891 2039 gnam
927 1992 991 2028 ex
1020 1976 1103 2029 his
1135 1976 1426 2029 utilitatem
1455 1977 1663 2045 percipi
1694 1976 2148 2045 conspiciamus),
2176 1976 2320 2048 jacet

738 2081 849 2120 tt.’L‘(‘
882 2067 947 2121 de
988 2066 1099 2122 fato
1132 2068 1338 2132 fabula,
1369 2068 1511 2139 jacet
1542 2071 1724 2124 omnis
1756 2068 1823 2123 de
1852 2068 2107 2123 natalitio
2134 2068 2318 2123 sidere

735 2160 933 2213 oratio.
967 2160 1082 2213 Non
1119 2161 1264 2214 enim
1307 2161 1561 2214 homines
1592 2160 1685 2214 ulli
1730 2161 2042 2215 necessitati
2087 2160 2317 2229 subjecti

734 2266 947 2317 sumus,
972 2253 1066 2305 sed
1108 2252 1292 2321 potius
1315 2252 1599 2307 electionis
1624 2252 1877 2308 Lbertate
1906 2267 1971 2309 ac
2020 2252 2319 2307 voluntatis

732 2345 961 2397 2::hitrio
1026 2344 1295 2398 divinitus
1354 2344 1553 2399 ornati.
1610 2344 1745 2399 Nam
1806 2344 1853 2400 si
1905 2358 2011 2400 non
2075 2354 2160 2399 est
2207 2358 2331 2398 suae

732 2436 1297 2507 :ptnuisatquejuris
1325 2436 1511 2500 homo,
1566 2445 1740 2491 restat
1796 2450 1921 2491 eum
1980 2451 2049 2492 ne
2100 2436 2166 2491 ad
2220 2436 2315 2491 Dei

731 2528 951 2595 quidem
1011 2528 1300 2597 imaginem
1332 2539 1575 2582 creatum
1610 2543 1753 2583 esse.
1817 2529 1935 2595 Quo
1959 2530 2105 2583 enim
2156 2539 2316 2600 pacto

732 2619 1090 2672 ειιιιυιιιειύιιι
1126 2628 1338 2673 natura:
1380 2619 1525 2673 illius
1553 2619 1921 2689 imperatricis
1951 2637 2073 2677 esse
2121 2622 2315 2691 possit,

730 2710 772 2763 si
809 2710 909 2763 hac
941 2711 995 2765 in
1056 2721 1211 2779 parte
1270 2711 1543 2780 discrepet
1579 2712 1648 2765 ab
1699 2712 1997 2782 exemplari
2034 2712 2321 2783 principe?

729 2804 939 2872 Quippe
972 2803 1523 2873 conveniebatatque
1552 2819 1650 2872 par
1677 2814 1817 2869 erat,
1853 2815 1914 2858 ut
1950 2805 2003 2859 id
2037 2804 2184 2874 quod
2220 2820 2317 2874 per

726 2897 909 2950 omnia
991 2894 1392 2953 conformatum
1467 2896 1533 2948 ad
1589 2896 2003 2950 similitudinem
2067 2896 2318 2953 Numinis

731 3000 899 3051 esset,
941 2987 1406 3055 quemadmodum
1435 2986 1713 3058 Nyssenus
1738 2989 1964 3042 antistes
1999 2989 2096 3052 ait,
2131 2988 2184 3043 itt
2216 3004 2317 3043 na-

727 3091 847 3133 tura
897 3095 994 3133 sua
1026 3088 1355 3149 potestatem
1398 3081 1594 3148 agendi
1630 3080 1899 3135 arbitratu
1934 3096 2034 3135 suo
2091 3082 2317 3137 haberet

2425 614 2549 668 οΰτε
2584 616 2891 685 εἱμαρμένη
2925 616 3047 669 οὔτε
3078 617 3214 687 τύχη
3246 617 3370 670 οὔτε
3405 618 3620 684 γένεσις
3653 618 3775 672 οὔτε
3809 619 3996 689 δρόμοι

2424 706 2673 777 ἀστέρων
2707 709 2773 760 τά
2817 707 2938 760 καθ’
2964 694 3114 779 ήμέίς
3149 710 3361 764 διοικεῖ.
3399 711 3460 763 ΕΞ
3497 709 3604 778 γὰρ
3635 710 3796 763 τοῦτο
3828 712 3998 764 δώσο-

2427 814 2548 867 μεν,
2587 798 2671 861 τίς
2712 798 2867 868 χρεία
2907 798 3094 853 λοιπὸν
3133 801 3312 853 πόνων
3351 800 3446 854 καὶ
3490 801 3729 871 ίδρώτων
3770 801 3905 868 πρὸς
3939 804 3997 854 τ’)

2426 887 2726 954 κατορθοῦν
2776 889 2979 959 ἀρετὴν
3033 889 3221 952 ἔσταις
3257 891 3533 959 Εἴμαρταί
3580 908 3686 942 τινι
3738 891 3993 957 γενέσθαι

2423 974 2587 1036 καλός
2612 991 2627 1006 ·
2664 976 2761 1028 καὶ
2801 977 3080 1031 καθεύδων
3115 979 3142 1029 6
3176 978 3417 1039 τοιοῦτος
3457 980 3549 1032 καὶ
3591 980 3806 1049 ῥέγχων
3840 980 3992 1033 ἔσται

2422 1066 2607 1128 καλός.
2637 1067 2855 1121 Μᾶλλον
2884 1068 2941 1121 δὲ
2971 1070 3032 1121 οὐ
3061 1071 3227 1123 καλὸν
3254 1071 3345 1124 τὸν
3374 1071 3615 1124 τοιοῦτον
3644 1072 3790 1125 ἐστιν
3819 1074 3992 1124 εἰπεῖν

2421 1153 2512 1205 τὸν
2542 1155 2601 1219 ἐξ
2630 1155 2877 1224 ἀνάγκης
2907 1158 2985 1221 είς
3016 1159 3225 1212 τοιοῦτο
3251 1162 3554 1231 γινόμενον.
3588 1162 3683 1225 Τίς
3711 1162 3872 1232 χρεία
3899 1162 3993 1214 πό-

2422 1264 2526 1297 νων
2556 1244 2631 1316 (8)
2663 1248 2797 1315 πρὸς
2824 1248 2885 1300 τὸ
2912 1249 3117 1303 κακίαν
3142 1254 3367 1318 φυγεῖνς
3398 1254 3445 1303 εί
3478 1251 3750 1321 Εῖμαρταί
3774 1268 3879 1304 τινι
3903 1268 3969 1320 γε

2420 1334 2607 1387 νέσθαι
2642 1336 2846 1402 κακὸς,
2879 1338 2985 1391 κᾶν
3018 1338 3187 1408 μυρία
3219 1340 3538 1409 ταλαιπωρῇ
3561 1378 3577 1400 ,
3612 1338 3782 1401 κακὸς
3814 1338 3989 1394 ἔσται.

2420 1426 2636 1479 Μᾶλλον
2666 1426 2723 1480 δὲ
2754 1428 2815 1480 οὐ
2851 1428 3020 1481 κακὸν
3051 1428 3142 1481 τὸν
3174 1429 3363 1483 τοῦτον
3392 1430 3540 1483 ἔστιν
3572 1431 3747 1483 εἰπεῖν
3778 1430 3867 1484 τὸν
3898 1430 3989 1483 ὑπ’

2419 1519 2667 1588 ἀνάγκης
2714 1519 2853 1589 πρὸς
2893 1521 3054 1573 τοῦτο
3096 1520 3429 1591 ὠθούμενον.
3472 1522 3644 1590 Είπερ
3692 1522 3851 1590 ὑγεία
3898 1523 3990 1575 καὶ

2419 1610 2572 1671 νόσος
2598 1611 2695 1677 τῆς
2726 1611 3071 1680 εἱμαρμένης
3099 1612 3351 1680 ήρτηται,
3382 1612 3618 1679 περιττά
3644 1612 3754 1665 τῶν
3778 1612 3992 1681 χρημά-

2416 1716 2526 1752 των
2552 1700 2621 1752 τά
2650 1699 2985 1769 ἀναλώματα
3005 1740 3020 1763 .
3051 1702 3280 1770 περιττή
3311 1701 3421 1754 τῶν
3458 1701 3659 1772 ίατρῶν
3689 1703 3723 1771 ή
3754 1702 3988 1763 εἴσοδος.

2419 1792 2651 1862 περιττή
2689 1793 2747 1846 δὲ
2784 1794 2880 1846 καὶ
2920 1794 2952 1861 ή
2984 1793 3094 1845 τῶν
3129 1795 3429 1847 νοσούντων
3462 1794 3675 1864 διαίτης
3712 1793 3988 1864 ἀκρίϐεια.

2432 1880 2573 1935 Ἀλλ’
2595 1881 2786 1952 ἐπειδὴ
2829 1883 2906 1953 μὴ
2928 1884 3157 1953 περιττά
3193 1883 3366 1937 ταῦτα
3405 1884 3545 1952 (πῶς
3572 1886 3703 1954 γὰρ,
3742 1886 3860 1954 εῖγε
3898 1886 3992 1937 καὶ

2420 1972 2625 2041 πολλὴν
2651 1974 2870 2044 δρῶμεν
2893 1974 2993 2045 τὴν
3019 1975 3272 2028 ἐντεῦθεν
3296 1974 3590 2045 ὠφέλειαν)
3610 2016 3625 2042 ,
3654 1975 3863 2046 οἴχεται
3892 1976 3992 2045 μιν

2420 2067 2447 2119 6
2474 2065 2570 2135 τῆς
2600 2064 2943 2137 εἱμαρμένης
2977 2064 3173 2135 μῦθος,
3203 2066 3413 2136 οἴχεται
3441 2066 3499 2121 δὲ
3531 2067 3626 2120 καὶ
3652 2067 3681 2120 6
3708 2067 3810 2136 τῆς
3836 2066 3992 2133 γενέ-

2420 2175 2558 2221 σεως
2584 2159 2761 2224 λόγος.
2791 2159 3035 2229 Οὑδεμιᾷ
3060 2159 3169 2229 γάρ
3198 2160 3413 2231 ἀνάγκη
3436 2158 3505 2213 τὰ
3534 2159 3656 2213 καθ’
3684 2161 3829 2230 ήμᾶς
3858 2158 3992 2213 61:6-

2418 2268 2630 2317 κειται,
2663 2251 2955 2323 τετίμηται
2985 2253 3041 2306 δὲ
3076 2253 3276 2323 μᾶλλον
3311 2254 3682 2324 προαιρέσεως
3712 2253 3994 2325 ἐλευθερίᾳ

2419 2344 2515 2396 καὶ
2541 2341 3002 2411 αὐτεξουσιότητι.
3032 2344 3093 2396 Ei
3117 2345 3225 2413 γὰρ
3256 2343 3330 2413 μὴ
3358 2343 3705 2407 αὖτεξούσιος
3730 2345 3759 2397 6
3783 2342 3994 2415 ἀνθρω-

2418 2451 2550 2501 πος,
2590 2433 2714 2486 οὐδὲ
2754 2436 2875 2488 κατ’
2902 2434 3088 2488 εἰκόνα
3125 2433 3265 2487 Θεοῦ
3306 2433 3565 2505 παρήχθη
3604 2433 3790 2487 λοιπόν
3815 2448 3829 2464 ⁶
3874 2433 3992 2496 πῶς

2417 2531 2512 2582 καὶ
2558 2528 2667 2599 γὰρ
2714 2529 2879 2582 εἰκὼν
2926 2528 2993 2583 ἀν
3036 2528 3121 2597 εῖη
3165 2529 3265 2595 τῆς
3312 2527 3705 2598 βασιλευούσης
3748 2526 3990 2597 φύσεως,

2418 2619 2539 2674 κατ’
2562 2622 2739 2674 ἐκεῖνο
2764 2622 2825 2674 τὸ
2855 2621 2920 2691 μέ
2931 2638 3021 2691 ρος
3048 2621 3342 2691 ἀνισότητα
3370 2621 3553 2691 φέρων
3578 2621 3713 2691 πρὸς
3736 2620 3799 2674 τὸ
3824 2622 3993 2690 ἀρχέ-

2416 2729 2621 2781 τυπον;
2648 2714 2896 2784 ’Ἑπρεπε
2927 2713 3036 2784 γὰρ
3066 2714 3126 2766 τὸ
3166 2713 3255 2766 διὰ
3300 2714 3518 2767 πάντων
3555 2714 3695 2785 πρὸς
3732 2714 3796 2767 τὸ
3836 2712 3992 2767 Θεῖον

2415 2804 2795 2875 ὡμοιωμένον,
2818 2806 2894 2868 ὡς
2915 2807 2943 2858 6
2968 2804 3190 2874 Νύσσης
3218 2805 3414 2874 φησὶν,
3439 2807 3498 2859 έν
3520 2808 3586 2876 τῇ
3613 2805 3772 2874 φύσει
3795 2806 3995 2874 κεκτῆ-

2418 2896 2545 2949 σθαι
2568 2897 2630 2949 τὸ
2660 2895 2994 2965 αὐτοκρατὲς
3026 2896 3122 2949 καὶ
3149 2896 3467 2949 ἀδέσποτον.
3499 2895 3775 2949 Δέδεικται
3804 2893 3898 2947 οὖν
3924 2896 3990 2945 ὲκ

2418 2985 2628 3041 πολλῶν
2651 2987 2735 3040 ὅτι
2760 2986 3028 3054 γενέσεως
3056 2987 3271 3056 ἀνάγκη
3300 2986 3440 3041 κατά
3466 2985 3566 3054 τὴν
3590 2985 3695 3039 τῶν
3722 2985 3987 3037 πλειόνων

2419 3079 2690 3150 ὑπόληψιν
2715 3079 2776 3132 οὐ
2805 3079 3072 3147 δεδέμεθα
3090 3095 3106 3110 ⁸
3133 3080 3194 3131 οὑ
3223 3078 3333 3148 γὰρ
3360 3076 3518 3131 τοῦτο
3544 3073 3634 3148 ἦν,
3660 3077 3708 3129 εί
3740 3076 3817 3145 μὴ
3847 3077 3988 3129 κατά

726 3166 1077 3240 imperioque
1115 3172 1359 3228 neminis
1402 3185 1641 3242 pareret.
1675 3172 1862 3243 Itaque
1896 3175 2085 3229 multis
2115 3176 2305 3244 proba-

2417 3172 2644 3242 γνώμην
2674 3173 2809 3243 ήμῖν
2838 3171 2905 3224 τὰ
2938 3174 3295 3241 πραττόμενα
3324 3170 3659 3241 πράττεταις
3689 3168 3811 3222 κατ’
3835 3168 3989 3220 οὐδὲν

726 3276 837 3318 tutu
890 3263 1122 3317 minime
1182 3278 1284 3319 nos
1330 3265 1564 3336 alicujus
1620 3266 1850 3319 natalitii
1910 3266 2128 3333 sideris,
2187 3283 2308 3335 quae

722 3357 1090 3426 complurium
1144 3366 1228 3409 est
1277 3356 1487 3428 opinio,
1543 3357 1871 3411 necessitate
1928 3357 2110 3427 ligari.
2170 3358 2307 3413 Nam

720 3447 1017 3516 creteroqui
1057 3447 1203 3502 nulla
1233 3464 1290 3502 re
1327 3464 1428 3503 nos
1461 3448 1674 3504 ratione
1699 3450 1878 3503 ornati
1907 3464 1935 3503 a
1979 3450 2159 3505 brutis
2193 3452 2311 3505 ani-

720 3540 958 3595 malibus
986 3540 1364 3603 diﬂ'crrentus,
1406 3557 1641 3610 quorum
1692 3551 1777 3596 est
1806 3542 2071 3595 arbitratu
2104 3543 2304 3609 alieno,

719 3647 830 3698 quo
864 3632 1038 3685 visum
1070 3631 1226 3685 alteri
1259 3631 1447 3693 fuerit,
1480 3630 1628 3691 duci,
1662 3646 1785 3685 cum
1843 3631 2075 3685 rationis
2139 3641 2304 3700 atque

721 3724 921 3778 mentis
954 3724 1230 3793 particeps
1262 3733 1479 3784 natura.
1539 3724 1583 3778 si
1637 3725 1951 3778 libertatem
2008 3726 2305 3781 voluntatis

719 3815 958 3875 amittat,
991 3816 1157 3869 etiam
1184 3816 1454 3869 beneﬁcio
1485 3814 1758 3868 facuitatis
1789 3814 2145 3881 itttclligeutis
2176 3831 2303 3885 spo-

719 3906 906 3960 lietur.
942 3905 1077 3973 Quis
1107 3908 1255 3960 enim
1296 3908 1495 3959 utentis
1528 3922 1658 3961 usus
1713 3905 1764 3960 ei
1800 3904 1984 3967 fuerit,
2047 3907 2092 3959 si
2122 3922 2151 3959 a
2205 3907 2300 3963 fati

2407 3266 2473 3319 ἂν
2502 3268 2663 3335 ἡμεῖς
2690 3266 2741 3319 οἱ
2768 3265 2913 3337 λόγῳ
2942 3265 3303 3336 τετιμημένοι
3328 3262 3438 3315 τῶν
3463 3261 3671 3329 ἀλόγων
3699 3259 3855 3325 ζώων
3880 3260 3988 3311 διε-

2406 3359 2715 3429 νηνόχαμεν
2736 3374 2751 3391 ο
2778 3359 2888 3412 τῶν
2916 3358 3025 3427 γὰρ
3050 3356 3311 3409 τοιούτων
3338 3355 3455 3407 ἐστὶ
3481 3358 3543 3406 τὸ
3568 3352 3833 3421 ἀλλοτρίῳ
3865 3350 3989 3420 βου-

2405 3452 2609 3522 λήματι
2641 3451 2780 3522 πρὸς
2804 3452 2864 3503 τὸ
2893 3449 3087 3503 δοκοῦν
3114 3448 3495 3522 περιάγεσθαιί
3528 3446 3585 3500 'H
3615 3446 3673 3499 δὲ
3699 3446 3893 3515 λογική
3922 3461 3983 3497 τε

2528 3515 2697 3615 νοερά-
2719 3544 2901 3611 φύσις,
2932 3542 3025 3595 ὲάν
3050 3541 3111 3594 τὸ
3139 3515 3263 3593 κατ’
3286 3515 3537 3605 ἐξουσίαν
3561 3537 3859 3605 ἀπόθηται,
3887 3537 3985 3588 καὶ

2406 3637 2506 3706 τήν
2538 3636 2700 3705 χάριν
2730 3634 2826 3687 τοῦ
2861 3632 3051 3704 νοεροῦ
3086 3632 3469 3685 συναπώλεσεν
3497 3646 3512 3659 ’
3546 3630 3627 3692 είς
3659 3630 3710 3683 τί
3744 3629 3839 3681 καὶ
3873 3627 3984 3696 γὰρ

2404 3730 2666 3797 χρήσεται
2714 3727 2780 3795 τῇ
2834 3724 3065 3796 διανοίᾳ,
3112 3727 3179 3794 τῇ
3226 3726 3325 3794 τῆς
3373 3720 3715 3792 εἱμαρμένης
3766 3720 3984 3789 ἀνάγκη

2402 3816 2777 3887 περιαγομὲνη
2830 3817 3084 3869 κάκεῖθεν
3131 3817 3223 3866 ἐπὶ
3272 3816 3339 3867 τὰ
3390 3811 3642 3881 πρακτέα
3692 3810 3983 3881 παρωθου-

2407 3908 2578 3977 μένη;
2612 3908 2722 3961 Καὶ
2750 3906 2925 3960 ταῦτα
2959 3907 3057 3973 μὲν
3085 3907 3151 3976 δὴ
3181 3910 3239 3968 ές
3267 3904 3542 3957 τοσοῦτον.

719 3999 1047 4054 necessitate
1086 3998 1342 4063 ducatur,
1371 3999 1521 4054 etab
1552 4014 1616 4054 ea
1654 3997 1808 4069 quasi
1864 4002 2224 4069 protrudatur
2286 4010 2342 4057 ct
2377 4000 2694 4070 impellatur
2734 3999 2801 4053 ad
2856 3999 3152 4055 actiones?
3184 4000 3264 4053 Ac
3295 3998 3362 4053 de
3424 3997 3511 4051 his
3569 3994 3792 4067 quidem
3856 3993 3986 4049 hae-

718 4109 898 4155 tenus.

787 4192 870 4246 Tu
907 4206 1058 4255 vero,
1091 4191 1292 4246 dilecte
1321 4190 1418 4254 illi,
1456 4191 1747 4259 si'quando
1802 4190 2006 4245 videris
2038 4190 2302 4244 infantem

716 4286 970 4339 vitiatum
1002 4299 1067 4338 ex
1098 4284 1221 4337 alvo
1253 4282 1443 4337 matris
1503 4284 1687 4350 egredi
1722 4282 1815 4351 qui
1849 4282 1933 4335 vel
1971 4282 2158 4352 hiceps
2220 4284 2302 4337 Vel

714 4379 1037 4450 quadrupes
1069 4378 1161 4442 sit,
1198 4374 1664 4445 quemadmodum
1695 4373 1959 4429 Mauricio
1994 4376 2301 4444 imperante

712 4471 935 4534 accidit,
967 4469 1077 4529 noli
1107 4469 1427 4523 existimare
1459 4482 1565 4520 non
1605 4466 1764 4520 bouis
1822 4466 2065 4521 siderum
2101 4467 2299 4536 adspe-

2476 4187 2548 4239 ΣΞ)
2580 4186 2669 4255 6's,
2700 4185 2980 4256 ἀγαπητὲ,
3011 4185 3064 4238 εἴ
3091 4202 3192 4237 που
3222 4186 3316 4238 καὶ
3350 4184 3549 4254 βρέφος
3579 4183 3699 4252 ὄψει
3732 4190 3863 4237 ποτε
3894 4202 3984 4238 σε-

2405 4280 2705 4350 σινωμένον
2736 4280 3004 4332 ἐκπίπτον
3032 4279 3130 4347 τῆς
3167 4280 3410 4348 μήτρας,
3439 4279 3487 4329 εί
3518 4274 3656 4346 τύχῃ
3688 4275 3981 4344 δικέφαλον

2399 4372 2431 4443 ἢ
2464 4371 2803 4441 τετράπουν,
2832 4372 2907 4433 ὡς
2939 4370 3033 4422 ἐπὶ
3061 4369 3371 4438 Μαυρικίου
3402 4368 3699 4438 βασιλέως,
3731 4369 3811 4435 μὴ
3841 4369 3982 4435 σχή-

2403 4479 2568 4530 μασιν
2601 4463 2850 4532 ἀστέρων
2883 4461 2983 4514 οὺκ
3021 4460 3249 4528 ἀγαθοῖς
3282 4459 3351 4512 ea
3385 4457 3614 4511 τοιαῦτα
3650 4456 3979 4509 διαπλάττε-

710 4563 894 4631 ctibus
926 4559 1198 4631 ejusmodi
1227 4558 1580 4622 conformari,
1617 4556 2078 4627 quemadmodum
2106 4556 2296 4611 existi-

2402 4554 2524 4607 σθαι
2548 4553 2757 4624 νόμιζε,
2781 4553 3032 4623 καθάπερ
3056 4551 3201 4616 ἔδοξέ
3226 4567 3354 4603 ποτε
3378 4549 3568 4619 καὶτῷ
3591 4548 3723 4621 παρ’
3747 4547 3978 4617 Ἕλλησι

713 4656 884 4708 tuavit
912 4654 1046 4707 olim
1078 4651 1307 4707 Hermes
1342 4650 1458 4713 ille,
1495 4649 1589 4719 qui
1627 4664 1821 4719 magno
1846 4659 1930 4703 est
1962 4649 2106 4718 apud
2143 4648 2291 4704 Grae-

708 4759 803 4799 cos
824 4745 880 4797 in
916 4744 1145 4797 honore.
1202 4742 1390 4796 Potius
1421 4756 1617 4810 magno
1644 4739 1946 4793 Athanasio
2006 4747 2062 4793 et
2092 4738 2291 4794 Joatttti

708 4835 1104 4903 Chrysostomo
1128 4832 1450 4899 ueterisque
1482 4829 1739 4883 Patribus
1772 4828 1934 4883 fidem
2000 4828 2167 4889 habe,
2198 4828 2292 4897 qui

704 4929 771 4979 de
806 4924 1027 4977 homine
1056 4938 1086 4976 a
1112 4922 1399 4977 nativitate
1428 4937 1575 4976 οευυο
1624 4930 1679 4975 et
1711 4921 1889 4976 altero
1944 4936 1973 4974 a
2008 4920 2293 4975 nativitate

702 5018 898 5071 claudo
926 5017 1284 5079 disserentes,
1312 5030 1532 5069 causam
1564 5014 1759 5068 harum
1811 5029 1990 5067 rerum
2056 5014 2122 5067 ad
2155 5014 2288 5068 eﬂ‘e-

702 5109 930 5160 rtrieeut
960 5106 1085 5159 vita:
1117 5115 1369 5158 naturam
1402 5108 1574 5173 ipsam
1603 5106 1870 5166 referunt,
1931 5120 2039 5158 non
2070 5115 2290 5157 contra-

705 5216 815 5253 l'lttS
845 5198 1113 5267 quosdam
1148 5198 1391 5250 siderum
1426 5199 1584 5250 situs.
1616 5196 1683 5251 Et
1715 5212 1835 5250 esse
1874 5207 2123 5250 naturam
2183 5196 2285 5249 ho-

703 5305 821 5338 tum
852 5301 1071 5340 causam
1102 5287 1563 5353 perspicuuutest
1619 5288 1874 5340 maxime.
1924 5288 2057 5340 Nam
2098 5288 2282 5342 omnia

698 5400 795 5434 sua
825 5382 1062 5448 quadam
1100 5382 1310 5435 ratione
1336 5380 1516 5435 facere
1546 5383 1850 5444 consuevit,
1915 5383 2278 5451 quemadmo-

698 5479 829 5525 dutu
866 5473 1215 5541 tuagttusille
1276 5473 1510 5527 Basilius
1540 5472 1649 5543 29
1677 5474 1791 5541 ait;
1850 5483 1904 5527 et
1963 5474 2106 5543 apud
2178 5490 2279 5529 nos

698 5567 813 5619 mis
883 5567 1211 5619 iucub-uttes
1264 5566 1580 5620 domestica:
1634 5566 1848 5635 gallinae
1922 5566 2028 5619 huc
2100 5566 2278 5635 ipsum

765 5708 841 5771 (δι
891 5702 1342 5773 Ἰδρώτωνπρύς
1370 5706 1433 5755 τὸ
1474 5706 1809 5770 κίιτοίηθσῦν
1834 5704 1922 5769 τίς
1971 5707 2139 5771 χρεία
2171 5709 2279 5758 ,τιεῖ-

702 5794 859 5840 ιιϊ)ν;
931 5777 1054 5830 ILcc
1086 5792 1206 5844 qua:
1237 5780 1453 5829 submit;
1484 5787 1619 5829 s‘rat
1663 5776 1819 5828 uultis
1852 5775 2020 5829 cudi-3
2060 5778 2275 5829 Fontis-

704 5851 1043 5909 Chlaiﬁﬂaiv
1128 5849 1363 5902 (wmbtt
1429 5848 1656 5901 aberant
1714 5863 1931 5917 quoque
1995 5863 2021 5900 a
2090 5849 2275 5901 (edite

2398 4646 2697 4715 τιμωμένῳ
2726 4644 2925 4715 Ἐρμῇ.
2950 4643 3147 4696 Πείθου
3169 4642 3224 4695 δὲ
3251 4642 3452 4713 μᾶλλον
3470 4641 3549 4712 τῷ
3573 4640 3794 4710 μεγαλῳ
3821 4640 3981 4693 Ἀθα-

2393 4739 2565 4806 νασίῳ
2592 4737 2671 4805 τῷ
2699 4752 2757 4789 τε
2792 4736 3206 4806 χρυσορῥήμονι
3244 4734 3468 4805 Ἰωάννῃ
3500 4735 3593 4786 καὶ
3623 4734 3734 4794 τοῖς
3766 4730 3977 4791 λοιποῖς

2395 4830 2570 4898 ἁγίοις
2615 4830 2897 4899 Πατράσιο
2942 4830 3072 4898 περὶ
3112 4828 3220 4897 γὰρ
3258 4826 3351 4879 τοῦ
3396 4829 3461 4879 ἐκ
3506 4826 3731 4894 γενετῆς
3770 4823 3977 4892 τυφλοῦ

2395 4924 2489 4975 καὶ
2518 4920 2612 4974 τοῦ
2649 4923 2711 4974 ἐκ
2747 4923 2976 4992 γενετῆς
3009 4919 3182 4991 χωλοῦ
3213 4921 3304 4971 τὸν
3333 4919 3491 4986 λόγον
3522 4920 3840 4985 ποιούμενοι
3872 4916 3974 4985 τὴν

2395 5016 2828 5070 διαπλάττουσαν
2874 5015 2935 5067 τὸ
2984 5014 3123 5076 ζῶον
3172 5012 3464 5083 ᾐτιάσαντο
3518 5009 3702 5077 φύσιν,
3749 5008 3810 5060 οὺ
3865 5007 3974 5076 μὴν

2395 5108 2658 5161 ἐναντίων
2702 5107 2945 5177 ἀστέρων
2991 5103 3425 5175 σχηματισμούς.
3454 5103 3575 5155 Ὅτι
3620 5101 3676 5153 δὲ
3723 5100 3756 5168 ή
3807 5099 3973 5165 φύσις

2388 5202 2497 5254 τῶν
2533 5199 2789 5253 τοιούτων
2822 5200 2969 5252 αἰτία
3010 5199 3331 5264 σινωμάτων
3368 5196 3483 5248 ἐστὶ
3520 5193 3646 5263 (καὶ
3682 5191 3790 5261 γὰρ
3829 5190 3977 5243 κατά

2389 5294 2487 5362 τὴν
2524 5292 2725 5360 ἑαυτῆς
2768 5290 3096 5344 ἁκαλουθίαν
3132 5287 3289 5342 εἴωθε
3328 5288 3403 5355 (9)
3440 5286 3507 5339 τὰ
3548 5287 3729 5338 πάντα
3770 5285 3973 5346 ποιεῖν,

2384 5382 2456 5445 ὣς
2513 5400 2677 5451 φησιν
2728 5383 2756 5433 ό
2811 5384 2986 5450 μέγας
3043 5380 3366 5447 Βισίλειος),
3419 5376 3513 5429 καὶ
3563 5376 3619 5427 al
3676 5372 3973 5441 παρ’ήμῐν

2382 5478 2732 5538 ἐπωαςουσαι
2780 5473 3102 5528 κατοικίδιοι
3147 5471 3361 5542 ὄρνιθες
3406 5464 3749 5539 μαρτυροῦσι
3789 5463 3969 5533 τούτῳ

2384 5567 2631 5635 σαφέστα
2654 5585 2723 5621 κα.
2762 5565 3015 5636 Ὀρῶμεν
3047 5564 3154 5633 γὰρ
3188 5563 3335 5615 ἔστιν
3363 5562 3451 5614 ὅτε
3484 5562 3547 5612 ἐκ
3576 5556 3683 5609 τῶν
3712 5554 3837 5625 ᾠῶν
3870 5556 3967 5607 tr.-

2392 5704 2724 5758 Lettuclavii.

2462 5778 2535 5836 (ll)
2574 5775 2688 5831 Th."
2718 5772 3039 5825 fumirirrc
3059 5789 3234 5825 οταν.

2854 5890 2859 5895 .
2905 5844 3045 5896 .ξᾼκ.
3087 5844 3139 5897 ίέ.

3276 5812 3285 5824 .
3321 5814 3331 5826 .
3364 5810 3374 5827 .
3423 5811 3435 5827 .
3469 5767 3685 5835 ἑαυτῆς
3708 5770 3970 5825 ἀκολου-

2385 5851 2503 5902 ﬁrm
2551 5848 2749 5901 si‘uFe.
2794 5886 2802 5897 .
