4214 6442
240 377 289 386 ο-

1505 378 1836 436 ᾹΧΝᾹΙΜΣ

1955 384 2143 437 iam.»
2188 397 2229 438 ι.
3408 364 3474 422 Ῑδ

226 492 487 541 τίκτω-δτι
525 492 932 559 τετραπτερυγα
966 496 1171 542 νεόττια
1211 494 1301 543 καῖ
1331 492 1656 562 τετράποδα.
1692 496 1795 545 Καὶ
1827 528 1836 553 ι

1938 496 2364 549 lari-iugantur.
2430 493 2687 546 \..lenms
2740 492 2887 541 enin:
2954 498 3346 551 nonnunquam
3413 495 3477 530 ως

224 582 335 641 τοῖς
382 581 479 647 μὲν
521 581 779 646 ἀγνοοῦσι
815 584 913 650 τὴν
951 584 1128 634 αἰτίαν
1165 582 1429 650 ἔκπληξιν
1469 586 1693 652 ἐμποιεῖ
1731 586 1798 636 τὰ

223 672 451 725 τοιαῦτα
480 673 701 743 πολλὴν,
733 676 929 726 οῠκουν
954 675 1011 729 δὲ
1041 676 1132 727 καὶ
1157 677 1267 738 τοῖς
1296 676 1457 741 λόγου
1489 676 1797 745 μετέχουσι.

223 764 409 830 Tui-trp
442 764 628 832 μέντοι
657 766 733 835 τῷ
761 767 948 837 τρόπῳ
981 769 1072 820 καὶ
1102 767 1392 835 δικέεραλον
1419 768 1545 837 ὅφιν
1576 768 1677 822 ἴδοι
1710 786 1798 831 τις

220 854 308 913 ἂν,
348 858 440 907 καὶ
480 856 579 908 ὅσα
624 857 850 909 τοιαῦτα
894 858 1079 928 πλήρη
1113 859 1450 929 τυγχάνοντα
1496 858 1794 924 θαύματος.

235 946 399 996 Ἀλλὰ
444 946 519 1015 μὴ
565 946 629 998 σύ
675 963 736 1014 γε
781 947 1142 1018 διαταράττοι)
1183 948 1394 1002 τούτων
1434 950 1617 1016 ἕνεκα,
1664 949 1801 1017 μηδὲ

222 1037 534 1097 κακοποιῶν
576 1039 824 1110 ἀστέρων
866 1042 1246 1105 ἀκτινοϐολίας
1298 1044 1390 1095 ἐπὶ
1418 1042 1629 1105 τούτοις
1658 1060 1794 1113 παρ·

222 1131 433 1195 εἰσαγε.
456 1130 629 1198 Ἄφες
664 1133 755 1184 ἐπὶ
805 1136 1055 1202 ματαίοις
1082 1134 1407 1203 ματαιάζειν
1428 1134 1647 1198 αὐτούς.
1678 1136 1803 1188 Ἐπὶ

230 1224 361 1274 πᾶσι
404 1223 513 1293 γὰρ
552 1224 761 1287 τούτοις
806 1229 836 1295 ἡ
880 1226 1028 1279 αἰτία
1074 1229 1273 1295 σαφής.
1318 1229 1379 1281 Ei
1424 1228 1523 1297 μὲν
1557 1228 1656 1281 οὐκ
1697 1228 1804 1281 ἐτί-

226 1329 416 1364 κτοντο
447 1314 623 1385 βρέφη
651 1316 847 1384 δίδυμά
873 1334 929 1369 τε
959 1318 1051 1370 καὶ
1081 1320 1342 1388 τρίδυμα,
1372 1316 1517 1389 εἶχες
1543 1320 1609 1373 ἄν
1631 1338 1684 1372 τι
1713 1323 1807 1372 καὶ

224 1402 407 1471 λέγειν
435 1422 445 1432 ·
488 1406 610 1458 ἐπεὶ
644 1407 700 1459 δὲ
738 1409 861 1460 καθ’
888 1410 1127 1474 ἑκάστην
1162 1409 1387 1462 τοιαῦτα.
1419 1412 1551 1478 ὁρᾷς
1576 1449 1590 1475 ,
1625 1412 1807 1463 καινὸν

227 1496 447 1557 πάντως
473 1496 624 1548 οὐδὲν
650 1498 763 1566 είγε
796 1500 1135 1571 συγκεκολλη
1145 1502 1282 1569 μένα
1306 1501 1376 1554 τά
1402 1501 1598 1571 δίδυμα
1626 1503 1720 1556 καὶ
1746 1502 1807 1555 ού

225 1587 535 1659 διῃρημένα
566 1593 825 1656 πολλάκις
854 1594 951 1662 τῆς
985 1596 1203 1664 μήτρας
1232 1595 1583 1650 ἐκπίπτουσι.

1898 588 2017 642 υιεὶδ
2052 586 2341 656 provenire
2382 585 2562 653 pullus
2594 598 2719 636 cum
2776 583 2877 634 alis
2934 590 3189 646 illltllilntl‘,
3245 574 3483 636 item-tne

1900 678 2080 746 pullus
2140 675 2546 745 quadrupedes.
2607 674 2735 742 Ejus
2800 673 2875 725 rei
2933 684 3154 721 causam
3213 672 3485 732 quotquot

1900 767 2175 835 ignorant,
2196 765 2559 819 admiratione
2588 764 2821 817 maxima
2850 761 3229 831 percelluntur
3260 772 3273 819 ;
3310 754 3485 806 Μωυ-

1900 873 2008 928 que
2043 873 2149 911 non
2186 872 2313 910 raro
2343 858 2506 911 etiam
2537 857 2670 910 viris
2704 872 2733 909 a
2766 857 2979 908 ratione
3030 866 3139 905 non
3203 847 3483 901 destitutis

1911 953 2189 1004 usuvenit.
2227 949 2340 1003 lluc
2371 948 2738 1003 moduvidcre
2772 959 3167 1010 nonnunquam
3221 950 3305 994 est
3369 954 3487 991 ser-

1911 1052 2130 1112 penlem
2184 1031 2490 1110 bicipitcm,
2527 1041 2745 1109 aliaque
2800 1039 2928 1093 talia
2982 1037 3142 1105 plena
3196 1048 3329 1088 sane
3395 1030 3491 1083 ad-

1912 1136 2259 1195 ntiraliunis;
2312 1150 2546 1202 fluurtllll
2612 1143 2667 1187 tu
2715 1147 2878 1186 causa
2924 1126 3234 1199 perturbari
3294 1124 3488 1177 nolito.

1912 1242 2088 1295 neque
2148 1227 2436 1279 noxiorum
2491 1225 2733 1278 siderant
2791 1224 2976 1276 radios
3040 1221 3131 1274 hic
3190 1217 3490 1285 excogita»

1909 1319 2063 1385 Sine,
2100 1323 2254 1374 Vanis
2298 1320 2371 1374 illi
2406 1318 2759 1387 opinionibus
2802 1316 3094 1384 desipiant.
3128 1313 3265 1366 Nam
3298 1312 3493 1364 horutn

1905 1414 2151 1467 onmium
2215 1416 2503 1486 perspicua
2552 1420 2852 1467 causaest.
2904 1408 3111 1474 Quodsi
3168 1419 3347 1473 neque
3406 1417 3475 1468 ge

1907 1504 2057 1557 melli
2089 1519 2269 1573 neque
2306 1505 2433 1560 trini
2466 1504 2608 1557 fetus
2637 1517 2746 1555 uno
2779 1508 2935 1570 partu
2970 1499 3132 1553 simul
3166 1498 3493 1555 ederentur,

1908 1596 2016 1651 dici
2070 1597 2274 1665 aliquid
2301 1599 2399 1653 abs
2428 1606 2478 1649 te
2506 1606 2706 1665 posset.
2742 1598 2811 1648 At
2843 1609 2965 1647 cum
3000 1592 3162 1645 modo
3213 1605 3322 1643 non
3364 1600 3497 1655 quo-

229 1682 361 1735 tidie
395 1684 581 1739 videas
616 1686 668 1740 id
706 1688 844 1753 fieri,
889 1689 1025 1743 nihil
1082 1690 1311 1745 omnino
1346 1707 1549 1746 novum
1602 1701 1708 1756 est,
1757 1694 1802 1748 si
1842 1694 2058 1765 gemelli
2124 1694 2485 1764 conglutinati
2519 1709 2583 1747 ac
2649 1708 2757 1746 non
2802 1689 3037 1761 sejuncti
3102 1698 3496 1754 nonnunquam

228 1790 294 1829 ex
328 1777 451 1831 alvo
492 1786 739 1833 materno
771 1781 1068 1849 prodeunt.

304 1870 713 1940 Προγινώσκειν
742 1872 842 1940 μὲν
874 1873 969 1927 οὖν
1009 1877 1104 1927 καὶ
1135 1875 1398 1947 ἀμυδρῶς
1432 1877 1528 1930 τοῦ
1579 1877 1806 1948 μέλλον.

1980 1881 2252 1935 Caeterum
2306 1878 2513 1948 aliquid
2572 1877 2895 1947 preevidere,
2925 1876 3104 1945 deque
3152 1874 3328 1944 signis
3376 1874 3501 1944 qui-

235 1978 322 2023 τος
361 1962 423 2013 ἔκ
462 1979 621 2015 τινων
664 1965 909 2034 σημείων
944 1968 1476 2039 καταστοχάζεσθαι,
1506 1971 1638 2026 ἄνευ
1667 1974 1816 2026 ἀντι⁹

231 2053 421 2120 λογίας
470 2055 565 2107 καὶ
609 2058 771 2127 ήμεῖς
822 2058 981 2113 τοῦτο
1025 2062 1458 2132 κατατιθέμεθα.
1504 2065 1671 2119 Οὐδὲν
1710 2069 1819 2137 γὰρ

232 2143 327 2197 ἐπὶ
385 2146 672 2216 προδήλοις
732 2146 879 2202 οὕτω
939 2152 1269 2221 πράγμασιν
1324 2156 1675 2211 ἀντιπίπτειν
1722 2158 1821 2212 hri.

233 2236 397 2289 πλέον
429 2239 713 2307 ίσχύομεν.
747 2241 807 2294 Εἰ
842 2246 952 2311 γὰρ
998 2244 1093 2298 καὶ
1126 2245 1379 2316 ἥμαρτεν
1414 2249 1472 2301 ἐν
1503 2249 1821 2321 παραδείσῳ

233 2333 261 2381 6
310 2330 617 2400 ἄνθρωπος,
676 2336 726 2387 εί
788 2336 885 2388 καὶ
945 2337 1004 2388 τὸ
1060 2337 1216 2391 δοθὲν
1275 2339 1424 2410 αύτῷ
1481 2344 1823 2412 προφητικὸν

235 2421 486 2491 χάρισμα
527 2423 765 2491 πάμπαν
793 2423 1102 2491 ἀπώλεσεν,
1123 2426 1243 2481 ἀλλ’
1276 2430 1379 2483 οὐκ
1418 2432 1633 2501 ἀφῆκεν
1659 2434 1825 2486 αὐτὸν

236 2513 264 2560 δ
306 2516 722 2585 πανοικτίρμων
766 2516 900 2579 Θεὸς
928 2522 1040 2581 τοῖς
1070 2520 1324 2590 ἀνοήτοις
1376 2523 1605 2595 κτήνεσι
1638 2526 1825 2580 τέλεον

238 2606 707 2674 παραϐάλλεσθαι.
749 2610 865 2679 Ἐφ’
900 2604 943 2680 ᾧ
983 2614 1078 2667 καὶ
1109 2615 1313 2683 σημεῖά
1342 2632 1468 2670 τινα
1510 2618 1700 2672 δίδωσι
1730 2621 1823 2673 τοῦ

240 2700 486 2769 προορᾷν
515 2699 705 2753 ἕνεκεν
754 2702 901 2755 ἔστιν
947 2704 1038 2757 ὅτε
1087 2707 1154 2759 τά
1201 2707 1471 2776 μέλλοντα
1526 2712 1827 2765 κάντεῦθεν

240 2791 423 2861 ἐαυτῷ
455 2794 864 2862 περιποιεῖσθαι
895 2797 1215 2867 ἀσφάλειαν.
1256 2802 1367 2855 Καὶ
1419 2802 1474 2855 τί
1518 2806 1626 2876 χρὴ
1658 2806 1830 2860 πολλά

241 2884 456 2953 λέγειν;
491 2887 551 2938 Οί
592 2888 653 2940 ὲν
701 2888 780 2957 τῷ
836 2887 962 2959 ἀέρι
1021 2892 1342 2962 φαινόμενοι
1398 2896 1641 2966 κομῆται
1685 2899 1831 2971 λόγῳ

168 3043 171 3045 ς
246 2980 350 3048 μὲν
386 2978 605 3049 φυσικῷ
651 2982 1025 3049 συνίστανται,
1051 2984 1324 3051 θανάτους
1361 2988 1421 3041 δὲ
1476 2991 1630 3059 ὅμως
1673 2990 1828 3061 βασι-

244 3069 385 3124 λέων
420 3071 452 3139 ἢ
497 3076 592 3125 καὶ⁵
635 3075 948 3144 προσώπων
991 3079 1277 3147 ἑπιφανῶν
1335 3082 1829 3152 καταγγέλλουσιν,

245 3163 324 3224 ὡς
351 3166 380 3216 6
410 3164 583 3234 μέγας
614 3166 720 3235 ἔφη
754 3168 850 3221 καὶ
881 3169 1316 3239 ούρανοφάντωρ
1341 3173 1647 3238 Βασίλειος.
1669 3176 1832 3229 Ἀλλά

243 3256 343 3309 καὶ
378 3258 609 3326 αὐχμῶν
653 3258 804 3313 ἔστιν
841 3261 931 3314 ὅτε
968 3263 1192 3332 ἀνέμων
1239 3264 1291 3317 οι
1322 3266 1556 3321 τοιοῦτοι
1595 3267 1829 3339 δηλωτι-

246 3350 361 3413 κοὶ,
389 3349 441 3403 οἳ
473 3352 565 3403 καὶ
594 3350 813 3407 δοκοῦσι
853 3356 951 3424 μὲν
994 3349 1138 3410 εἶναι
1167 3357 1421 3428 ἀστέρες,
1457 3358 1559 3412 οὐκ
1596 3360 1707 3413 είσὶ
1751 3360 1830 3412 δέ.

252 3443 382 3507 Πῶς
421 3445 519 3497 καὶ
554 3447 693 3517 γάρ;
738 3446 855 3530 εῖγε
908 3450 1257 3503 συνίστανται
1317 3452 1435 3520 μὲν,
1473 3453 1533 3504 ού
1578 3453 1836 3522 παραμέ-

248 3553 402 3590 νουσι
437 3537 530 3589 δέ·
574 3542 673 3607 τῆς
705 3540 814 3612 γὰρ
850 3540 984 3611 ὕλης
1012 3542 1091 3611 τῷ
1122 3544 1261 3610 πυρὶ
1299 3544 1736 3615 δαπανηθείσης,
1766 3546 1834 3600 δι’

249 3622 323 3695 ἧς
369 3629 398 3679 6
448 3629 696 3699 κομήτης
753 3631 1113 3703 συνέστηκεν,
1151 3630 1211 3695 ἐξ
1249 3631 1498 3704 ἀνάγκης
1538 3636 1631 3689 καὶ
1678 3629 1837 3700 οὗτος

252 3719 624 3792 σϐεννύμενος
657 3723 957 3780 διαλύεται.

338 3983 482 4039 Ἀλλ’
505 3985 606 4053 ὅρα
636 3984 732 4037 καὶ
760 3983 860 4055 τὴν
886 3984 1100 4053 γένεσιν
1143 3986 1304 4042 ὁποία
1346 3989 1431 4053 τίς
1463 3990 1581 4045 ἐστι
1606 3992 1702 4045 καὶ
1742 3993 1841 4045 πό-

253 4077 349 4130 θεν
396 4077 597 4145 ἔσχηκε
640 4076 740 4146 τὴν
769 4079 965 4148 ἀρχήν.
1007 4077 1105 4132 Ἐκ
1132 4080 1236 4150 τῆς
1265 4082 1586 4149 καπνώδους
1616 4086 1712 4139 καὶ
1742 4085 1841 4155 ξη-

254 4169 358 4237 ρᾶς
386 4167 808 4236 ἀναθυμιάσεως
831 4170 934 4234 ἕως
966 4170 1138 4241 αὐτῆς
1173 4173 1274 4242 τῆς
1313 4174 1545 4245 σελήνης
1576 4177 1841 4243 ἀνάγεται

250 4260 344 4313 διὰ
400 4260 717 4330 κουφότητα
768 4263 979 4325 καπνὸς
1018 4264 1121 4332 μὲν
1151 4259 1288 4318 οὖσα
1333 4268 1474 4319 κατὰ
1502 4268 1600 4337 τὴν
1628 4270 1842 4332 οὐσίαν.

252 4352 394 4420 φλὸξ
444 4353 503 4406 δὲ
546 4354 691 4407 κατά
723 4352 825 4425 τὴν
860 4353 1115 4425 δύναμιν.
1161 4357 1277 4426 Ἐφ’
1301 4352 1345 4425 ᾧ
1379 4359 1475 4410 καὶ
1506 4359 1845 4431 ὑπέκκαυμα

250 4444 466 4510 ταύτην
506 4444 534 4495 6
578 4441 960 4511 Ἀριστοτέλης
1003 4444 1255 4509 ἐκάλεσε,
1298 4449 1578 4500 τουτέστιν
1618 4449 1847 4517 ὑφειμέ-

1860 3217 1906 3281 C

1923 1971 2155 2026 busdam
2183 1970 2239 2026 id
2294 1971 2440 2039 quod
2489 1970 2737 2023 futurmn
2771 1969 2845 2024 sit
2884 1967 3310 2022 obscuriuscule
3364 1980 3501 2017 con~

1917 2066 2111 2138 jectari
2168 2082 2275 2120 non
2322 2080 2507 2135 posse,
2542 2065 2680 2120 citra
2728 2062 3223 2118 contradictimtent
3280 2075 3500 2113 onmem

1925 2158 2185 2213 fatemur.
2217 2157 2355 2212 Nam
2401 2157 2454 2211 in
2496 2156 2664 2210 rebus
2697 2156 2837 2210 adeo
2887 2152 3193 2207 manifestis
3248 2153 3504 2206 resistere

1925 2250 2020 2305 diu
2063 2266 2196 2306 sane
2247 2264 2609 2315 nequeamus.
2655 2248 2979 2317 Quanquam
3020 2246 3169 2301 enim
3238 2248 3401 2299 homo
3450 2245 3506 2298 in

1927 2345 2188 2417 paradiso
2218 2345 2487 2417 peccavit,
2520 2358 2836 2413 quanquam
2866 2356 3193 2397 concessum
3226 2339 3341 2402 sibi
3366 2340 3511 2393 vati-

1927 2438 2151 2494 cinandi
2184 2454 2384 2493 munus
2413 2448 2579 2507 atque
2607 2435 2936 2491 beneficium
2969 2436 3289 2494 amisit.non
3326 2443 3508 2487 tamen

1932 2530 2075 2586 Deus
2105 2532 2197 2587 ille
2229 2531 2547 2586 misericors
2574 2544 2700 2584 eum
2738 2543 2969 2599 prorsus
3002 2528 3240 2584 similem
3272 2526 3511 2581 evadere

1930 2621 2110 2678 brutis
2133 2623 2401 2693 jumentis
2434 2621 2711 2692 permisit.
2745 2626 2866 2685 Quo
2894 2622 2954 2674 fit
2988 2630 3046 2673 ut
3075 2620 3228 2689 signa
3260 2619 3512 2689 quaedam

1918 2716 1983 2768 ‘ei
2024 2712 2360 2781 suppeditet,
2395 2712 2463 2764 de
2506 2710 2710 2781 quibus
2751 2710 3029 2766 interdum
3085 2710 3266 2783 futura
3301 2709 3517 2778 prospi-

1933 2804 2066 2869 ciat,
2102 2819 2281 2872 eoque
2335 2811 2500 2872 pacto
2548 2802 2833 2856 securitati
2886 2817 3000 2856 suae
3046 2799 3313 2853 consulat.
3372 2798 3512 2863 Quid

1935 2892 2126 2948 tnultis
2168 2891 2354 2947 verbis
2383 2906 2524 2959 Opus
2553 2890 2677 2944 est?
2704 2890 2806 2957 Qui
2842 2890 3261 2958 conspiciuntur
3299 2890 3350 2941 in
3389 2905 3517 2942 aere

1936 2993 2207 3051 corneae,
2250 2985 2485 3038 naturali
2544 2983 2769 3054 quidem
2827 2982 2903 3036 illi
2980 2984 3189 3037 ratione
3243 2983 3514 3051 modoque

1936 3076 2215 3139 oriuntur,
2249 3083 2348 3131 sed
2381 3077 2602 3129 interim
2650 3076 2735 3129 vel
2774 3090 2962 3143 regum
2996 3074 3079 3126 vel
3116 3074 3345 3127 aliarum
3393 3075 3522 3127 illu-

1938 3167 2133 3223 Strium
2181 3182 2541 3238 personarum
2588 3167 2843 3221 interitus
2870 3167 3219 3231 denuntiant,
3260 3182 3457 3233 qurmna
3483 3170 3516 3215 ι-

1943 3258 2166 3311 modum
2199 3273 2428 3327 magnus
2449 3257 2541 3311 ille
2572 3257 2993 3325 cmicsiumque
3028 3272 3210 3309 rerum
3251 3258 3523 3325 ittlt'rgzl'm

1947 3350 2183 3405 Basilius
2248 3350 2448 3419 inquit.
2505 3349 2787 3403 Interdum
2848 3350 2931 3402 vel
2974 3360 3143 3402 aestus
3194 3351 3276 3403 vel
3329 3365 3523 3403 verum.

1943 3444 2341 3498 subsecuturos
2390 3442 2656 3495 indicant.
2712 3441 2777 3495 Et
2824 3441 3082 3494 videntur
3131 3444 3354 3509 quidem
3403 3458 3524 3494 esse

1943 3536 2147 3601 sidera,
2199 3551 2389 3590 verum
2439 3549 2546 3587 non
2600 3543 2750 3589 sunt.
2803 3533 2906 3598 Qui
2960 3535 3109 3587 enim
3166 3548 3285 3586 esse
3345 3534 3524 3585 sidera

1948 3627 2195 3698 possint?
2222 3642 2345 3682 cum
2375 3627 2627 3680 uriantur
2656 3626 2903 3695 quidem,
2932 3626 3027 3680 sed
3054 3642 3160 3679 non
3197 3626 3530 3680 durabilitcr

1948 3731 2230 3777 maneant.
2272 3720 2404 3775 Nam
2456 3720 2707 3780 materia.
2742 3720 2809 3775 de
2840 3736 2947 3790 qua
2994 3729 3239 3774 cometes
3281 3720 3529 3786 exstitit,

1945 3829 2047 3885 per
2078 3815 2259 3885 ignem
2288 3813 2603 3883 absumpta,
2644 3812 2959 3869 necessario
2984 3823 3043 3868 et
3075 3812 3190 3883 ipse
3220 3813 3533 3868 exstinctus

1947 3907 2273 3975 dissipatur.
2649 3892 2668 3906 ⁸

2021 3996 2415 4052 Animadverte
2444 4007 2629 4053 autem
2668 4008 2851 4053 ortum
2901 3997 3170 4067 ipsorum,
3220 4000 3531 4071 cujusmodi

1949 4089 2023 4144 sit
2065 4099 2124 4144 et
2169 4089 2318 4144 unde
2348 4090 2681 4160 principium
2718 4088 2940 4144 habeat.
2974 4089 3266 4146 Exsistunt
3291 4094 3532 4147 'comela:

1950 4184 2018 4237 de
2058 4182 2272 4237 fumosa
2328 4190 2386 4237 et
2438 4182 2584 4238 sicca
2640 4181 3013 4250 exhalatione,
3063 4197 3187 4252 quae
3248 4184 3531 4239 exhalatio

1952 4280 2179 4340 propter
2216 4270 2495 4326 levitatem
2538 4286 2692 4325 suam
2727 4270 2795 4326 ad
2838 4271 3026 4326 lunam
3058 4288 3232 4341 usque
3268 4274 3532 4329 subvehi-

1954 4370 2066 4426 tur,
2099 4371 2153 4417 et
2185 4371 2381 4417 natura
2410 4362 2636 4428 quidem
2670 4362 3022 4431 essentiaque
3062 4379 3160 4419 sua
3204 4363 3389 4419 funms
3426 4374 3532 4424 est.

1952 4468 2146 4507 verum
2184 4455 2291 4506 vim
2324 4449 2860 4511 ﬂatttmw'continet.
2890 4453 3009 4521 Quo
3038 4454 3094 4509 fit
3125 4465 3184 4511 ut
3213 4456 3536 4514 Aristotcles

252 4552 352 4589 νον
382 4533 496 4605 πῦρ
520 4549 533 4563 “
558 4536 587 4589 6
613 4534 723 4605 γὰρ
754 4537 960 4599 καπνὸς
997 4534 1201 4606 θερμὸς
1238 4539 1338 4607 μέν
1383 4541 1524 4604 ἐστι,
1554 4543 1629 4610 μὴ
1663 4542 1836 4611 μέντοι

1959 4559 2079 4600 eam
2142 4543 2390 4599 fomitem
2439 4557 2629 4607 vocet,
2681 4543 2786 4597 hoc
2833 4554 2916 4598 est
2971 4544 3150 4615 ignem
3223 4547 3533 4600 remissum.

253 4646 323 4697 γε
370 4628 479 4697 πῦρ
535 4628 963 4699 αὐτενέργητον.
1007 4628 1339 4689 Ἐξάπτεται
1395 4633 1464 4702 τῇ
1515 4632 1611 4686 τοῦ
1645 4636 1847 4697 παντὸς

254 4724 542 4793 περιφορᾷ
572 4721 1027 4790 συγκινούμενον.
1075 4722 1217 4775 Ἀλλ’
1261 4725 1476 4793 ἡμέρας
1508 4725 1610 4794 μὲν
1642 4727 1702 4780 ού
1729 4728 1855 4794 φαί-

258 4834 417 4869 νεται
442 4816 535 4869 διὰ
561 4816 659 4885 τὴν
685 4814 782 4867 τοῦ
812 4816 968 4886 ήλίου
1014 4817 1416 4887 μαρμαρυγήν,
1454 4819 1652 4883 νυκτὸς
1690 4820 1747 4873 δὲ
1784 4821 1855 4875 τὰ

260 4907 498 4963 τοιαῦτα
558 4908 783 4978 διάδηλα
834 4910 1066 4977 γίνεται.
1135 4909 1387 4963 Ἐπειδὰν
1426 4909 1522 4963 οὖν
1573 4912 1636 4964 τὸ
1686 4912 1853 4983 μέρος

258 4999 360 5053 τοῦ
402 5000 837 5071 ὑπεκκαύματος
872 5001 963 5054 διά
994 5000 1093 5071 τὴν
1109 4999 1346 5072 ,κίνησιν
1394 5003 1629 5075 ἐξαφθῇ,
1664 5007 1713 5057 εἰ
1754 5007 1853 5075 μὲν

260 5094 366 5148 οὐκ
403 5092 607 5166 ιντύχῃ
635 5094 857 5164 ἑτέραις
888 5094 1102 5154 οὐσίαις
1131 5094 1474 5165 ὲπιτηδείαις
1524 5099 1601 5162 είς
1635 5097 1852 5167 ἔξαψιν,

262 5187 467 5240 θᾶττον
511 5184 993 5251 ὲναποσδέννυται,
1032 5185 1253 5239 ἐπειδὰν
1282 5186 1339 5240 δὲ
1379 5186 1608 5259 κινηθὲν
1648 5189 1856 5259 παχείᾳ

262 5279 373 5351 ὕλῃ
409 5277 657 5350 ἐγκύρσῃ
685 5279 813 5346 τινὶ,
847 5279 1029 5331 ἐκεῖσε
1057 5277 1366 5349 ἐνίσχεται·
1394 5280 1519 5332 ὅθεν
1551 5282 1585 5350 ή
1626 5281 1854 5352 τοιαύτη

265 5375 372 5441 ὕλη
423 5372 568 5426 κατὰ
617 5374 728 5426 πᾶν
788 5370 1133 5441 ὲξαπτομένη
1194 5372 1286 5436 αῖξ
1336 5390 1395 5427 τε
1446 5374 1540 5427 καὶ
1600 5376 1854 5445 κομήτης

263 5466 517 5532 λέγεται.
561 5462 1141 5534 Ἀποσπινθηρίζουσα
1180 5463 1288 5532 γὰρ
1326 5463 1479 5517 δοκεῖ
1523 5481 1643 5517 τινα
1672 5466 1854 5535 κόμην

267 5560 423 5627 ἔχειν
456 5556 795 5625 καθειμένην
841 5557 937 5607 καὶ
984 5549 1074 5608 οἷά
1129 5572 1239 5608 τισι
1290 5557 1515 5625 μαλλοῖς
1564 5557 1707 5610 κατὰ
1760 5556 1858 5619 τὰς

268 5649 438 5720 αἶγας
466 5649 753 5721 βρίθεσθαι
771 5664 786 5679 ·
816 5649 996 5718 ταύτῃ
1018 5666 1101 5701 τοι
1130 5650 1228 5702 καὶ
1251 5652 1497 5719 κομήτης
1529 5652 1589 5700 τὸ
1614 5647 1860 5702 τοιοῦτον

272 5744 475 5814 φάσμα
531 5742 871 5813 ὠνόμασται.
939 5738 1105 5804 Οὗτος
1159 5742 1258 5812 μὲν
1306 5744 1334 5794 6
1386 5742 1633 5811 κομήτης
1686 5743 1860 5795 ἐνίοτε

279 5842 375 5894 καὶ
425 5835 773 5909 πολυήμερός
824 5836 996 5903 ἐστιν,
1031 5835 1311 5908 ἀρκούσης
1346 5836 1446 5905 τῆς
1494 5835 1866 5904 ὑποκειμένης

1957 4642 2171 4710 Quippe
2218 4641 2402 4695 fumus
2429 4648 2515 4695 est
2553 4639 2770 4693 calidus
2793 4638 3017 4707 quidem
3059 4640 3174 4704 ille,
3207 4655 3317 4693 non
3354 4651 3535 4696 tamen

1956 4735 2099 4805 ignis
2140 4733 2190 4787 vi
2238 4748 2335 4787 sua
2374 4741 2429 4786 et
2477 4730 2774 4787 eflicaciter
2836 4746 3025 4800 agens.
3076 4731 3291 4785 Accidit
3353 4742 3539 4786 autent

1954 4824 2216 4893 deinceps
2250 4832 2309 4875 ut
2338 4822 2540 4892 agitata
2573 4836 2697 4875 cum
2746 4819 2851 4873 hoc
2891 4821 3151 4872 universo
3179 4821 3542 4874 acccudamr.

1956 4917 2023 4971 Et
2055 4916 2296 4970 interdiu
2336 4915 2429 4984 qui
2473 4914 2544 4968 ob
2572 4912 2919 4982 splendorem
2956 4912 3089 4965 solis
3118 4911 3263 4965 haud
3312 4914 3537 4980 conspi-

1954 5011 2122 5075 citur,
2184 5018 2349 5063 noctu
2397 5024 2530 5063 vero
2574 5015 2825 5076 apparet.
2880 5005 3246 5073 Posteaquam
3327 5005 3534 5058 inmitis

1958 5102 2104 5157 illius
2130 5116 2254 5171 pars
2277 5101 2459 5169 aliqua
2487 5108 2710 5169 propter
2746 5106 2955 5151 motum
2984 5096 3091 5166 30
3118 5110 3351 5151 accensa
3372 5095 3547 5149 defla-

1958 5193 2220 5264 graverit,
2254 5192 2298 5246 si
2336 5191 2474 5244 alias
2499 5188 2771 5243 essentias
2801 5188 2866 5239 ad
2894 5186 3387 5244 inflammationem
3429 5183 3547 5237 ido-

1960 5302 2094 5341 neas
2138 5300 2247 5339 non
2315 5290 2714 5351 consequatur,
2767 5279 2934 5335 citius
2992 5278 3407 5348 exstinguitur:
3458 5276 3546 5330 sin

1962 5374 2082 5442 ipso
2112 5373 2166 5427 in
2200 5379 2349 5425 motu
2375 5370 2440 5424 ad
2477 5384 2718 5425 crassam
2761 5368 3052 5437 quamdam
3092 5368 3376 5420 materiem
3408 5366 3548 5421 fera-

1964 5473 2079 5528 tur,
2132 5464 2302 5533 magis
2367 5460 2658 5516 invalescit
2712 5470 2768 5514 et
2818 5468 3073 5529 augetur.
3138 5458 3295 5513 Unde
3365 5459 3424 5511 lit
3493 5467 3552 5511 ut

1963 5555 2278 5627 huiusmodi
2330 5554 2589 5611 materies
2642 5567 2871 5606 accensa
2904 5552 3126 5621 penitus
3168 5566 3328 5619 capra
3371 5565 3551 5603 come-

1967 5660 2164 5719 tesque
2217 5658 2467 5704 vocetur.
2520 5647 2737 5715 Quippe
2790 5646 2919 5700 dum
2981 5645 3279 5707 scintillat,
3334 5657 3550 5696 comam

1968 5744 2125 5812 quasi
2156 5741 2452 5812 quamdam
2488 5740 2691 5794 habere
2725 5739 2990 5808 prolixam
3020 5736 3553 5802 vidvttir,velulique

1965 5833 2109 5889 lanis
2143 5848 2433 5903 caprarum
2481 5832 2535 5885 in
2590 5845 2797 5887 merent
2838 5838 3033 5884 onusta
3072 5843 3226 5891 esse;
3266 5843 3387 5891 qua‘
3438 5832 3552 5890 ipsa
