4214 6442
749 415 820 474 ⁸3⁸9
2016 429 2413 494 MICHAEHS

2315 434 2434 494 us
2472 433 2732 496 (mea
2775 448 2787 463 -
2826 387 2840 393 ’
3913 433 3979 496 so

749 525 886 577 ratio
929 534 1015 578 est
1059 529 1415 594 quamobrem
1461 540 1724 599 cometes,
1775 533 1880 588 hoc
1921 547 2004 590 est
2051 537 2312 595 crinitum
2343 549 2387 602 Α

2343 549 2387 602 Α
2417 543 2565 614 αύτῷ
2600 544 2731 615 ῦλης
2767 547 2844 609 εἰς
2891 549 3108 617 χρονίαν
3141 546 3352 615 ἔξαψιν.
3390 543 3673 599 Ἐντεῦθεν
3704 541 3798 598 οῦν
3835 545 3979 614 ῐσχει

745 615 898 668 sidus
938 617 1268 685 appelletur.
1301 620 1367 673 Et
1407 622 1568 677 durat
1615 624 1889 680 interdum
1921 627 2115 684 diebus
2157 644 2311 683 com-

741 707 1011 776 pluribus,
1043 709 1300 765 nimirum
1355 716 1585 771 materie
1621 717 1865 786 subiecta
1898 718 2213 775 diuturnam
2245 720 2312 775 ad

742 798 1232 855 inﬂammationem
1274 803 1600 861 suﬂiciente.
1657 808 1731 862 De
1797 823 1962 864 causa
2011 810 2201 865 eadem
2257 821 2314 866 et

741 893 885 960 ignis
929 896 1108 947 oritur
1151 895 1239 948 ille
1272 897 1365 964 qui
1414 898 1670 953 noctibus
1716 901 1990 955 serenise
2024 902 2163 956 caelo
2201 902 2311 956 labi

740 981 982 1046 videtur,
1023 993 1081 1038 et
1111 1001 1272 1054 quem
1320 988 1566 1042 nonnulli
1613 989 1865 1045 rudiores
1915 1007 2036 1046 esse
2084 993 2306 1047 coeleste

742 1077 898 1130 sidus
926 1079 1266 1145 existimant,
1300 1098 1424 1136 cum
1455 1083 1708 1139 homines
1741 1083 1974 1141 in‘hisce
2003 1086 2308 1156 disciplinis

738 1170 1020 1222 exercitati
1063 1172 1302 1238 speciem
1350 1175 1619 1244 eiusmodi
1667 1178 2046 1247 traiectionem
2101 1194 2312 1233 nuncu-

740 1273 889 1325 pent.
922 1262 1056 1317 Cum
1089 1264 1236 1322 enim
1276 1266 1408 1320 illud
1431 1267 1574 1337 quod
1608 1283 1674 1321 ex
1707 1277 1857 1322 motu
1889 1278 1973 1323 est
1997 1283 2311 1334 accensum,

740 1351 794 1402 in
838 1353 1095 1408 materies
1136 1355 1245 1424 igni
1277 1355 1642 1426 concipiendo
1683 1360 1910 1415 idoneas
1944 1360 2221 1423 inciderit,
2258 1369 2312 1412 et

739 1442 938 1496 deinde
996 1443 1214 1504 ﬂamma
1262 1447 1328 1501 de
1363 1462 1468 1500 una
1515 1450 1583 1501 ad
1637 1449 1800 1503 aliam
1862 1451 2148 1505 materiem
2203 1451 2312 1506 lata

737 1531 953 1602 longius
984 1550 1106 1589 sese
1137 1536 1343 1592 diderit
1374 1537 1519 1608 ignis
1545 1539 1612 1593 ad
1645 1541 1816 1596 hasta:
1855 1541 2085 1596 formam
2113 1550 2310 1597 exten-

2411 634 2511 704 τὴν
2548 634 2762 703 γένεσιν
2801 635 2896 690 καὶ
2947 638 3008 691 τὸ
3046 637 3244 693 δοκοῦν
3297 635 3356 700 ἐξ
3407 633 3638 705 ούρανοῦ
3691 634 3983 704 ῥίπτεσθαι

2413 725 2524 798 πῦρ
2546 727 2766 797 αἰθρίας
2796 728 2964 799 οὔσης
3004 728 3106 799 τῆς
3151 728 3368 790 νυκτὸς.
3466 727 3530 798 δὴ
3581 725 3677 780 καί
3703 743 3848 789 τινες
3872 726 3983 778 τῶν

2411 817 2814 889 ἀγροικοτέρων
2865 819 3091 889 ἀστρον-
3134 819 3390 890 ούράνιον
3430 819 3692 889 ἥγηνται.
3737 817 3881 872 ’Δλλ’
3932 819 3981 870 οι

2411 907 2539 978 περὶ
2578 909 2646 962 τά
2690 908 2916 964 τοιαῦτα
2964 909 3328 981 ἡσχολημένοι
3383 908 3445 962 τὸ
3489 908 3731 963 τοιοῦτον
3787 909 3984 977 φάσμα

2412 997 2695 1054 διάττοντα
2727 999 3208 1069 κατονομάζουσιν.
3246 997 3498 1052 Ἐπειδὰν
3535 999 3646 1068 γὰρ
3671 997 3732 1051 τδ
3759 999 3849 1052 διά
3881 998 3983 1068 τὴν

2415 1089 2632 1160 κίνησιν
2682 1091 2914 1157 ἐξαφθὲν
2967 1091 3119 1153 ὓλαις
3154 1089 3492 1162 ἐπιτηδείως
3541 1091 3622 1151 είς
3658 1088 3849 1160 ῑξαψιν
3889 1091 3980 1141 ὲν-

2412 1180 2572 1253 τύχῃ.
2609 1181 2902 1236 κάντεῦθεν
2954 1182 3048 1236 ἀπ’
3095 1181 3264 1254 ἄλλης
3322 1183 3406 1245 είς
3452 1183 3621 1254 ἀλλην
3671 1181 3983 1252 φερομένης

2410 1269 2508 1338 τῆς
2543 1270 2736 1337 φλογὸς
2765 1269 3078 1340 διαδόσιμον
3108 1270 3334 1340 γένηται
3361 1268 3423 1322 τὸ
3460 1267 3759 1340 πῦρικσπά
3791 1265 3982 1336 σχῆμα

2407 1360 2503 1412 τοῦ
2567 1361 2793 1430 δόρατος
2849 1361 3256 1433 ἀπομηκυνθῇ,
3316 1361 3377 1414 τδ
3440 1357 3686 1414 τοιοῦτον
3750 1357 3984 1411 διάττωιι

2409 1452 2724 1521 ὠνόμασται
2774 1452 2915 1505 κατά
2965 1453 3034 1506 τὰ
3089 1453 3392 1523 φαινόμενα
3433 1453 3713 1522 σχήματα,
3739 1451 3836 1502 καὶ
3882 1447 3983 1511 τὰς

2408 1544 2726 1614 ἐπωνυμίας
2760 1544 3139 1616 ἀποπληροῦσι
3171 1547 3286 1610 τοῖς
3325 1544 3629 1614 φάσμασιν.

737 1639 852 1688 sus,
897 1626 954 1679 tit
996 1628 1098 1681 hoc
1162 1627 1308 1697 quod
1358 1631 1735 1700 traiectionem
1777 1643 1997 1689 vocant.
2044 1634 2444 1692 Consuevimus
2484 1637 2630 1692 enim
2699 1636 2833 1692 visis
2890 1637 3160 1709 ejusmodi
3226 1651 3325 1708 pro
3372 1637 3588 1692 ratione
3659 1634 3981 1696 formarum,

739 1717 941 1784 quibus
990 1720 1432 1786 conspiciuntur,
1462 1723 1856 1791 appellationes
1883 1725 2096 1781 indere.

810 1809 1154 1880 Quapropter
1183 1813 1321 1879 haec,
1349 1815 1424 1871 uti
1468 1813 1726 1881 diximus,
1763 1817 1816 1871 in
1848 1819 1989 1873 caelo
2017 1820 2309 1876 collocavit
2340 1838 2386 1900 Β

743 1901 906 1966 Dens.
945 1913 1005 1963 ut
1044 1905 1196 1976 signa
1239 1908 1400 1963 nobis
1444 1918 1629 1965 essent
1674 1909 1742 1968 de
1771 1909 1971 1983 quibus
2001 1910 2146 1968 haud
2183 1913 2306 1968 vul-

740 2009 897 2060 pares
939 1997 1225 2054 muniendi
1259 2001 1430 2054 nostri
1456 2002 1697 2058 rationes
1723 2003 2130 2074 colligeremus.
2169 2004 2306 2060 Nam

741 2087 926 2156 aspice
979 2088 1114 2142 mihi
1156 2091 1353 2156 nubes,
1384 2108 1505 2162 quae
1556 2109 1681 2151 cum
1721 2096 2000 2153 interdum
2050 2101 2306 2156 lanarum

741 2179 1038 2234 velleribus
1079 2182 1392 2238 consimiles
1429 2195 1759 2253 cernuntur,
1792 2189 2119 2261 plerumque
2169 2199 2306 2248 tem-

742 2282 980 2340 pestates
1006 2273 1220 2341 pluvias
1246 2275 1592 2332 denuntiant.
1610 2280 1788 2348 Atque
1814 2281 1981 2336 etiam
2010 2283 2305 2349 iris,arcus

739 2363 1000 2420 nimirum
1032 2364 1123 2429 ille
1155 2380 1318 2435 quem
1353 2369 1405 2422 in
1431 2369 1571 2424 caelo
1605 2371 1995 2441 conspicimus,
2027 2388 2136 2429 non
2168 2376 2303 2429 sim-

738 2456 954 2525 pliciter
993 2472 1171 2527 neque
1200 2457 1426 2517 fortuito
1453 2461 1658 2516 nostris
1697 2475 1872 2519 semet
1909 2465 2088 2522 oculis
2117 2467 2301 2534 oﬂert,

737 2547 832 2601 sed
873 2536 1056 2617 pluvia
1097 2559 1416 2620 tempestate
1458 2564 1751 2622 conspecta
1798 2557 2148 2613 serenitatem
2199 2557 2304 2615 fert

734 2654 942 2706 secum,
983 2656 1203 2708 serena,
1244 2644 1485 2714 pluviam
1531 2645 1798 2717 designat.
1829 2649 1955 2704 Haec
1981 2649 2127 2705 enim
2158 2649 2301 2707 Deus

737 2731 792 2784 in
822 2732 976 2801 signa
1006 2734 1314 2790 constituit.

807 2826 871 2880 Et
902 2835 1052 2880 caret
1096 2826 1197 2881 iris
1245 2827 1484 2883 essentia
1539 2829 1804 2898 peculiari
1842 2845 1961 2898 sua,
2011 2832 2302 2902 solumque

734 2916 949 2983 species
1003 2917 1250 2985 quaedam
1319 2927 1403 2972 est
1448 2919 1765 2990 imaginaria
1812 2922 2089 2977 cernentis
2145 2937 2304 2992 aspe-

731 3017 881 3066 cfns.
913 3015 1032 3074 orta
1085 3008 1152 3062 de
1188 3009 1301 3064 sole
1351 3008 1405 3067 in
1465 3010 1641 3066 nubes
1685 3011 1923 3082 partium
1953 3012 2298 3068 diversarum

733 3097 1028 3158 incidente.
1065 3097 1254 3159 itidem
1283 3099 1468 3154 lumen
1493 3100 1742 3156 ambiens
1768 3116 1896 3157 area
1923 3105 2109 3172 specie
2141 3113 2300 3162 tenus

732 3187 979 3251 exsistit,
1009 3203 1134 3254 cum
1179 3203 1374 3259 reapse
1411 3188 1548 3246 nihil
1589 3191 1663 3247 sit
1696 3192 1875 3263 deque
1924 3205 2179 3263 aspectus
2213 3210 2298 3250 re-
2325 3217 2370 3279 ο

732 3279 1002 3335 fractione
1039 3280 1270 3334 oriatur.
1316 3280 1389 3338 At
1432 3295 1561 3337 vero
1596 3281 1832 3338 fulguris
1877 3285 2017 3338 ignis
2061 3285 2300 3338 essentia
2363 3286 2367 3290 ’

2325 3217 2370 3279 c
2406 3193 2724 3256 ὑπόστασις,
2758 3193 2816 3259 ιξ
2850 3191 3197 3255 ἀνακλάσεως
3229 3193 3326 3262 τῆς
3354 3193 3552 3262 ὅψεως.
3577 3192 3651 3245 Τὸ
3673 3191 3731 3244 δὲ
3766 3190 3980 3259 ἀστρα-

2363 3285 2563 3338 ’παῖον
2615 3283 2730 3338 πῦρ
2779 3284 3147 3338 ἀνυπόστατον
3195 3284 3298 3338 μέν
3353 3283 3647 3338 tenuabit
3693 3283 3804 3338 εγει
3833 3283 3890 3336 δὲ
3921 3281 3984 3336 τὸ

2403 3299 2563 3351 παιον
2615 3299 2730 3354 πυρ
2779 3299 3147 3340 ενυποστατυν
3194 3299 3298 3354 μεν
3353 3299 3523 3347 εστιν,
3547 3299 3647 3337 ουκ
3693 3299 3804 3352 εχει
3833 3299 3890 3336 οε
3921 3300 3949 3336 τ

732 3279 1002 3335 fractione
1039 3280 1270 3334 oriatur.
1316 3280 1389 3338 At
1432 3295 1561 3337 vero
1596 3281 1832 3353 fulguris
1877 3285 2017 3354 ignis
2061 3285 2300 3348 essentia

731 3373 997 3443 peculiari
1050 3388 1161 3439 non
1208 3384 1379 3439 caret,
1428 3375 1645 3439 tametsi
1680 3374 1787 3434 vim
1821 3363 2015 3433 urendi
2047 3393 2156 3432 non
2203 3378 2302 3434 ha-

732 3465 876 3516 heat.
908 3461 1120 3516 Etenim
1155 3464 1273 3533 ejus
1302 3473 1494 3519 natura
1520 3465 1760 3534 partium
1788 3475 1874 3522 est
1909 3467 2215 3532 subtilium,
2245 3475 2300 3524 et

729 3569 963 3623 corpora
993 3554 1248 3612 celeriter
1273 3559 1535 3627 pneterit.
1562 3558 1680 3625 Quo
1722 3555 1782 3611 ῆι
1817 3565 1876 3616 ut
1921 3573 1984 3613 ea
2036 3574 2134 3613 nec
2178 3568 2300 3613 urat

734 3660 834 3700 nec
871 3644 1141 3713 denigret.
1170 3644 1492 3717 Quanquam
1527 3647 1678 3702 enim
1725 3648 2038 3718 huiusmodi
2090 3647 2297 3704 lulmen

731 3739 874 3808 ignis
908 3747 1027 3802 est,
1081 3748 1134 3792 et
1183 3753 1213 3801 a_
1268 3749 1465 3801 natura
1502 3740 1554 3795 vi
1604 3741 1889 3812 praeditum
1950 3751 2035 3796 est
2079 3741 2299 3807 urendi,

730 3838 911 3882 tamen
944 3830 1064 3897 eius
1109 3827 1381 3892 subtilitas
1430 3839 1488 3890 et
1534 3839 1796 3900 praeterea
1845 3832 2141 3896 celerius,
2189 3848 2300 3890 non

728 3920 821 3974 diu
851 3919 1181 3990 corporibus
1225 3919 1523 3987 inhaerens,
1565 3923 1734 3979 illaesa
1763 3923 2047 3995 relinquit.
2079 3922 2303 3982 Prester

727 4027 880 4077 vero,
915 4013 1056 4068 sicut
1104 4012 1280 4085 ipsum
1312 4013 1476 4068 etiam
1509 4029 1706 4074 nomen
1738 4014 1970 4081 indicat,
2011 4015 2195 4072 adurit
2236 4031 2300 4073 ea

728 4118 959 4183 corpora
994 4118 1115 4174 qute
1142 4104 1404 4176 attigerit.
1428 4105 1495 4168 Et
1515 4105 1697 4162 adurit
1725 4115 2013 4179 propterea
2040 4108 2187 4178 quod
2206 4121 2298 4164 se-

727 4212 850 4252 cum
885 4195 1064 4252 trahat
1097 4209 1128 4252 e
1154 4195 1298 4252 nube
1321 4198 1606 4253 materiem
1629 4197 1922 4268 quamdam
1945 4198 2298 4268 crassiorem,

723 4303 956 4358 eamque
1001 4287 1326 4343 inﬂammet.
1362 4288 1672 4344 Presterem
1711 4289 1894 4360 ipsum
1931 4298 2126 4345 ventus
2159 4305 2301 4360 prte-

725 4381 892 4434 cedit.
927 4379 1084 4437 Patet
1136 4380 1240 4435 hoc
1277 4380 1427 4444 inde,
1461 4381 1606 4450 quod
1644 4396 1706 4436 ea
1741 4396 1862 4450 qua:
1893 4380 2299 4450 conﬂagratura

727 4482 875 4534 sunt,
909 4472 1061 4541 prius
1092 4487 1120 4525 a
1147 4484 1310 4527 vento
1336 4473 1439 4542 31
1469 4473 1868 4527 convellantur.
1899 4472 2111 4542 Quippe
2135 4473 2298 4530 ﬂatus

2489 1818 2686 1874 Ἔθετο
2734 1819 2833 1889 μὶν
2873 1813 2967 1872 οῦν
3000 1819 3080 1883 είς
3119 1821 3346 1889 σημεῖα,
3387 1819 3640 1890 καθάπερ
3683 1820 3919 1892 εἴρηται,
3951 1801 3981 1851 δ

2415 1909 2546 1974 Θεὸς
2578 1909 2752 1964 ταῦτα
2791 1909 2857 1978 δὴ
2905 1909 2975 1964 τά
3009 1911 3134 1964 κατ’
3169 1909 3524 1977 ούρανδν,’ὠς
3573 1911 3824 1966 ἐντεῦθεν
3850 1915 3984 1984 ἡμῖν

2413 2005 2717 2074 ἀσφάλειαν
2764 2005 2824 2059 οὐ
2882 2004 2980 2078 τὴν
3034 2005 3307 2077 τυχοῦσαν
3374 2007 3788 2076 προσγίνεσθαι.
3837 2008 3982 2077 Ὅρα

2413 2099 2524 2166 γὰρ
2557 2097 2636 2150 δτι
2689 2097 2786 2152 καὶ
2831 2096 2900 2150 τὰ
2926 2097 3063 2168 νέφη
3105 2097 3296 2160 πόκοις
3351 2099 3516 2168 ἀρίων
3569 2098 3810 2167 φανέντα
3851 2101 3982 2152 ποτὶ

2413 2187 2771 2258 παραπλήσια
2797 2187 3071 2257 χειμῶνας
3099 2187 3270 2240 ἐνίοτε
3295 2188 3783 2258 προσημαίνουσιν.
3819 2191 3984 2244 nam

2411 2278 2507 2334 καὶ
2538 2276 2648 2348 ῐρις
2697 2277 2858 2348 αὑτὴ,
2889 2277 2951 2331 τὸ
2986 2279 3106 2331 κατ’
3137 2277 3364 2348 ούρανδν
3412 2277 3615 2349 δηλαδὴ
3651 2282 3983 2351 φαινόμενον

2409 2369 2585 2439 τόξον,
2611 2369 2687 2431 ὡς
2721 2369 2821 2438 ούχ
2858 2367 3045 2432 ἁπλῶς
3077 2371 3187 2432 τοῖς
3243 2369 3544 2440 ὀφθαλμοῖς
3587 2373 3747 2443 ἡμῶν
3788 2375 3884 2425 καὶ⁵
3906 2373 3984 2438 ὡς

2407 2463 2566 2533 ετυχε
2597 2459 2888 2532 πρόκειται
2909 2475 2924 2489 ·
2959 2459 3231 2529 χειμῶνος
3277 2459 3379 2529 μὲν
3421 2460 3526 2531 γὰρ
3573 2461 3714 2532 αῦτη
3749 2465 3984 2532 φανεῖσα

2411 2554 2678 2627 εὐδιεινὴν
2719 2549 2978 2624 ἐπιφέρει
3020 2551 3392 2614 κατάστασιν,
3447 2551 3632 2615 εὐδίας
3689 2553 3744 2606 δὲ
3815 2553 3984 2624 οὔσης

2408 2647 2522 2714 είγε
2549 2645 2770 2716 φανείη,
2797 2642 3042 2716 χειμῶνα
3072 2643 3384 2695 τούναντίον
3413 2642 3674 2714 ιμήνυσε.
3695 2643 3804 2696 Καὶ
3831 2642 3985 2698 ἔθετο

2408 2737 2540 2805 γὰρ,
2581 2735 2738 2806 φησι,
2767 2735 2941 2790 ταῦτα
2968 2737 3049 2798 είς
3063 2733 3305 2802 σημεῖα.

2495 2829 2644 2883 Ἀλλ’
2679 2831 2711 2901 ἡ
2761 2830 2860 2900 μὲν
2889 2825 3000 2900 ῐρις
3031 2825 3405 2888 ἀνυπόστατός
3457 2828 3591 2892 ἔστι,
3631 2826 3900 2896 φαντασία
3927 2826 3984 2877 δι

2411 2921 2573 2991 μόνον
2601 2921 2700 2990 τῆς
2729 2921 2944 2991 δρώσης
2968 2920 3165 2989 ὅψεως,
3196 2920 3255 2986 ἑξ
3286 2915 3443 2991 ἡλίου
3477 2919 3849 2987 συνισταμένη
3891 2919 3984 2970 νέ-

2407 3025 2563 3076 φεσιν
2611 3007 3064 3077 ἀνομοιομερέσιν
3119 3006 3506 3076 ἐμπίπτοντος.
3577 3004 3740 3057 Ἀλλά
3792 3008 3889 3057 καὶ
3947 3005 3982 3074 ἡ

2406 3101 2550 3156 κατά
2579 3098 2806 3171 σελήνην
2837 3099 2981 3163 ἀλως
3017 3099 3257 3169 ἔμφασις
3289 3099 3550 3162 ὡσαύτως
3577 3097 3746 3157 εστὶν,
3777 3097 3838 3148 ού
3875 3094 3983 3165 μὴν

2406 3193 2724 3256 ὑπόστασις,
2758 3193 2816 3259 ιξ
2850 3191 3197 3255 ἀνακλάσεως
3229 3193 3326 3262 τῆς
3354 3193 3552 3262 ὅψεως.
3577 3192 3651 3245 Τὸ
3673 3191 3731 3244 δὲ
3766 3190 3980 3259 ἀστρα-

2401 3372 2634 3442 φιλέγον·
2675 3371 3016 3444 λεπτομερὴς
3045 3373 3154 3444 γὰρ
3187 3372 3405 3444 ὴούσία
3453 3371 3636 3426 αὐτοῦ.
3680 3373 3843 3427 Ἀλλά
3884 3375 3983 3428 καὶ

2399 3463 2472 3516 τά
2517 3462 2750 3533 σώματα
2811 3463 3023 3533 ταχέως
3084 3466 3448 3536 παρέρχεται,
3499 3462 3623 3517 ὅθεν
3665 3462 3789 3517 οῦτε
3836 3464 3984 3518 καίει

2400 3553 2522 3625 οῦτε
2561 3553 2803 3624 μελαίνει
2832 3553 2991 3622 αὐτά.
3025 3554 3087 3608 Εί
3115 3555 3225 3626 γὰρ
3255 3554 3348 3608 καὶ
3392 3553 3506 3625 πῦρ
3535 3554 3564 3607 ὁ
3594 3553 3838 3618 τοιοῦτός
3860 3557 3982 3609 ἐστι

2401 3645 2668 3718 κεραυνὸς
2695 3646 2786 3700 καὶ
2816 3645 2977 3718 φύσει
3012 3645 3127 3718 εχει
3157 3647 3219 3700 τὸ
3256 3646 3455 3714 καίειν,
3495 3645 3613 3700 ἀλλ’
3647 3648 3680 3717 ἡ
3711 3647 3984 3714 λεπτότης

2401 3737 2590 3804 αὑτοῦ,
2623 3739 2758 3809 πρὸς
2788 3739 2844 3792 δὲ
2876 3740 2969 3792 καὶ
2997 3740 3030 3810 ἡ
3068 3739 3309 3809 ταχύτης
3347 3739 3424 3811 μὴ
3452 3737 3842 3810 ἐγχρονίζουσα
3866 3740 3984 3804 τοῖς

2402 3829 2671 3900 σώμασιν,
2723 3831 2976 3886 άκαυστα
3026 3830 3199 3885 ταῦτα
3230 3832 3314 3903 ἑᾷ.
3361 3831 3421 3885 '0
3470 3829 3528 3885 δὲ
3583 3830 3862 3902 πρηστὴρ,
3906 3829 3987 3895 ὡς

2401 3921 2496 3978 καὶ
2524 3920 2653 3976 αὐτὸ
2678 3921 2829 3994 δηλοῖ
2842 3921 3104 3995 τοῦνομα,
3121 3926 3190 3994 τά
3219 3923 3603 3996 παρατυχόντα
3632 3924 3980 3996 καταφλέγει

2403 4011 2653 4085 σώματα.
2685 4014 3037 4088 Καταφλέγει
3082 4014 3139 4070 δδ
3166 4014 3253 4070 διὰ
3283 4016 3343 4070 τὸ
3376 4015 3824 4071 συνεπισπᾶσθαι
3856 4015 3982 4086 μεθ’

2401 4103 2596 4163 δαυτοῦ
2651 4106 3142 4179 παχυμερεστέραν
3188 4104 3324 4176 ὕλην
3373 4105 3438 4161 tu
3489 4103 3584 4160 τοῦ
3636 4107 3858 4177 νέφους,
3888 4105 3987 4160 καὶ

2401 4195 2609 4266 ταύτην
2661 4195 2993 4268 ὶκπληροῦν.
3025 4195 3230 4250 Τούτου
3285 4195 3341 4251 δά
3387 4193 3482 4249 τοῦ
3515 4196 3839 4268 πρηστῆρος
3887 4195 3986 4250 καὶ

2402 4292 2728 4362 προηγεῖται
2757 4289 2996 4361 πνεῦμα.
3029 4289 3138 4344 Καὶ
3173 4289 3333 4359 δῆλον
3368 4291 3431 4343 lx
3471 4288 3570 4343 τοῦ
3604 4289 3672 4343 τά
3710 4289 3985 4360 μέλλοντα

2409 4383 2791 4452 ἀμπίπρασθαι
2825 4381 3042 4451 πρῶτον
3067 4381 3172 4433 ὑπὸ
3205 4379 3515 4450 πνεύματος
3548 4379 3847 4450 ῥήγνυσθαι
3872 4395 3887 4411 ο
3923 4380 3985 4432 τὸ

2401 4471 2510 4541 γὰρ
2542 4470 2762 4538 πνεῦμα
2785 4469 2880 4522 τοῦ
2910 4468 3229 4539 πρηστῆρος
3274 4467 3492 4530 θειιῖιδες
3519 4466 3581 4520 ὂν
3614 4469 3844 4536 πλήττει
3885 4468 3984 4519 καὶ

726 4564 816 4617 ille
870 4564 1152 4632 presteris,
1191 4578 1314 4626 cum
1369 4562 1647 4626 sulfureus
1700 4561 1813 4628 sit,
1848 4560 2178 4627 verberandi
2233 4575 2298 4616 ac
2333 4575 2374 4629 D

2333 4575 2374 4629 D
2407 4565 2658 4634 ῥήγνυσι.
2711 4562 2895 4633 Ταύτῃ
2943 4578 3025 4615 τοι
3077 4563 3173 4614 καὶ
3225 4561 3294 4616 τὰ
3350 4559 3772 4632 κεραυνωθέντα
3820 4560 3979 4630 μένει

725 4655 1122 4733 perrumpendi
1150 4657 1258 4709 vim
1297 4655 1481 4710 habet.

798 4748 986 4816 Itaque
1020 4749 1249 4813 fulmen,
1283 4748 1382 4812 illi,
1413 4748 1516 4802 hoc
1543 4759 1629 4806 est
1661 4747 1840 4818 ignem
1867 4747 2017 4804 illum
2045 4745 2297 4816 fulguris,

725 4839 806 4893 vel
843 4855 940 4907 per
991 4839 1220 4893 nubium
1273 4839 1617 4894 eollisionem
1673 4839 1789 4894 ﬁeri
1837 4848 2028 4908 putato
2065 4838 2152 4893 vel
2202 4853 2302 4908 per

725 4929 1161 4999 expressionem,
1177 4945 1300 4984 cum
1324 4931 1585 4984 nimirum
1605 4930 1846 4985 essentia
1868 4930 2115 4998 quaedam
2142 4928 2300 4999 ignea

728 5025 782 5078 in
824 5024 1000 5078 nubes
1040 5024 1255 5086 incidit.
1286 5039 1347 5078 ac
1385 5040 1482 5095 per
1511 5026 1620 5078 vim
1661 5024 1790 5086 inde
1832 5039 2025 5079 rursus
2053 5026 2303 5080 excerni-

727 5127 837 5179 tur,
871 5115 1138 5186 quasique
1185 5115 1253 5169 ab
1295 5115 1411 5184 ipsa
1445 5116 1588 5170 nube
1626 5115 1975 5186 protruditur
2003 5124 2059 5170 et
2110 5116 2302 5184 impel-

727 5207 882 5260 litur.
915 5207 1050 5260 Nam
1089 5207 1507 5278 eprrenismus
1535 5216 1620 5261 est
1649 5208 1896 5276 quaedam
1933 5208 2088 5276 quasi
2119 5208 2305 5278 eiacu-

727 5296 857 5349 latio
889 5313 985 5364 per
1019 5297 1486 5366 compressionem
1518 5294 1680 5361 facta,
1708 5297 2168 5368 quemadmodum
2201 5313 2302 5358 nos

726 5406 945 5459 quoque
1011 5391 1278 5444 olivarum
1336 5389 1571 5447 ossicula
1627 5390 1816 5459 digitis
1871 5390 2304 5460 comprimentes

729 5501 946 5538 sursum
977 5487 1057 5539 vel
1095 5488 1350 5538 deorsum
1384 5484 1744 5554 eiaculamur.
1772 5483 1900 5537 Tale
1932 5483 2192 5552 quiddam
2220 5493 2304 5537 est

730 5578 959 5640 fuinwn,
992 5577 1137 5645 quod
1192 5594 1287 5647 per
1321 5578 1759 5647 ecpyrenismum
1801 5577 1882 5640 lit,
1918 5593 2042 5632 cum
2079 5593 2306 5646 praeser-

734 5673 827 5720 tlttl
881 5669 1109 5722 inferior
1168 5671 1331 5724 nubis
1387 5669 1668 5724 crassities
1719 5669 1787 5724 de
1836 5671 1956 5725 loco
2017 5671 2304 5738 superiore

731 5761 1067 5816 condensata
1115 5759 1416 5816 irruentem
1450 5761 1505 5814 in
1536 5777 1593 5816 se
1620 5762 1983 5816 substantiam
2015 5775 2303 5830 penetrare

735 5869 1008 5939 suumque
1042 5855 1107 5910 ad
1147 5856 1326 5911 locum
1364 5855 1590 5924 tendere
1624 5871 1732 5910 non
1781 5855 1934 5922 sinit.
1971 5855 2124 5911 'l'unc
2156 5857 2300 5924 enim

2399 4656 2666 4710 διεστῶτα
2700 4657 2793 4708 ἀπὶ
2822 4656 3013 4726 χρόνον
3037 4654 3182 4710 τινά.

2471 4750 2577 4803 Τὸν
2619 4750 2804 4819 μέντοι
2849 4750 3134 4819 κεραυνὸν,
3167 4750 3441 4822 ἀγαπητὶ,
3471 4750 3617 4806 τοῦτ’
3667 4750 3816 4804 ἔστιν
3846 4751 3985 4805 αὐτὸ

2400 4843 2462 4895 τὸ
2497 4844 2837 4912 ἀστραπαῖον
2869 4843 3000 4913 πῦρ,
3033 4844 3065 4914 ἢ
3097 4845 3239 4897 κατά
3281 4844 3612 4914 σύγκρουσιν
3656 4844 3764 4896 τῶν
3797 4844 3982 4911 νεφῶν

2401 4931 2647 4999 γίνεσθαι
2669 4930 2855 5000 νόμιζε
2888 4930 2920 5001 ἦ
2948 4931 3090 4984 κατά
3119 4932 3552 5002 ὲκπυρηνισμδν,
3571 4932 3736 5002 ἡνίκα
3762 4931 3972 5001 δηλαδὴ

2402 5021 2660 5094 πυρώδης
2695 5021 2852 5076 ούσία
2904 5025 3018 5085 τοϊς
3063 5024 3281 5100 νέφεσιν
3315 5023 3631 5092 ἀμπεσοῦσα
3685 5023 3824 5075 κατὰ
3854 5021 3981 5091 βίαν

2401 5112 2611 5166 ἐκεῖθεν
2665 5112 2897 5182 ἐκραγῇ,
2940 5111 3243 5181 ῥιπτομένη
3286 5111 3379 5169 καὶ
3431 5107 3542 5166 οἷον
3587 5112 3762 5165 εἰπεῖν
3805 5111 3981 5164 ὠθου-

2407 5205 2541 5275 μένη
2575 5204 2725 5274 παρά
2767 5202 2862 5257 τοῦ
2896 5202 3090 5269 νέφους
3134 5203 3320 5257 αὑτοῦ.
3369 5203 3813 5273 Ἐκπυρηνισμὸς
3863 5205 3980 5275 γάρ

2404 5299 2552 5352 ἐστιν
2583 5299 2611 5350 ό
2651 5296 2794 5350 κατά
2844 5294 3137 5363 συμπίεσιν
3157 5309 3172 5326 ⁸
3203 5295 3528 5365 ἀκοντισμὸς
3556 5297 3665 5364 γάρ
3693 5295 3864 5359 ἐστιν,
3899 5295 3980 5360 ὡς

2403 5391 2529 5445 ὅταν
2559 5388 2652 5444 καὶ
2678 5390 2842 5458 ἡμεῖς
2871 5387 2939 5440 τά
2983 5386 3092 5440 τῶν
3125 5385 3323 5439 ὲλαιῶν
3352 5386 3487 5440 ὀστᾶ
3530 5389 3643 5449 τοῖς
3686 5387 3980 5451 δακτύλοις

2406 5481 2856 5554 συμπιέζοντεςῆ
2899 5481 3011 5534 ἀνω
3058 5479 3090 5550 ἢ
3135 5479 3285 5532 κάτω
3309 5478 3482 5533 ταῦτα
3519 5477 3978 5548 ὲξακοντίζωμεν.

2407 5575 2514 5628 Καὶ
2561 5563 2801 5633 τοιοῦτος
2843 5572 2942 5640 μὲν
2987 5571 3015 5624 ό
3056 5571 3192 5624 κατά
3239 5571 3648 5640 ἐκπυρηνισμὸν
3683 5573 3978 5640 κεραυνὸς,

2407 5666 2566 5735 ἡνίκα
2602 5665 2694 5718 καὶ
2741 5665 2941 5734 μᾶλλον
2999 5665 3028 5733 ἠ
3079 5661 3171 5715 τοῦ
3228 5664 3422 5732 νέφους
3466 5661 3714 5732 παχύτης
3765 5663 3979 5716 ἄνωθεν

2407 5757 2749 5811 πυκνωθεῖσα
2772 5758 2871 5826 τὴν
2908 5755 3252 5824 ἐμπεσοῦσαν
3305 5757 3485 5809 ἐκεῖσε
3527 5756 3717 5811 οὐσίαν
3759 5756 3862 5809 οὐκ
3911 5757 3978 5828 ἐᾷ

2409 5869 2465 5905 τε
2521 5850 2748 5922 διελθεῖν
2784 5850 2877 5903 καὶ
2939 5853 3028 5903 ἐπὶ
3086 5850 3175 5904 τὶν
3235 5851 3410 5922 χῶρον
3472 5850 3643 5930 αὐτῆς
3690 5849 3974 5916 ἀνελθεῐνο
