4214 6442
244 417 307 483 81
1499 413 1819 474 ΑΝΝΑΙᾸῘ

1947 412 2139 474 mus
2178 413 2221 476 Ι.
3421 416 3494 491 3-2

240 531 540 600 τηνικαῦτα
590 534 696 602 γάρ
749 535 853 585 ὑπὸ
900 531 991 583 τοῦ
1030 533 1243 598 νέφους,
1272 530 1347 591 ὡς
1386 529 1634 596 εἴπομεν,
1681 546 1818 595 cup.-

1924 547 1950 582 a
1978 530 2142 591 nube,
2170 526 2639 597 quemadmodum
2685 525 3072 587 indicavimus,
3103 537 3414 593 compressa
3445 540 3499 580 et

244 626 546 695 πιεζομένη
575 644 632 678 τε
669 627 762 678 καὶ
794 623 1080 693 ὠθουμὲνη
1115 623 1264 676 κάτω
1301 621 1611 690 ῥιπτεῖσθαι
1651 620 1814 673 πάλιν

243 716 513 785 βιάζεται.
560 715 620 768 '0
651 716 707 768 δὲ
755 715 941 784 ιτερος
991 712 1346 765 ἀποτίκτεται
1392 711 1658 780 κεραυνὸς
1709 711 1818 764 τῶν

239 809 418 876 νεφῶν
449 806 908 876 συντριϐομένων.
951 805 1015 858 Ἦ
1048 803 1146 872 μὲν
1174 803 1282 871 γὰρ
1314 803 1467 872 ῥῆξις
1496 803 1588 855 τὸν
1617 819 1821 870 κεραυ-

238 899 329 950 νὸν
379 897 739 965 ἀπεγέννησε,
777 894 872 948 τοῦ
904 897 1099 963 νέφους
1143 893 1234 964 βίᾳ
1264 893 1632 958 σπασθέντοςο
1668 910 1818 962 τηνι-

239 988 416 1040 καῦτα
459 988 516 1040 δὲ
549 987 785 1040 θυλάκου
827 986 1017 1056 ὥσπερ
1059 986 1445 1054 διαρῤαγέντος
1476 986 1630 1047 ύετδς
1659 1001 1820 1037 κατε-

237 1080 516 1146 νήνεκται.
555 1079 616 1131 ὐ
659 1078 716 1130 δέ
767 1094 830 1144 γε
870 1077 968 1146 τῆς
1011 1078 1224 1146 ῥήξεως
1271 1073 1406 1146 ἦχος
1452 1079 1552 1147 τὴν
1587 1075 1819 1147 βροντὴν

237 1171 630 1239 ἀπεγέννησεν.
675 1168 816 1222 Ἀλλ’
843 1171 958 1222 licet
992 1169 1094 1238 μὲν
1118 1169 1202 1222 δεῖ
1246 1167 1462 1236 πρῶτον
1493 1170 1728 1238 ῥαγῆναι
1759 1167 1819 1219 τὸ

237 1265 402 1326 νέφος
451 1261 543 1314 καὶ
597 1259 741 1314 οὕτω
777 1261 1011 1328 φανῆναι
1057 1260 1157 1330 τὴν
1206 1261 1494 1330 ἀστραπήν
1521 1274 1536 1289 ο
1572 1262 1728 1327 ἡμεῖς
1758 1258 1814 1311 δὲ

238 1351 334 1402 τοῦ
393 1353 562 1420 πυρὸς
613 1350 1094 1420 ἑπιλαμὸανόμεθα
1148 1350 1436 1419 πρότερον,
1507 1349 1712 1402 Τούτου
1763 1349 1818 1402 δὲ

237 1445 411 1496 αἴτιον
438 1444 471 1511 ἡ
500 1441 606 1494 τῶν
634 1442 815 1495 ὠτίων
848 1445 942 1496 καὶ
963 1443 1069 1496 τῶν
1093 1441 1393 1511 ὀφθαλμῶν
1416 1442 1779 1509 διοργάνωσις
1801 1455 1816 1470 ·

236 1539 288 1590 οἱ
324 1539 427 1606 μὲν
457 1539 566 1607 γὰρ
611 1536 885 1605 ὀφθαλμοὶ
919 1535 1076 1605 ἡμῶν
1115 1535 1335 1604 ἀμέσως
1384 1533 1704 1603 ὁμιλοῦντες
1739 1531 1818 1601 τῷ

237 1629 362 1697 ἀέρι
387 1609 390 1614 ’
420 1625 515 1679 τοῦ
569 1624 766 1696 ὁρατοῦ
800 1626 994 1678 ϐάττον
1042 1624 1556 1694 ἀντιλαμϐάνονται,
1605 1625 1631 1676 6
1659 1623 1716 1676 δέ
1756 1637 1818 1689 γε

236 1727 352 1785 τοίς
400 1722 585 1784 ὠτὲοις
636 1720 1088 1812 προϐεϐλημένος
1133 1719 1442 1789 κοχλοειδὴς
1479 1719 1648 1788 πόρος
1681 1717 1818 1787 βρα-

235 1815 372 1877 δέως
401 1815 610 1881 εἰσάγει
649 1817 743 1867 τὸν
775 1809 965 1882 ψόφον.
999 1812 1294 1882 Κοχλοειδῆ
1339 1812 1395 1865 δὲ
1441 1812 1531 1864 τὸν
1571 1809 1819 1862 τοιοῦτον

1925 617 2158 685 impulsa
2203 618 2463 672 deorsum
2498 632 2727 685 vergere
2789 629 2883 684 per
2923 616 3032 668 vim
3075 616 3310 684 cogitur.
3351 617 3499 668 Alte-

1927 725 2047 762 rum
2085 724 2213 764 vero
2242 708 2450 763 fulmen
2487 707 2732 778 gignitur
2755 708 2965 762 collisis
2991 707 3135 761 inter
3169 721 3227 761 se
3258 708 3502 762 nubibus

1922 816 2100 870 eaque
2143 802 2210 856 de
2244 815 2409 856 causa
2435 801 2744 870 perruptis.
2791 798 2924 853 Nam
2953 815 3018 855 ea
3067 800 3358 869 perruptio
3399 800 3504 853 ful‘

1927 908 2050 946 tuen
2102 892 2271 948 edicit
2324 893 2471 946 nube
2527 907 2627 962 per
2662 893 2772 946 vim
2829 893 3138 946 convulsa:
3177 892 3342 946 simul
3381 905 3503 946 utre

1921 984 2077 1054 quasi
2131 984 2368 1054 quodam
2423 992 2606 1052 rupto,
2656 983 2837 1054 pluvia
2872 984 3168 1038 delabitur.
3225 983 3506 1052 Strepitus

1922 1077 2034 1144 ipse
2069 1077 2442 1145 perruptionis
2475 1075 2684 1128 tonitru
2722 1075 2906 1128 ellicit.
2935 1075 3002 1128 Et
3043 1075 3248 1129 nubem
3276 1075 3504 1143 quidem

1923 1169 2204 1238 perrumpi
2244 1181 2467 1222 necesse
2503 1177 2607 1231 est,
2647 1175 2705 1220 ut
2747 1167 2819 1220 ita
2870 1166 3055 1237 fulgur
3086 1167 3500 1234 conspiciatur:

1922 1275 2023 1314 nos
2060 1276 2186 1314 vero
2220 1259 2379 1325 prius‘
2412 1260 2590 1328 ignem
2634 1259 2993 1329 percipimus.
3042 1259 3175 1328 Ejus
3227 1259 3303 1312 rei
3339 1275 3504 1313 causa

1920 1362 2005 1404 est
2066 1352 2286 1404 aurium
2345 1360 2402 1403 et
2452 1350 2738 1403 oculorum
2805 1360 3104 1403 structura.
3160 1349 3298 1403 Nam
3357 1349 3500 1402 οιιιιΙί

1921 1445 2095 1498 neStri
2132 1444 2272 1498 citra
2320 1442 2560 1496 medium
2595 1442 2766 1494 ullum
2801 1457 2926 1494 cum
2974 1456 3101 1496 aere
3129 1441 3304 1510 juncti
3339 1443 3507 1495 citius

1922 1549 2034 1587 rem
2069 1534 2281 1588 t-isilem
2322 1532 2694 1601 prehendunt.
2727 1535 2797 1587 At
2843 1541 3054 1586 meatus
3087 1532 3179 1586 ille
3223 1543 3508 1588 tortuosus

1921 1625 2269 1692 cochleseque
2290 1623 2618 1686 consimilis,
2639 1639 2750 1693 quo
2781 1632 2949 1693 septas
2977 1634 3107 1678 sunt
3133 1640 3319 1688 aures,
3352 1625 3506 1680 tarde

1921 1729 2118 1768 sonum
2161 1715 2421 1768 admittit.
2457 1715 2524 1768 Et
2559 1715 2742 1784 opifex
2797 1727 2986 1770 noster
3020 1716 3167 1771 Deus
3218 1717 3366 1772 hunc
3417 1718 3507 1785 ip-

1921 1827 2040 1866 sum
2097 1811 2270 1865 instar
2317 1811 2555 1866 cochleae
2611 1820 2921 1866 tortuosum
2984 1812 3234 1866 condidit
3285 1827 3356 1867 ne
3407 1827 3506 1882 per

238 1878 606 1960 κατεσκεύασε
636 1878 802 1976 πόρον
830 1878 869 1960 ὁ⁷
889 1878 1222 1976 δημιουργὸς
1247 1878 1403 1975 ἡμῶν
1429 1903 1581 1969 Θεδς,
1611 1903 1700 1956 ἵνα
1740 1903 1817 1971 μὴ

1923 1905 2214 1958 illabentes
2243 1902 2427 1958 subito
2460 1903 2578 1956 sive
2611 1904 2873 1974 strepitus
2919 1906 3035 1960 sive
3085 1905 3344 1974 frigidum
3378 1921 3506 1960 aera

237 2002 303 2052 ἑκ
342 1999 452 2052 τῶν
501 1999 964 2070 παραπιπτὸντων
1011 2000 1144 2069 ἡμῖν
1195 1998 1429 2069 ἀθρόων,
1475 1997 1582 2050 εἴτε
1640 1996 1814 2065 ψόφου

237 2090 349 2142 εἴτε
405 2092 564 2159 ἀέρος
609 2089 844 2162 ψυχροῦ,
890 2093 916 2143 6
959 2089 1262 2159 ἐγκέφαλος
1317 2088 1476 2164 ήμῶν
1512 2089 1572 2142 οὐ
1606 2088 1818 2157 μικρῶς

1919 1997 2213 2050 cerebrum
2259 2003 2508 2049 nostrum
2546 1996 2790 2066 graviter
2824 1997 3140 2053 laederetur.
3172 1998 3291 2053 Jam
3324 1999 3366 2052 si
3401 1999 3506 2051 ful-

1919 2105 2042 2144 tnen
2079 2104 2108 2142 e
2145 2089 2293 2143 nube
2345 2088 2651 2142 siccissima
2691 2101 2964 2160 erumpat,
3023 2091 3245 2157 punicei
3303 2093 3508 2146 COlut'iS

237 2179 719 2252 καταδλὰπτηται.
753 2180 865 2234 Καὶ
909 2180 957 2232 εί
995 2180 1094 2248 μὲν
1134 2179 1243 2232 ἀπὸ
1289 2177 1590 2248 ξηροτάτου
1618 2181 1816 2245 νέφους

1921 2189 2003 2234 est
2035 2188 2091 2232 et
2117 2187 2312 2231 natura
2343 2177 2702 2231 vehementer
2739 2195 2944 2234 urens:
2983 2181 3065 2233 sin
3097 2196 3162 2234 ex
3199 2183 3506 2237 humidturi

234 2275 263 2325 6
323 2273 586 2342 κεραυνὸς
636 2274 872 2342 ἐκραγῇ,
936 2270 1212 2339 φοινικοῦς
1279 2287 1339 2325 τε
1395 2271 1493 2342 τὴν
1542 2270 1733 2340 χροιὰν
1787 2273 1816 2324 6

1921 2269 2083 2331 nube,
2113 2269 2355 2340 colorem
2394 2268 2582 2322 albqu
2621 2269 2785 2322 habet
2819 2285 2881 2324 ac
2925 2273 3112 2326 minus
3150 2273 3284 2328 urit.

232 2366 480 2429 ⁸τοιοῦτός
524 2365 786 2437 ἔστινκαὶ
827 2365 927 2439 τὴν
959 2365 1148 2420 οὐσίαν
1200 2364 1503 2436 φλογώδης,
1569 2364 1616 2416 εί
1681 2363 1738 2417 δὲ.
1786 2361 1876 2432 ἀφ’
1912 2364 2210 2434 ύγροτὲρου
2276 2365 2491 2433 νέφους,
2547 2365 2742 2418 λευκόν
2789 2381 2848 2418 τε
2908 2365 3018 2436 ἔχει
3057 2366 3119 2419 τὸ
3165 2367 3363 2438 χρῶμα
3413 2365 3510 2421 καὶ

233 2461 523 2530 καυσώδης
549 2462 770 2530 ἥκιστα.

309 2557 466 2610 Οὕτω
517 2557 618 2624 μὲν
660 2557 825 2624 οῦτω,
870 2555 1124 2627 καθάπερ
1169 2553 1374 2611 ἀνωθεν
1425 2555 1664 2623 εἴρηται,
1721 2553 1818 2606 καὶ

235 2648 363 2708 τοὺς
393 2648 629 2716 ἀστέρας
657 2648 783 2709 τοὺς
809 2646 1071 2710 ἀπλανεῖς
1102 2662 1161 2699 τε
1197 2645 1291 2698 καὶ
1314 2644 1705 2713 πλανωμένους
1735 2645 1818 2705 εἰς

237 2740 442 2808 σημεῖα
484 2737 578 2792 καὶ
609 2740 692 2800 είς
725 2737 954 2807 καιροὺς
997 2740 1026 2790 6
1067 2736 1297 2808 ποιητὴς
1337 2735 1554 2790 πάντων
1590 2737 1680 2789 καὶ
1713 2735 1814 2788 κύο

1990 2551 2083 2608 Sic
2124 2567 2279 2623 ergo,
2317 2552 2786 2623 quemadmodum
2813 2557 3174 2625 exposuimus
3214 2558 3508 2617 hactenus.

1919 2646 2104 2703 sidera
2162 2663 2273 2701 non
2347 2657 2458 2701 tam
2514 2649 2758 2703 errantia
2800 2665 2964 2718 quam
3015 2653 3250 2707 erratica
3319 2670 3507 2708 rerum

1918 2739 2100 2810 opifex
2129 2747 2295 2810 atque
2331 2739 2595 2794 dominus
2619 2741 2673 2793 in
2714 2740 2869 2809 signa
2910 2751 3273 2812 temporaque
3303 2746 3510 2799 consti-

237 2847 350 2902 9:0;
385 2829 558 2883 ἔθετο.
587 2827 827 2897 Κυρίους
854 2829 912 2881 δὲ
943 2826 1052 2882 τῶν
1089 2827 1173 2896 ἐφ’
1214 2828 1346 2897 ἡμῖν
1379 2826 1581 2898 ἀρετῆς
1613 2843 1672 2881 τε
1715 2826 1814 2880 καὶ

1921 2832 2043 2885 tuit.
2086 2832 2159 2886 Ea
2217 2845 2351 2885 vero
2395 2840 2721 2902 potestatem
2785 2831 3094 2887 absolutam
3149 2835 3204 2889 in
3259 2838 3512 2893 actiones

234 2921 436 2984 κακίας
464 2922 832 2991 παρεκτι-κοὺς
865 2920 967 2972 οὐκ
1009 2921 1076 2975 ἀν
1107 2937 1237 2973 ποτε
1269 2918 1398 2990 εἴπῃ
1434 2936 1520 2982 τις
1547 2917 1812 2988 λογισμοῦ

173 3031 177 3034 ί
234 3014 432 3082 κύριος
472 3012 570 3077 ὣν,
594 3013 746 3084 είηγε
799 3012 895 3067 καὶ
945 3012 1150 3083 μᾶλλον
1182 3011 1385 3080 ἢκουσε
1418 3009 1511 3063 τοῦ
1556 3008 1692 3063 Θεοῦ
1726 3007 1820 3062 διὰ

235 3106 334 3158 τοῦ
388 3108 668 3177 προφήτου
697 3105 950 3174 λέγοντος
975 3120 990 3137 °
1028 3125 1046 3158 ι
1070 3106 1197 3160 Ἐὰν
1231 3106 1420 3176 Θὲλητε
1444 3109 1540 3161 καὶ
1567 3102 1821 3156 εἰσακού-

236 3201 370 3270 σητέ
404 3218 527 3269 μου,
561 3200 627 3253 τά
675 3199 856 3268 ἀγαθά
901 3202 1000 3269 τῆς
1046 3202 1150 3271 γῆς
1206 3201 1467 3268 φάγεσθε.
1506 3216 1524 3249 ι
1570 3197 1697 3250 Ἐάν
1726 3195 1818 3248 θέ-

1921 2933 2143 2980 nostras
2185 2923 2416 2987 habere,
2451 2923 2826 2991 virtutemque
2860 2924 3020 2980 nobis
3059 2935 3156 2982 aut
3187 2927 3381 2983 vitium
3422 2931 3511 2984 in-

1923 3017 2079 3081 dere,
2115 3031 2278 3070 netno
2322 3030 2570 3085 unquam
2618 3017 2851 3071 rationis
2902 3032 3130 3087 compos
3162 3019 3385 3085 dixerit,
3435 3023 3512 3076 si-

1918 3107 2141 3176 quidem
2168 3105 2342 3162 Deum
2387 3121 2486 3176 per
2514 3117 2698 3162 vatem
2745 3107 2897 3178 loqui
2935 3108 3216 3163 audierit:
3256 3128 3274 3162 ι
3311 3111 3368 3166 Si
3415 3127 3512 3166 vo-

1920 3200 2138 3257 lueritis
2205 3211 2262 3254 et
2325 3199 2843 3269 obtemperaveritis
2898 3202 3076 3266 mihi,
3131 3202 3292 3258 bonis
3347 3212 3510 3259 terrm

235 3291 369 3361 λητε
398 3293 506 3362 γὰρ
536 3291 706 3344 εἰπὼν
731 3291 899 3357 ιδειξι
922 3291 1218 3363 προφανῶς
1251 3294 1325 3354 ὡς
1353 3290 1639 3361 ἐλεύθερός
1675 3306 1756 3351 τις
1789 3287 1818 3340 6

1921 3292 2225 3348 vescemiui
2253 3294 2320 3348 ".
2359 3311 2377 3345 ι
2418 3291 2560 3349 Cum
2594 3293 2743 3349 enim
2795 3295 2912 3349 ait:
2950 3313 2970 3346 ι
3026 3295 3085 3350 Si
3131 3297 3443 3364 volueritis,
3484 3319 3506 3353 ι

235 3351 362 3438 κᾶθ’
393 3351 489 3437 ἐνοὶ
515 3383 694 3454 ἡμῶν,
725 3385 820 3438 καὶ
845 3351 928 3439 δτι
1099 3351 1267 3439 αὑτοῦ
1296 3351 1558 3456 πράξεων,
1585 3351 1817 3446 ἕκαστος

1921 3385 2216 3440 manifesto
2237 3385 2482 3440 declarat
2508 3401 2964 3456 unumquemque
2993 3399 3244 3442 nostrum
3271 3390 3508 3445 liberum

231 3476 680 3547 ὁμολογουμένως
706 3477 918 3548 πέφυκε
951 3477 1160 3548 κύριος.

307 3671 523 3725 Είδέναι
562 3671 672 3743 γὰρ
699 3669 857 3726 τοῦτο
908 3671 1046 3742 πρὸς
1094 3673 1208 3735 τοῖς
1250 3671 1568 3744 εἰρημένοις
1605 3671 1816 3728 ἀνωθεν

233 3765 495 3834 ὀφείλεις,
526 3763 803 3834 ἀγαπητδ,
843 3762 926 3816 ὅτι
971 3763 1021 3816 οἱ
1071 3762 1163 3816 τὸν
1222 3762 1376 3834 ἦλιον
1426 3762 1681 3832 λέγοντες
1737 3765 1814 3835 μὴ

231 3857 335 3928 τὴν
369 3855 474 3928 γῆν
501 3855 824 3928 ὑποτρέχειν
857 3854 1106 3910 κάτωθεν
1139 3855 1278 3925 μετὰ
1302 3856 1404 3926 τὴν
1437 3854 1603 3910 αὑτοῦ
1639 3855 1817 3923 δύσιν,

233 3948 354 4006 ἀλλ’
391 3951 456 4004 tu
507 3947 737 4019 πλαγίου
771 3948 871 4018 τὴν
903 3947 1072 4004 αὐτοῦ
1118 3948 1448 4023 ποιούμενον
1481 3947 1653 4003 δίοδον
1682 3947 1820 4018 πρὸς

232 4039 504 4106 ἀνατολὰς
549 4038 892 4113 ἀπάρχεσθαι
946 4038 1205 4096 κάκιῐθιν
1271 4035 1430 4114 αὖθις
1479 4039 1820 4112 ἀπίρχιαθαι

232 4133 330 4190 τοῦ
357 4131 614 4206 φωτίζειν
645 4134 746 4207 τὴν
786 4133 916 4206 γῆν,
941 4133 1042 4188 οὐκ
1085 4132 1470 4206 εὐπαράδεκτα
1499 4132 1707 4204 λέγειν,
1743 4132 1819 4198 ὠς

232 4221 559 4298 οἷμαι,τοτς
608 4223 667 4280 ιῦ
718 4223 1014 4297 φρονοῦσιν
1064 4224 1441 4296 κριθήσονται,
1476 4224 1526 4279 si
1573 4225 1650 4296 μή
1707 4239 1811 4278 που

233 4317 380 4371 κατὰ
410 4315 571 4386 λόγον
609 4316 924 4388 οἰκονομίας
969 4316 1198 4371 τοιαῦτα
1229 4316 1414 4386 λέγειν
1460 4317 1819 4388 προάγονται.

237 4411 301 4464 Et
367 4414 477 4481 γὰρ
522 4411 678 4465 ούδὶν
706 4412 896 4482 ἔτερόν
930 4413 1080 4464 ἐστιν
1123 4413 1156 4483 ἠ
1209 4414 1305 4480 νὺξ
1336 4413 1455 4466 ἀλλ’
1503 4413 1537 4483 ἢ
1569 4413 1819 4480 σκίασμα

237 4503 368 4571 γῆς,
402 4503 498 4556 τοῦ
530 4503 683 4572 ἡλίου
731 4506 832 4573 τὴν
874 4503 976 4573 γῆν
1011 4505 1422 4573 ὑποτρέχοντος,
1464 4503 1538 4566 ὠς
1571 4505 1600 4556 6
1633 4506 1821 4573 Δαμα-

240 4595 441 4664 σκηνὸς
509 4595 763 4665 Ἰωάννης
823 4596 977 4664 φησι,
1039 4596 1157 4658 πῶς
1226 4595 1410 4648 λοιπὸν
1471 4594 1668 4666 βαθεῖα
1721 4596 1821 4667 τὴν

1930 3492 2075 3541 esse,
2111 3478 2387 3546 simulque
2425 3478 2672 3548 singulos
2710 3493 2832 3533 esse
2862 3480 2941 3534 sic
2981 3494 3010 3532 a
3057 3492 3251 3535 natura
3283 3496 3510 3551 compa-

1923 3577 2094 3635 ratos,
2122 3583 2346 3624 suarum
2381 3577 2436 3623 ut
2466 3569 2748 3623 actionum
2782 3569 2886 3640 Ipsi
2919 3569 3032 3624 sint
3060 3571 3292 3627 domini.

1992 3673 2100 3744 32
2141 3673 2349 3728 Praeter
2382 3673 2620 3728 indicata
2655 3690 2810 3738 vero,
2840 3674 3040 3731 dilecte
3073 3676 3171 3741 fili,
3207 3676 3310 3732 hoc
3344 3677 3510 3733 etiam

1921 3766 2064 3821 scire
2088 3765 2276 3830 debes,
2308 3781 2404 3824 eos
2433 3765 2528 3836 qui
2563 3766 2734 3821 solem
2765 3766 2955 3821 dicant
2989 3783 3100 3825 non
3133 3762 3368 3824 inferius
3400 3780 3511 3825 ter-

1923 3871 2040 3911 ram
2069 3867 2194 3928 post
2217 3871 2474 3914 occasum
2506 3871 2667 3912 suum
2693 3857 3135 3925 subtercurrere,
3155 3859 3250 3916 sed
3273 3861 3510 3932 obliquo

1922 3946 2121 4004 itinere
2154 3947 2220 4003 ad
2249 3959 2431 4004 ortum
2459 3948 2747 4021 pervenire
2775 3948 3014 4020 indeque
3035 3965 3252 4004 rursum
3282 3966 3510 4022 pergere

1921 4040 1988 4097 ad
2024 4039 2454 4097 collustrandam
2495 4048 2722 4107 terram,
2777 4056 2897 4098 mea
2950 4041 3174 4112 quidem
3225 4046 3504 4101 sententia

1921 4133 2057 4190 viris
2090 4132 2456 4205 prudentibus
2493 4149 2690 4205 parum
2749 4132 3061 4214 probabilia
3115 4133 3336 4192 tradere
3363 4135 3508 4209 judi-

1922 4225 2131 4282 candos
2155 4240 2298 4292 esse,
2328 4225 2435 4282 nisi
2473 4225 2614 4282 forte
2649 4234 2807 4282 certo
2837 4224 3078 4296 quodam
3112 4227 3350 4285 consilio
3381 4228 3510 4284 talia

1921 4319 2224 4390 proferant.
2256 4318 2390 4373 Nam
2423 4317 2469 4373 si
2516 4317 2653 4372 nihil
2683 4317 2830 4373 aliud
2859 4329 2938 4373 est
2965 4333 3075 4373 nox
3101 4334 3264 4388 quem
3311 4320 3509 4375 umbra

1925 4419 2106 4471 terrae,
2153 4423 2276 4471 quae
2340 4407 2557 4463 exsistit
2601 4409 2717 4464 sole
2771 4420 2974 4463 terram
3027 4412 3507 4474 subtercurrente,

1923 4501 2388 4571 quemadmodum
2441 4500 2683 4555 Joannes
2735 4501 2826 4555 ille
2875 4503 3250 4557 Damascenus
3303 4503 3507 4573 inquit,

1925 4609 2034 4662 quo
2065 4592 2183 4646 fieri
2223 4602 2380 4660 pacto
2423 4592 2632 4662 poterit
2679 4601 2740 4646 ut
2770 4592 2878 4645 alta
2919 4609 3025 4647 nox
3076 4595 3222 4648 diem
3267 4595 3508 4663 excipiat

237 4689 457 4757 ἡμέραν
507 4689 808 4753 διαδέξεται
866 4689 985 4754 νὺξ,
1046 4688 1140 4741 τοῦ
1192 4690 1343 4760 ἡλίου
1405 4689 1526 4743 κατ’
1573 4689 1819 4752 ἐκείνους

1925 4687 2038 4740 sole
2066 4686 2154 4752 (de
2193 4668 2441 4753 ipsorum,
2478 4685 2702 4750 quidem
2750 4686 3047 4755 sententia)
3082 4691 3508 4757 quamproxitne

238 4779 522 4848 ἐγγύτατα
587 4781 684 4832 καὶ
744 4780 942 4850 μικροῦ
1003 4781 1139 4849 πρὸς
1210 4783 1358 4850 ἡμᾶς
1421 4781 1820 4852 στρεφομένου,

239 4873 539 4926 κάντεῦθεν
583 4874 820 4935 ἀκτίνων
875 4875 1006 4947 ἡμῖν
1070 4875 1463 4944 ὲμπιπτουσῶν
1514 4876 1609 4930 καὶ
1658 4892 1825 4944 φωτι-

1923 4794 1953 4832 a
1996 4776 2157 4831 nobis
2188 4790 2309 4829 sese
2351 4787 2742 4840 convcrtente,
2808 4793 3048 4847 quocum
3107 4795 3230 4835 esse
3276 4782 3512 4850 conjun-

1928 4879 2080 4922 ctunt
2117 4879 2332 4937 Oportet
2363 4877 2423 4921 ut
2470 4869 2535 4921 ad
2570 4883 2669 4927 nos
2707 4870 2844 4924 radii
2890 4871 3205 4941 pertingant
3238 4882 3510 4942 terraeque

240 4969 454 5032 ζουσῶν
475 4968 535 5020 τὸ
571 4967 889 5037 περίγειονς
947 4969 1053 5020 Καὶ
1089 4971 1136 5020 εἰ
1181 4967 1256 5038 μὴ
1291 4967 1454 5039 πείθῃ
1494 4970 1611 5031 τοῖς
1663 4968 1819 5036 λεγοα

1924 4961 2132 5014 vicinas
2186 4970 2367 5030 partes
2403 4961 2777 5015 collustrent?
2821 4963 3031 5029 Quodsi
3083 4965 3213 5020 huic
3261 4967 3507 5020 orationi

242 5060 453 5129 μένοις,
488 5058 669 5121 αὐτοῖς
705 5061 814 5122 τοῖς
860 5061 1154 5128 πράγμασι
1205 5060 1488 5128 πείσθητι.
1556 5058 1644 5111 Ἐν
1691 5059 1819 5129 Βρε-

1924 5053 2084 5107 fidem
2116 5068 2228 5106 non
2264 5053 2454 5116 habes,
2478 5053 2644 5115 rebus,
2677 5053 2809 5123 ipsis
2847 5056 3164 5123 persuaderi
3198 5065 3249 5111 te
3281 5060 3507 5126 patitur.

240 5151 406 5222 τανίᾳ
461 5153 526 5220 τῇ
584 5155 734 5222 νήσῳ
797 5150 1322 5220 ὀκτωκαιδεκάωρος
1383 5151 1487 5220 μὲν
1544 5151 1578 5220 ἠ
1636 5150 1819 5220 ἡμέρα

1930 5146 1990 5201 In
2037 5147 2211 5201 insula
2262 5146 2543 5200 Britannia
2585 5146 2705 5201 dies
2756 5146 3022 5202 horarum
3079 5165 3210 5202 xvut
3269 5151 3510 5219 spatium

239 5246 416 5308 ἐστὶν,
458 5243 699 5314 ιξὰωρος
740 5242 796 5296 δὲ
851 5244 883 5312 ἡ
933 5242 1050 5308 νύξ.
1091 5242 1199 5295 Καὶ
1251 5241 1310 5294 οὐ
1355 5243 1517 5316 μόνον
1557 5240 1818 5314 ἐξὰωρος,

1927 5245 2200 5306 continet,
2226 5259 2349 5298 cum
2394 5260 2497 5297 nox
2530 5243 2717 5312 plures
2762 5259 2923 5313 quam
2972 5260 3023 5298 νι
3063 5245 3226 5299 horas
3259 5261 3363 5299 non
3416 5247 3510 5300 lia-

241 5335 382 5390 ἀλλὰ
426 5338 519 5389 καὶ
563 5335 624 5387 τὸ
671 5336 861 5397 σκότος
884 5335 1057 5406 αὐτῆς
1101 5335 1162 5388 ού
1200 5337 1340 5388 πάνυ
1374 5335 1536 5404 βαθὺ,
1569 5335 1816 5387 τοιοῦτον

1926 5335 2075 5390 beat.
2108 5335 2298 5404 Neque
2347 5344 2556 5390 tantum
2602 5351 2698 5390 sex
2738 5335 3000 5391 horarum
3045 5347 3148 5402 est,
3198 5337 3292 5392 sed
3341 5339 3510 5392 etiam

238 5429 299 5482 δὲ
328 5429 505 5481 εἰπεῖν
525 5426 709 5480 ὀποίον
737 5429 852 5481 ἐστι
886 5427 946 5480 τὸ
991 5429 1123 5496 παρ’
1157 5429 1291 5496 ἡμῖν
1330 5427 1629 5496 λεγόμενον
1661 5425 1819 5478 λυκό-

1921 5429 2098 5496 caligo
2131 5428 2251 5498 ejus
2282 5442 2390 5481 non
2444 5427 2745 5483 admodum
2778 5438 2864 5483 est
2913 5428 3209 5501 profunda,
3243 5429 3507 5483 nimirum

239 5541 442 5592 φωτον.
476 5523 843 5593 Ἐμπίπτουσι
876 5523 987 5592 γὰρ
1013 5523 1194 5584 αὑτοῐς
1234 5523 1290 5573 αί
1318 5524 1484 5588 αὐγαὶ
1511 5521 1606 5574 τοῦ
1639 5523 1818 5591 ήλίου.

1921 5522 2190 5590 ejusmodi
2217 5521 2374 5589 quale
2405 5520 2668 5589 quiddam
2699 5536 2798 5575 nos
2825 5522 3218 5591 crepusculum
3245 5522 3504 5576 dicimus.

244 5615 404 5680 Τίνος
451 5615 664 5679 ἕνεκενς
711 5615 835 5668 Ὀτι
892 5613 995 5666 κάν
1035 5615 1156 5674 ταῖς
1205 5613 1352 5676 νυξὶν
1387 5614 1580 5676 αὑταῖς
1613 5613 1640 5664 6
1671 5613 1819 5682 ἥλιος

1924 5612 2058 5666 Nam
2111 5611 2429 5680 pertingunt
2463 5611 2530 5664 ad
2582 5627 2678 5666 eos
2714 5613 2855 5666 radii
2899 5613 3054 5668 solis.
3091 5611 3458 5680 Quamobrem
3483 5615 3509 5666 ?

242 5705 476 5778 ἔγγιστα
527 5709 953 5778 περιστρέφεται
1000 5705 1088 5761 διὰ
1132 5705 1192 5758 τὸ
1250 5705 1591 5777 βραχύτατον
1656 5707 1819 5759 αὐτοῦ

1925 5705 2064 5770 Quia
2114 5719 2211 5773 per
2263 5703 2408 5772 ipsas
2455 5704 2621 5758 ctiam
2677 5715 2868 5760 noctes
2913 5706 2991 5760 sol
3054 5707 3122 5761 ab
3188 5705 3269 5759 eis
3340 5721 3506 5774 quam

317 5873 360 5902 "’
391 5872 496 5926 lsa.
533 5885 569 5935 ι,
610 5869 690 5924 19.
