4214 6442
742 388 810 448 87
2005 410 2420 472 h-lICHAELlS
2457 419 2716 483 GLYCE
3915 445 3986 508 88

742 513 1032 557 strantem.
1071 506 1382 575 Abibimus,
1417 512 1595 578 aiunt,
1635 516 1702 569 ad
1763 533 1909 574 mare
1944 521 2078 576 illud
2115 527 2322 593 aquilo-
2353 536 2395 587 Α

744 610 873 624 ,μιν-η
940 598 1100 624 ηιιῖιιιι
1131 614 1265 624 ηιμ...
1302 601 1509 624 -AIE---,_
1553 608 1686 624 μ--.]
1742 608 1754 624 ι
1800 609 1812 624 I
1857 611 1867 622 υ
2034 621 2043 624 Α
2105 613 2139 624 Α

2321 536 2395 587 ηΑ
2428 531 2841 592 ὑποδεικνύντα.
2875 540 3212 614 Βαδϋωμεν,
3251 550 3433 617 φασὶν,
3493 552 3588 603 ἐπὶ
3657 554 3716 607 τὸ
3773 555 3985 624 βόρειον

742 610 895 653 nare.
939 598 1102 665 cujus
1129 614 1268 666 aqua
1301 601 1515 670 reliquo
1553 608 1688 660 mari
1724 608 1936 664 dulcior
1967 621 2068 664 est.
2101 613 2314 683 Quippe

741 684 818 735 sol
855 685 1113 753 exiguum
1155 687 1220 739 ad
1257 697 1477 758 tempus
1524 693 1576 746 in
1609 709 1674 748 eo
1719 710 2066 753 commorans
2094 716 2312 756 omnem

739 790 933 839 aquam
997 778 1295 843 potabilem
1351 798 1459 834 non
1519 785 1794 841 exhaurit.
1851 789 1916 844 Et
1970 791 2314 848 delectantur

737 871 902 918 etiam
938 871 1145 922 marina
1174 871 1455 938 dulcibus,
1484 892 1592 944 quo
1625 878 1685 930 fit
1720 893 1774 933 ut
1805 897 2183 952 saepenumero
2217 888 2315 939 llu-

739 959 857 1010 vios
891 961 1131 1012 natando
1163 966 1538 1020 conscendant
1589 969 1859 1038 longoque
1896 991 1923 1025 a
1970 976 2104 1028 mari
2136 978 2313 1045 spatio

740 1053 1138 1117 provehantur.
1164 1056 1402 1124 Ideoque
1434 1060 1640 1114 Pontus
1665 1064 1796 1131 ipsis
1822 1073 1905 1119 cst
1930 1069 2135 1135 gratior
2158 1073 2311 1138 quasi

739 1145 959 1209 quidam
1000 1147 1151 1199 sinus
1192 1148 1257 1200 ad
1297 1151 1656 1215 proferendos
1699 1155 2129 1228 cducandosque
2169 1161 2312 1219 fetus

741 1235 791 1286 in
827 1237 1016 1302 primis
1054 1239 1304 1295 idoneus.

810 1412 924 1467 lloc
955 1417 1120 1469 etiam
1157 1418 1302 1473 inter
1337 1421 1440 1476 alia
1473 1439 1704 1494 magnus
1735 1427 1823 1483 ille
1851 1429 2085 1486 Basilius
2120 1435 2308 1490 tradit.

739 1505 813 1557 l-‘..\'
875 1508 1153 1574 quodam,
1203 1513 1404 1581 inquit,
1455 1515 1682 1573 homine
1741 1521 2019 1578 maritimo
2078 1528 2310 1594 cognovi

737 1597 996 1650 echinum
1025 1601 1346 1667 aquatilem,
1378 1607 1736 1676 perexiguum
1763 1625 1827 1664 ac.
1853 1612 2059 1668 nullius
2087 1617 2312 1673 omnino

740 1691 1005 1744 momenti
1042 1692 1147 1762 35
1185 1694 1410 1760 animal,
1443 1712 1826 1766 saepenumero
1877 1706 2196 1775 navigantes
2243 1706 2312 1763 de

740 1781 1136 1850 tranquillitate
1153 1785 1238 1839 vel
1275 1794 1599 1857 tempestate
1625 1801 1880 1848 secutura
1913 1797 2309 1852 monere.Nam

739 1886 860 1921 eum
890 1873 1184 1940 procellam
1221 1890 1249 1928 a
1288 1888 1454 1932 vento
1489 1880 1778 1938 imminere
1825 1887 2120 1955 prospicit,
2153 1889 2314 1959 lapil-
2346 1872 2388 1926 Β

738 1964 846 2016 lum
873 1969 1019 2019 sulvit
1045 1982 1098 2023 et
1126 1986 1251 2024 cum
1280 1988 1346 2026 eo
1379 1985 1638 2046 tanquam
1671 1995 1872 2036 ancora
1895 1983 2128 2051 quadam
2157 1985 2312 2041 firma

739 2054 1004 2119 ﬂuctuat,
1067 2061 1339 2116 subnixus
1395 2066 1515 2134 ejus
1576 2072 1861 2136 pondere,
1927 2089 1997 2128 ne
2068 2073 2228 2128 facile
2281 2091 2310 2130 a

737 2149 994 2205 ﬁni-libus
1040 2155 1365 2224 ahripiatur.
1403 2158 1515 2212 lloc
1571 2160 1728 2230 signo
1779 2175 2075 2233 conspecto
2130 2175 2313 2221 nauta

737 2245 1171 2311 esspectandum
1231 2248 1413 2302 sciunt
1450 2249 1830 2309 vehementem
1867 2265 2158 2311 ventorum
2207 2256 2309 2310 im-

739 2344 946 2401 ιιιιιιιιη.

809 2427 1000 2482 Itidem
1031 2430 1074 2484 si
1109 2431 1274 2503 loligo
1302 2434 1418 2490 sive
1462 2437 1672 2493 teuthis
1700 2451 1983 2510 appareat,
2019 2454 2313 2515 tempesta-

738 2518 810 2571 tis
841 2529 923 2574 est
960 2522 1246 2579 indicium.
1281 2528 1495 2583 Etenim
1530 2531 1695 2601 piscis
1721 2545 1806 2588 est
1833 2535 2067 2606 exiguus
2103 2539 2312 2596 habens

736 2611 925 2666 laevent
958 2617 1143 2670 carnis
1173 2621 1544 2688 superliciem,
1579 2639 1684 2693 qua
1712 2624 1780 2680 de
1820 2641 1982 2696 causa
2014 2632 2307 2688 malacium

736 2717 957 2769 quoque
1006 2719 1034 2758 a
1099 2707 1335 2762 mollitie
1388 2724 1766 2782 nuncupatur.
1822 2719 2073 2786 Cumque
2127 2723 2311 2779 nudus

736 2792 965 2847 nniniuo
1019 2797 1090 2849 sit
1141 2807 1197 2851 et
1233 2816 1257 2852 a
1301 2817 1360 2854 re
1413 2805 1562 2858 nulla
1601 2817 1834 2876 tegatur,
1875 2826 1981 2865 non
2025 2821 2161 2870 testa
2206 2832 2310 2873 nec

735 2895 884 2948 cute,
919 2895 1302 2956 tempestatem
1335 2909 1402 2947 eo
1427 2895 1589 2950 citius
1622 2901 2008 2969 prmsentiscit,
2040 2919 2150 2972 quo
2175 2905 2311 2961 faci-

739 2975 839 3027 lius
877 2975 1131 3034 adicitur.
1167 2981 1352 3050 Itaque
1386 2986 1681 3050 subsultat,
1721 3005 1899 3059 eoque
1934 3003 2092 3061 pacto
2140 2995 2310 3067 frigus

736 3077 790 3118 et
821 3070 988 3121 muris
1038 3071 1090 3122 in
1126 3072 1234 3124 imo
1272 3077 1742 3142 perturbationem
1776 3082 1931 3134 vitat.
1963 3083 2311 3155 QuaprOpter

2419 622 2695 690 πέλαγος·
2751 630 3102 702 γλυκύτερον,
3132 638 3242 708 γὰρ
3293 644 3394 710 τῆς
3444 643 3642 714 λοιπῆς
3705 622 3985 717 θαλάσσης

2418 715 2596 767 έκεῖνο
2634 717 2694 769 τδ
2736 718 2902 791 ὕδωρ,
2955 725 3090 779 διότι
3119 730 3208 780 ἐπ’
3248 717 3430 800 ὀλίγον
3458 736 3596 805 αὐτῇ
3632 715 3983 808 προσδιατρέ-

2418 806 2530 860 ϐων
2556 811 2582 860 ὁ
2613 809 2764 879 ἥλιος
2793 814 2891 866 οὐκ
2917 816 3099 884 ἐξάγει
3133 821 3316 889 -αὐτῆς
3347 825 3468 877 ὅλον
3497 825 3585 878 διὰ
3629 829 3732 896 τῆς
3764 831 3984 893 ἀκτῖνος

2415 898 2476 949 τὸ
2505 899 2758 967 πότιμον.
2800 904 2993 974 Χαίρει
3023 909 3079 961 δὲ
3116 913 3224 972 τοῖς
3267 912 3494 981 γλυκέσι
3553 920 3648 970 καὶ
3697 920 3763 971 τὰ
3791 920 3986 974 θαλάτ-

2417 1006 2526 1040 τια.
2561 990 2725 1042 Ὅθεν
2759 996 2850 1046 καὶ
2886 997 2981 1051 ἐπὶ
3011 1000 3136 1061 τοὺς
3189 1005 3467 1074 ποταμοὺς
3494 1007 3824 1078 ἀνανήχεται
3858 1012 3985 1062 πολ-

2415 1080 2573 1144 λάκις
2605 1086 2698 1136 καὶ
2755 1087 2944 1156 πόρρω
2993 1089 3268 1160 θαλάσσης
3319 1096 3564 1163 φέρεται.
3639 1099 3735 1152 Ἐκ
3792 1102 3981 1155 τούτου

2417 1177 2814 1247 προτιμότερος
2867 1180 3052 1243 αὐτοῖς
3104 1186 3131 1235 ὁ
3180 1185 3381 1249 Πόντος
3437 1190 3545 1242 τῶν
3603 1190 3807 1244 λοιπῶν
3865 1197 3981 1248 ἐστι

2417 1266 2651 1329 κόλπων,
2680 1268 2754 1331 ὡς
2775 1269 3081 1341 ἐπιτήδειος
3107 1274 3482 1348 ἐναπκυῆσαι
3517 1283 3610 1335 καὶ
3629 1283 3896 1354 ἐκθρέψαι
3915 1287 3982 1339 τὰ

2415 1355 2632 1423 ἔκγονα.

2486 1451 2596 1502 Καὶ
2644 1451 2803 1506 τοῦτο
2837 1454 2894 1507 δὲ
2958 1457 3100 1525 πρὸς
3157 1461 3276 1524 τοῖς
3329 1464 3569 1529 ἄλλοιςὸ
3615 1468 3790 1536 μέγας
3849 1472 3983 1542 φησὶ

2415 1540 2714 1606 Βασίλειος.
2754 1546 3002 1601 Ἤκουσα
3020 1550 3130 1617 ἐγώ
3164 1569 3308 1617 τινος
3361 1556 3470 1609 τῶν
3503 1560 3785 1628 παραλίων
3833 1540 3920 1615 ὅτι
3955 1565 3982 1615 6

2415 1628 2707 1695 θαλάσσιος
2734 1635 2929 1705 ἐχῖνος⁹
2961 1638 3022 1691 τὸ
3057 1643 3258 1712 μικρὸν
3313 1646 3598 1712 παντελῶς
3627 1651 3720 1704 καὶ
3746 1654 3985 1707 εὐκατα-

2415 1721 2686 1791 φρόνητον
2717 1723 2878 1793 ζῶον,
2912 1728 3252 1796 διδάσκαλος.
3290 1737 3558 1802 πολλάκις
3609 1741 3854 1812 γαλήνης
3891 1747 3983 1798 καὶ

2419 1807 2688 1874 κλύδωνος
2719 1815 2831 1877 τοῖς
2857 1815 3080 1871 πλέουσι
3125 1821 3375 1887 γίνεται·
3398 1825 3457 1889 ὃς
3493 1807 3846 1904 ὃταννπροῖδη
3883 1851 3982 1886 τα-

2418 1894 2592 1965 ραχὴν
2623 1897 2684 1962 ἐξ
2714 1901 2951 1970 ἀνέμων,
3005 1907 3214 1976 ψηφῖδά
3245 1929 3366 1966 τινα
3419 1917 3670 1974 ὑπελθὼν
3697 1894 3984 1991 ’γενναίαν

2415 1984 2505 2036 ἐπ’
2555 1988 2726 2058 αὐτῆς
2778 1989 2969 2063 ὥσπερ
3013 1994 3100 2047 ἐπ’
3155 1997 3403 2069 ἀγκύρας
3453 2003 3687 2072 βεϐαίως
3735 1984 3978 2072 σαλεύετ,

2416 2079 2782 2149 κατεχόμενος
2809 2083 2886 2155 τῷ
2910 2085 3067 2157 βάρει
3100 2090 3238 2159 πρὸς
3280 2093 3340 2146 τὸ
3373 2096 3450 2165 μὴ
3495 2099 3693 2168 ῥαδίως
3719 2103 3831 2164 τοῖς
3887 2107 3982 2157 x13-

2418 2185 2586 2237 μασιν
2615 2171 3012 2242 άποσύρεσθαι.
3040 2180 3210 2235 Τοῦτο
3248 2183 3339 2238 οὖν
3365 2187 3498 2241 ὅταν
3545 2190 3748 2246 ἴδωσιν.
3774 2197 3821 2248 οἱ
3855 2216 3982 2250 ναυ-

2413 2255 2716 2329 τιλλόμενοι
2748 2262 2810 2316 τὸ
2853 2269 3099 2335 σημεῖον,
3164 2271 3310 2328 ῖσασι
3367 2277 3466 2350 τὴν
3519 2283 3980 2356 προσδοκωμένην

2414 2349 2598 2420 βιαίαν
2629 2354 2845 2425 κίνησιν
2875 2359 2984 2412 τῶν
3017 2364 3258 2434 ἀνέμων.

2497 2440 2657 2497 Ἀλλά
2687 2446 2833 2517 καὶὴ
2869 2451 3054 2516 τευθὶς
3082 2460 3381 2532 φαινομένη
3429 2466 3656 2535 σημεῖον
3709 2472 3980 2540 χειμῶνός

2414 2530 2584 2586 ἐστιν.
2628 2533 2692 2588 Ἠ
2715 2537 2823 2607 γὰρ
2853 2541 3037 2605 τευθὶς
3084 2546 3321 2616 ίχθύδιόν
3344 2530 3461 2606 ἐστι
3483 2530 3630 2608 λεῖον
3784 2530 3980 2630 ἐπιφάί

2414 2639 2565 2676 νειαν
2588 2626 2687 2694 τῆς
2715 2630 2939 2698 σαρκὸς,
2998 2633 3124 2689 ὅθεν
3175 2640 3270 2693 καὶ
3327 2644 3598 2710 μαλάκιον
3630 2626 3975 2716 ὀνομάζεται.

2414 2710 2455 2764 Γ
2459 2714 2624 2781 υμνδν
2655 2714 2749 2773 οὖν
2778 2721 3086 2794 πάντη,καὶ
3123 2728 3365 2796 ἀσκεπές
3391 2734 3447 2788 ὂν
3486 2737 3626 2808 (ούδὲ
3653 2710 3762 2812 γὰρ
3785 2710 3976 2814 ὀστρά-

2414 2819 2495 2874 κῳ
2531 2806 2562 2875 ἢ
2597 2807 2826 2878 δέρματι
2856 2817 3200 2890 περιέχεται)
3231 2806 3750 2891 προαισθάνεται-δί’
3808 2806 3976 2890 εὐπά-

2414 2895 2567 2950 θειαν
2591 2899 2686 2953 τοῦ
2717 2904 3006 2972 χειμῶνος,
3069 2909 3193 2964 ὅθεν
3249 2913 3528 2977 ἐξάλλεται
3581 2922 3859 2990 φεύγουσα
3920 2930 3978 2980 τὸ

2412 2986 2584 3056 ψῦχος
2623 2992 2714 3043 καὶ
2749 2993 2844 3062 τὴν
2869 2997 2928 3049 ἐν
2985 2997 3140 3066 βάθει
3209 3007 3454 3076 ταραχὴν
3677 2986 3973 3087 θαλάσσης.

2414 3076 2585 3131 Ὅταν
2635 3080 2727 3134 οὖν
2780 3083 2930 3138 ῖδωσι
2983 3087 3045 3140 τὸ
3097 3091 3332 3160 ἰχθύδιον
3371 3099 3526 3152 τοῦτο
3564 3076 3976 3174 ⁷ἐπινηχόιμνον

737 3172 913 3213 hante
953 3164 1278 3225 p‘siit'ultnn
1323 3168 1469 3222 hunc
1521 3171 1863 3226 innatantem
1903 3176 2038 3228 mari
2091 3179 2312 3246 conspi-
2341 3189 2385 3248 ο

2341 3189 2385 3248 C
2417 3169 2482 3236 τῇ
2512 3165 2778 3239 θαλάσσῃ,
2830 3174 3077 3243 χειμῶνα
3131 3182 3544 3252 τεκμαίρονται,
3617 3164 3976 3262 ὥσπερὸταν

736 3253 950 3307 ιιιΙΗΟΕ
993 3266 1367 3326 tempestatem
1420 3265 1670 3331 portendi
1719 3267 2184 3322 animadvertunt.
2221 3269 2313 3325 lti-

737 3347 858 3398 dem
913 3348 956 3401 si
1023 3352 1280 3421 polypum
1332 3354 1554 3409 videant
1605 3371 1738 3412 saxo
1787 3359 2189 3426 adhaerescere,
2239 3363 2308 3418 de

737 3447 1026 3492 ventorum
1061 3453 1212 3496 motu
1264 3447 1592 3516 praesagium
1646 3449 1928 3519 colligunt.
1981 3451 2114 3504 Nam
2168 3453 2311 3508 Deus

736 3528 1027 3586 facultates
1059 3536 1326 3603 quasdam
1360 3538 1546 3594 futura
1578 3543 1952 3610 prospiciendi
1977 3543 2311 3599 animalibus

737 3619 801 3671 ad
856 3622 981 3674 vita:
1051 3624 1299 3694 ipsorum
1352 3632 1833 3687 conservationem
1886 3635 2104 3689 insevit.
2170 3635 2311 3690 Snnt

733 3713 898 3764 etiam
947 3714 1092 3767 inter
1140 3720 1383 3775 marinas
1437 3719 1644 3776 bestias
1673 3726 1922 3793 quaedam
1977 3727 2308 3791 metuendae,

735 3808 1039 3869 przescrtitn
1073 3811 1368 3876 pastinaca!
1398 3815 1623 3868 marinae
1654 3817 1931 3879 stimulus,
1959 3818 2128 3871 etiam
2163 3834 2313 3874 mor-

737 3904 862 3953 tum.
887 3896 1031 3948 sicut
1060 3908 1111 3950 et
1139 3899 1296 3968 lepus
1330 3905 1577 3959 marinus
1603 3907 1836 3961 celerem
1871 3906 2079 3963 homini
2106 3918 2162 3964 et
2185 3910 2309 3966 ine-

734 3987 1016 4040 xitabilem
1055 3990 1333 4046 interltum
1366 3995 1567 4052 adfert.

806 4080 1074 4136 Praeterea
1100 4085 1344 4152 piscibus
1369 4088 1705 4172 salacitatem
1740 4089 1908 4145 tribui
1936 4091 2078 4174 seire
2104 4092 2306 4160 debes;

732 4168 865 4222 Nam
894 4172 1155 4242 cephalus
1184 4173 1386 4229 femina
1417 4166 1592 4232 littori
1619 4179 1836 4249 alligata
1866 4166 2096 4240 facitiut
2125 4198 2309 4238 mares

729 4274 1028 4315 tl‘s'ltlttttti's
1078 4280 1143 4318 eo
1188 4277 1384 4322 coeant
1441 4270 1764 4340 feminaeque
1814 4273 1964 4326 velut
2009 4273 2306 4328 adsultent.

728 4352 892 4407 Canis
933 4366 1115 4408 autem
1151 4359 1396 4413 marinus
1429 4361 1472 4414 si
1517 4362 1809 4431 strepitum
1852 4367 2142 4432 quemdam
2187 4380 2309 4419 sen-

729 4445 848 4503 ιίςιι,
910 4447 1131 4500 ροιιιιιοε
1186 4464 1318 4503 suos
1373 4452 1425 4503 in
1481 4453 1604 4504 sinu
1660 4455 1902 4508 occultat
1956 4456 2204 4524 preprio,
2243 4472 2308 4510 ac

2417 3254 2568 3308 ῖδωσι
2599 3259 2690 3311 τὸν
2722 3261 3000 3318 πολύποδα
3037 3267 3146 3338 τῆς
3178 3271 3386 3344 πέτρας
3419 3254 3834 3352 περιεχόμενον,
3860 3287 3978 3340 ἀνέ-

2415 3363 2534 3414 μων
2594 3353 2948 3419 σημειοῦνται
2996 3360 3194 3430 φοράν.
3236 3363 3665 3442 Ἐγκατέσπειρε
3717 3375 3825 3446 γὰρ
3868 3380 3978 3442 τοῖς

2414 3437 2576 3501 ζώοις
2625 3443 2655 3494 ό
2716 3444 2850 3509 Θεὸς
2898 3447 3170 3536 δυνάμεις
3221 3437 3638 3527 προγνωστικάς
3695 3437 3832 3533 πρδς
3883 3437 3980 3538 τὴν

2411 3533 2507 3600 τῆς
2539 3533 2689 3606 ζωῆς
2718 3538 2924 3594 αὐτῶν.
2954 3533 3237 3601 σύστασιν.
3294 3551 3405 3607 Καὶ
3447 3554 3584 3609 ἄλλα
3639 3558 3737 3629 μὲν
3774 3563 3841 3614 τὰ
3880 3533 3978 3629 riis

2413 3622 2684 3696 θαλάττης
2740 3631 2864 3685 τινὰ
2935 3637 3193 3706 τυγχάνει
3256 3645 3485 3715 φοϐερά.
3537 3622 3652 3720 Odi
3703 3647 3864 3724 ἦττον

2412 3716 2508 3768 καὶ
2565 3721 2828 3787 τρυγόνος
2896 3727 3124 3797 κέντρον
3185 3732 3285 3798 τῆς
3338 3716 3650 3807 θαλαττίαςξ
3712 3716 3808 3798 καὶ
3850 3747 3981 3800 ταύ⁸

2410 3819 2512 3874 της
2568 3812 2793 3879 νεκρᾶς,
2843 3815 2938 3868 καὶ
2984 3815 3012 3867 6
3081 3819 3292 3888 λαγωδς
3345 3827 3374 3878 ό
3419 3825 3707 3895 θαλάσσιος
3759 3837 3980 3905 ταχεῖαν

2412 3900 2510 3955 καὶ
2543 3900 2920 3975 ἀπαραίτητον
2948 3907 3050 3980 τὴν
3079 3910 3288 3983 φθοράν
3323 3916 3700 3990 ἐπιφέρονται.

2483 4081 2722 4138 Γίνωσκε
2747 4084 2805 4138 δὲ
2849 4086 2934 4142 ὅτι
2966 4092 3118 4159 παρὰ
3161 4097 3275 4158 τοῖς
3306 4095 3517 4164 ίχθύσιν
3547 4100 3804 4168 λαγνείαν
3819 4101 3980 4162 εἶναι.

2410 4171 2658 4242 Κέφαλος
2693 4177 2803 4248 γὰρ
2843 4178 3012 4248 θῆλυς
3044 4185 3198 4254 παρὰ
3250 4186 3330 4258 τῷ
3387 4191 3626 4262 αἰγιαλῷ
3664 4199 3984 4264 προσδεθεὶς

2409 4265 2558 4317 ποιεῖ
2580 4267 2708 4330 τοὺς
2734 4268 2972 4340 ἄρρενας
3007 4273 3403 4344 πελαγίζοντας
3435 4281 3763 4350 πλησιάζειν
3803 4290 3983 4342 ἐκεῖσε

2409 4357 2505 4410 καὶ
2559 4356 2673 4412 οἷον
2710 4365 2775 4431 τῇ
2837 4362 3027 4437 θηλείᾳ
3086 4372 3485 4441 περισκαίρειν.
3524 4376 3583 4429 ’0
3637 4381 3782 4432 κύων
3833 4382 3986 4451 ἰχθὺς

2409 4449 2575 4517 ἡνίκα
2617 4453 2792 4521 ψόφου
2855 4456 3003 4520 τινὸς
3038 4459 3320 4529 αἴσθηται,
3363 4464 3431 4516 τά
3487 4468 3756 4522 σκυλάκια
3816 4449 3983 4526 αύτοῦ

730 4532 991 4603 deinceps
1019 4553 1114 4590 ens
1146 4539 1387 4592 vicissim
1438 4541 1647 4597 educit.
1688 4543 1885 4612 Aspice
1915 4556 2099 4599 autem
2144 4546 2304 4613 mihi,
2340 4539 2381 4594 υ

2340 4539 2381 4594 D
2412 4542 2560 4611 παρὰ
2589 4544 2666 4616 τῷ
2698 4546 2884 4620 οἰκείῳ
2924 4550 3156 4619 κρύπτει
3203 4553 3391 4624 κόλπῳ
3444 4560 3538 4610 καὶ
3586 4559 3742 4624 αὖθις
3776 4562 3982 4632 ἐξάγει.

733 4642 936 4692 qna-so.
965 4629 1144 4697 pusilli
1176 4644 1237 4682 ac
1266 4630 1468 4685 debilis
1498 4633 1752 4688 animalis
1780 4635 2106 4705 sapientiam
2141 4645 2308 4705 atque

730 4720 1054 4772 tersutium.
1086 4719 1298 4776 Cancer
1330 4726 1500 4778 ostrci
1532 4740 1755 4780 carnem
1794 4729 2020 4796 appetit,
2059 4730 2154 4783 sed
2191 4731 2306 4799 ipsa

728 4810 910 4878 prarda
952 4813 1118 4880 potiri
1148 4825 1371 4884 propter
1412 4817 1795 4873 indumentum
1832 4829 1983 4876 testa":
2015 4822 2306 4879 difﬁculter

730 4914 937 4972 potest;
975 4923 1096 4959 nam
1149 4908 1391 4962 teneram
1425 4927 1646 4965 carnem
1679 4914 1917 4983 quodam
1953 4917 2106 4984 quasi
2151 4925 2306 4986 septo

728 5009 924 5049 natura
960 5013 1066 5051 non
1099 4998 1258 5053 facile
1295 5000 1597 5071 frangendo
1631 5005 1869 5069 muniit;
1903 5006 2134 5075 ideoque
2159 5007 2305 5061 sole-

729 5104 850 5160 nius
903 5090 1006 5144 hoe
1056 5092 1258 5145 animal
1311 5094 1807 5158 ostracodermum,
1860 5099 2015 5167 quasi
2067 5108 2304 5155 testacea

726 5195 852 5237 cute
889 5185 1204 5251 praeditum,
1248 5187 1547 5256 appellare.
1587 5188 1836 5259 Cumque
1886 5193 2006 5248 duae
2051 5194 2305 5248 concavi-

727 5283 864 5341 tatcs
895 5285 1152 5328 accurate
1201 5276 1304 5330 sibi
1352 5276 1585 5330 invicem
1616 5279 1818 5346 junetre
1846 5291 2089 5333 ostreum
2125 5283 2303 5349 ipsum

725 5367 1187 5434 complectantur,
1228 5371 1545 5423 necessario
1577 5371 1744 5423 ehelaz
1777 5372 1962 5426 cancri
2017 5373 2152 5426 nihil
2186 5373 2299 5428 eili-

724 5475 848 5511 ci-re
886 5473 1136 5528 possunt.
1167 5460 1306 5526 Quid
1341 5477 1470 5530 ergo
1508 5463 1777 5517 molitur?
1806 5464 1941 5519 Cum
1976 5476 2215 5521 ostreum
2247 5468 2302 5523 in

726 5549 863 5600 ἑυωε
915 5562 1075 5602 vi-nto
1114 5567 1221 5603 non
1269 5553 1536 5621 expositis
1584 5569 1708 5610 cum
1752 5555 2032 5625 voluptate
2061 5560 2307 5626 percale-

724 5659 877 5696 εοεαε-ο
911 5659 1145 5713 suasque
1186 5646 1355 5714 plicas
1389 5649 1454 5702 ad
1491 5648 1673 5704 radios
1705 5649 1838 5704 solis
1885 5652 2101 5720 aperire
2131 5651 2302 5720 videt,

727 5750 839 5787 tum
880 5755 1008 5789 vi-rn
1038 5742 1344 5795 clanculum
1386 5744 1588 5812 injeeto
1620 5744 1852 5812 calculo,
1892 5747 2187 5814 (prominus
2212 5762 2306 5802 eas

727 5845 944 5885 l;!l‘$tiltt
984 5833 1229 5901 claudat,
1265 5837 1522 5898 iniocdit;
1563 5838 1822 5905 quodque
1856 5840 2303 5924 viribusﬂequit,

2416 4632 2558 4703 Ὅρα
2589 4634 2646 4686 δὲ
2681 4640 2872 4706 σοφίαν
2900 4641 2995 4693 καὶ
3019 4645 3287 4712 πονηρίαν
3315 4648 3512 4718 μικροῦ
3536 4651 3674 4713 ζώου
3700 4656 3795 4706 καὶ
3821 4655 3988 4708 ἀσθε-

2413 4723 2558 4786 νοῦς.
2595 4724 2655 4778 '0
2681 4730 2939 4798 καρκίνος
2962 4734 3061 4801 τῆς
3095 4735 3297 4803 σαρκὸς
3329 4738 3588 4806 ἐπιθυμεῖ
3617 4742 3709 4795 τοῦ
3733 4744 3984 4814 ὀστρέου.

2426 4818 2587 4874 Ἀλλά
2618 4825 2710 4875 καὶ
2742 4825 3044 4890 δυσάλωτος
3073 4829 3272 4898 ἡάγρα
3297 4831 3444 4903 αὐτῷ
3461 4834 3548 4888 διὰ
3571 4834 3668 4902 τὴν
3689 4838 3985 4907 περιϐολὴν

2413 4912 2507 4966 τοῦ
2529 4914 2802 4982 ὀστράκου
2829 4922 3038 4986 γίνεται
3059 4936 3074 4952 ο
3104 4923 3338 4993 άρῤαγεῖ
3367 4926 3474 4994 γὰρ
3498 4926 3670 4997 ἑρκίῳ
3699 4928 3755 4980 τὸ
3777 4931 3988 4984 ἁπαλὸν

2413 5007 2510 5075 τῆς
2530 5012 2729 5078 σαρκὸς
2755 5013 2787 5080 ἠ
2818 5013 2977 5079 φύσις
3000 5016 3465 5083 κατησφαλίσατο,
3503 5018 3582 5071 διὸ
3610 5021 3700 5072 καὶ
3725 5021 3990 5088 ὀστρακό-

2412 5100 2614 5172 δερμον
2666 5103 2723 5157 τὸ
2755 5103 2895 5169 ζῶον
2949 5109 3446 5177 προσαγορεύεται.
3504 5113 3615 5164 Καὶ
3673 5113 3859 5182 ἐπειδὴ
3894 5115 3989 5166 δύο

2414 5192 2727 5261 κοιλότητες
2779 5194 3023 5266 ἀκριϐῶς
3076 5196 3334 5267 ἀλλήλαις
3387 5201 3881 5268 προσηρβοσμὲναι
3929 5204 3989 5253 τὸ

2411 5279 2632 5347 δστρεον
2661 5282 3145 5350 περιπτύσσονται,
3181 5285 3494 5352 ἀναγκαίως
3547 5285 3816 5353 ἄπρακτοί
3848 5291 3988 5341 εἰσ.ν

2415 5373 2468 5424 αἱ
2520 5372 2683 5440 χηλαὶ
2717 5373 2810 5425 τοῦ
2856 5375 3140 5443 καρκίνον.
3176 5375 3240 5427 Τί
3273 5374 3364 5427 οὖν
3400 5379 3574 5442 ποιεῖ;
3609 5378 3778 5429 Ὅταν
3811 5378 3897 5446 ῖδῃ
3929 5381 3989 5430 ἐν

2414 5466 2720 5535 ἀπηνέμοις
2755 5467 2874 5535 μεθ’
2907 5467 3101 5537 ἡδονῆς
3135 5467 3564 5536 διαθαλπόμενον
3595 5470 3689 5522 καὶ
3724 5470 3861 5538 πρὸς
3888 5473 3989 5533 τὰς

2414 5561 2646 5623 ἀκτῖνας·
2676 5559 2768 5612 τοῦ
2806 5560 2960 5631 ἡλίου
2991 5561 3088 5624 τὰς
3120 5559 3330 5630 πτύχας
3367 5559 3533 5614 αὑτοῦ
3575 5559 3984 5627 διαπλώσαντα,

2414 5653 2536 5704 τότε
2565 5653 2630 5723 δὴ
2673 5652 2850 5722 λάθρα
2877 5652 3114 5723 ψηφῖδας
3157 5653 3532 5724 παρεμϐαλὼν
3556 5652 3850 5706 διακωλύει
3889 5654 3989 5722 τὴν

2418 5746 2747 5816 σύμπτυξιν,
2797 5748 2892 5800 καὶ
2937 5748 3253 5817 εὑρίσκεται
3290 5750 3351 5802 τὸ
3388 5748 3634 5801 ἐλλεῖπον
3685 5749 3846 5817 μέρος
3887 5748 3986 5814 τῆς

2414 5841 2696 5910 δινάειεως
2748 5841 2836 5902 διὰ
2894 5840 2992 5912 τῆς
3056 5842 3296 5908 ἐπιιοίας
3367 5845 3769 5914 περιεχόμςνος.
3835 5843 3987 5913 Αὕτη
