4214 6442
235 383 304 444 89
1489 385 1892 448 ANNALIUM
1935 390 2127 449 PARS
2163 390 2209 449 Ῐ.
3392 397 3463 463 90

234 505 268 572 ἢ
317 501 486 556 κακία
539 499 646 555 τῶν
681 501 820 572 μήτε
891 501 1052 572 λόγου
1121 503 1260 575 μήτε
1325 503 1512 575 φωνῆς
1551 509 1801 579 μετεχόν-

1905 507 2127 560 solertia
2174 506 2405 575 quadam
2458 507 2718 578 perﬁcere
2755 509 3205 580 deprehenditur.
3237 514 3313 569 Ea
3345 535 3466 572 ver-

233 610 360 647 των.

307 766 433 825 Οἵδε
468 771 537 824 τὰ
586 772 728 843 κήτη
758 771 858 842 τὴν
893 772 1282 846 ἀφωρισμένην
1307 776 1488 842 αὐτοῖς
1519 780 1670 849 παρὰ
1700 779 1799 850 τῆς

237 861 453 931 φύσεως
502 862 738 917 δίαιταν.
926 865 1030 928 ἔξω
1076 866 1187 920 τῶν
1218 869 1553 938 οἰκουμένων
1583 872 1800 940 χωρίων

237 952 533 1022 κατείληφε
552 951 847 1020 θάλασσαν,
875 956 972 1024 τὴν
995 957 1099 1019 ἔξω
1119 959 1323 1030 νήσων,
1346 953 1380 1035 ᾗ
1410 962 1652 1031 μηδεμία
1666 967 1801 1032 πρὸς

237 1044 302 1110 τῇ
350 1043 618 1112 ἀντίπερα
673 1045 1009 1115 καθέστηκεν
1052 1049 1298 1120 ἦπειρος.
1341 1052 1545 1119 Διόπερ
1597 1052 1804 1116 ἄπλους

239 1132 409 1196 εστὶν,
443 1132 565 1186 οὔτε
603 1136 844 1205 ἱστορίας
884 1137 1006 1190 οὔτε
1039 1142 1184 1202 τινὸς
1229 1143 1418 1210 χρείας
1457 1143 1804 1213 κατατολμᾷν

240 1222 414 1290 αὐτῆς
460 1224 587 1287 τοὺς
621 1225 917 1298 πλωτῆρας
976 1231 1397 1302 ἀναπειθούσης.
1437 1236 1651 1288 Ἐκεῖνα
1704 1255 1802 1290 κα-

237 1310 540 1397 ταλαβόντα
576 1317 645 1368 τὰ
675 1317 817 1385 κήτη
863 1321 973 1380 τοῖς
1021 1322 1298 1389 μεγίστοις
1328 1323 1438 1376 τῶν
1475 1325 1617 1394 ὀρῶν
1663 1327 1805 1380 κατὰ

237 1403 296 1454 τὺ
333 1404 563 1472 μέγεθος
611 1407 845 1472 ἐοικότα,
889 1409 964 1472 ὡς
997 1413 1044 1464 oi
1084 1415 1397 1482 τεθεαμένοι
1446 1419 1598 1485 φασὶ,
1653 1418 1804 1488 μένει

239 1494 299 1544 ἐν
343 1498 454 1556 τοῖς
488 1499 709 1561 οἰκείοις
743 1499 911 1570 ὅροις,
957 1506 1091 1573 μήτε
1129 1509 1250 1567 ταῖς
1284 1509 1465 1573 νήσοις
1502 1513 1636 1579 μήτε
1685 1512 1805 1574 ταῖς

242 1587 542 1656 παραλίαις
567 1589 755 1642 πόλεσι
788 1591 1186 1661 λυμαινόμενα.
1225 1596 1384 1651 Οὕτω
1421 1601 1517 1668 μὲν
1550 1596 1644 1653 οὖν
1669 1601 1802 1654 ἔκαε

237 1694 364 1730 στον
394 1680 546 1743 γένος
570 1679 759 1750 ὥσπερ
792 1683 1014 1736 πόλεσιν
1047 1687 1078 1755 ἢ
1112 1686 1369 1757 πατρίσιν
1399 1692 1655 1760 ἀρχαίαις
1691 1697 1805 1756 τοῖς

237 1770 475 1822 ἁποτετα
491 1771 708 1836 γμὲνοις
732 1774 916 1836 αὐτοῖς
948 1775 1045 1845 τῆς
1077 1777 1356 1848 Θαλάσσης
1386 1783 1611 1851 μέρεσιν
1641 1785 1807 1837 ἐναυ-

235 1859 466 1923 λίζεται.
504 1864 659 1916 Ἔστι
687 1865 787 1930 μὲν
810 1863 904 1918 οὖν
930 1869 1023 1920 καί
1052 1868 1214 1936 κῆτος
1238 1872 1415 1941 πρίων
1441 1872 1584 1927 οὕτω
1615 1876 1809 1929 καλού-

240 1968 400 2021 μενος
423 1970 439 1984 ’
476 1954 633 2007 τοῦτο
671 1958 765 2008 ὲὰν
799 1957 883 2026 ῖδη
919 1958 1104 2011 πλοῖον
1137 1963 1453 2031 ἁρμενίζον,
1480 1971 1808 2037 συναρμενί·

238 2044 322 2107 ζει
350 2047 444 2097 καὶ
482 2047 614 2099 αὐτὸ
637 2047 712 2117 τῷ
742 2049 932 2119 πλοίῳ.
968 2052 1074 2104 Καὶ
1101 2054 1264 2121 κῆτος
1302 2055 1489 2124 ἕτερον
1517 2060 1806 2131 ἁσπιδοχε·

236 2132 410 2202 λώνη·
443 2136 603 2189 τοῦτο
641 2138 734 2190 ἐὰν
763 2140 1016 2210 πεινάσῃ.
1049 2143 1258 2212 ἀνοίγει
1296 2145 1356 2198 τὸ
1398 2148 1572 2217 στόμα
1611 2153 1802 2217 αὑτοῦ,

236 2219 495 2273 κάκεῖθεν
520 2222 745 2286 εὐωδίας
769 2224 1141 2300 ὲξερχομίνης
1164 2233 1504 2304 εἰσέρχονται
1531 2240 1598 2291 τὰ
1630 2245 1805 2310 μικρὰ

237 2311 471 2380 ἰχθύδια,
505 2314 600 2366 καὶ
629 2314 802 2380 οὕτως
841 2320 1182 2387 κορὲννυται.
1219 2325 1401 2378 Ταῦτα
1448 2329 1546 2396 μὲν
1577 2326 1671 2383 οὖν
1711 2331 1806 2385 καὶ

241 2404 334 2456 ἐπὶ
369 2405 461 2458 τοῦ
512 2405 760 2461 διαόόλου
791 2411 882 2464 καὶ
913 2412 1219 2484 ἀνθρώπιον
1280 2419 1431 2473 ἐστιν
1465 2422 1624 2477 ἰδεῖν⁸
1652 2426 1805 2479 οὐδέ-

234 2511 368 2547 ποτε
417 2495 525 2565 γὰρ
572 2496 842 2552 διαλείπει
887 2503 1098 2567 τούτοις
1135 2506 1520 2565 ἐπακολουθῶν
1547 2515 1642 2567 καὶ
1669 2532 1807 2570 παν-

233 2587 398 2650 τοίως
438 2589 768 2646 άποπλανῶν
796 2595 1013 2662 αὐτοὺς,
1045 2599 1141 2652 καὶ
1181 2600 1417 2671 μάλιστα
1448 2607 1572 2670 τοὺς
1600 2610 1806 2678 φρονή-

237 2692 370 2745 ματι
408 2682 802 2750 μικροτέρους·
834 2688 1124 2743 καταπίνει
1169 2691 1279 2762 γὰρ
1323 2695 1522 2760 αὐτοὺς
1567 2701 1679 2762 τοῖς
1709 2701 1804 2755 τοῦ

236 2768 354 2841 βίου
384 2775 642 2840 τερπνοῖς
688 2774 978 2846 δελεάζων,
1013 2780 1061 2834 εἰ
1103 2783 1198 2836 καὶ
1225 2785 1493 2856 μηδέποτε
1539 2792 1801 2862 κορέννυ-

232 2877 350 2916 ται.

152 3033 158 3037 ἢ
309 2953 434 3006 Εἰσὶ
481 2955 579 3024 μὲν
612 2958 707 3012 οὖν
747 2960 842 3014 καὶ
881 2961 1045 3034 ιτερα
1081 2965 1214 3037 γένη
1249 2971 1453 3040 κητῶν,
1501 2973 1683 3042 φῶκαι
1711 2977 1804 3030 καὶ

233 3046 516 3113 φάλαιναι,
562 3049 808 3121 δελφῖνες
839 3054 952 3126 (10)
987 3057 1081 3110 καὶ
1119 3058 1373 3128 ζύγαιναι
1413 3065 1507 3118 καὶ
1553 3065 1654 3119 ὅσα
1693 3085 1804 3121 τοι-

1899 599 2044 654 sutia
2106 609 2190 652 est
2234 600 2575 667 animalium,
2620 617 2740 671 quae
2788 618 2968 674 neque
3015 607 3241 662 rationis
3288 625 3464 679 neque

1897 689 2048 743 vocis
2082 705 2240 743 usum
2273 691 2497 746 habent.

1964 783 2182 836 'Nuruut
2230 784 2334 836 ceti
2380 783 2758 854 prmscriptum
2795 801 2822 840 a
2859 790 3082 858 natura]
3110 788 3213 842 sibi
3261 789 3464 853 locum,

1903 876 1957 930 in
1987 891 2095 945 quo
2131 876 2350 946 degant.
2391 877 2526 932 Nam
2563 893 2710 933 mare
2751 879 2895 948 quod
2930 890 3082 934 extra
3111 882 3226 935 loca
3262 895 3466 936 morta-

1901 968 2046 1022 libus
2089 969 2390 1024 inltabitata
2434 986 2554 1024 sese
2611 973 2892 1040 protendit
2946 983 3210 1041 extraque
3263 975 3468 1028 insulas

1903 1061 2066 1115 situm
2091 1070 2195 1124 est,
2233 1072 2505 1130 occupant
2534 1081 2546 1125 ;
2578 1064 2666 1116 ubi
2703 1065 2851 1117 nulla
2877 1073 3046 1118 restat
3074 1066 3303 1118 ulterius
3324 1075 3468 1119 terra

1904 1151 2213 1216 continens,
2250 1153 2358 1224 36
2396 1170 2516 1216 quze
2561 1154 2853 1209 ﬂuitationi
2905 1170 3093 1209 eorum
3140 1158 3209 1210 sit
3243 1158 3468 1226 impedi-

1906 1254 2112 1296 mento.
2147 1243 2256 1298 Nec
2296 1246 2403 1298 ulla
2459 1245 2543 1298 vel
2594 1245 2823 1301 historia
2855 1247 2938 1299 vel
2978 1262 3108 1301 usus
3148 1250 3468 1313 navigantes

1905 1331 2138 1400 impellit
2183 1341 2239 1385 ut
2286 1332 2493 1401 aliquid
2564 1333 2829 1389 adversus
2879 1349 2941 1389 ea
2987 1337 3300 1390 moliantur.
3355 1337 3468 1390 lluc

1907 1424 2073 1494 igitur
2112 1440 2260 1476 mare
2314 1426 2598 1478 consecuti
2645 1426 2770 1488 ceti,
2827 1430 3199 1496 magnitudine
3240 1446 3336 1482 sua
3386 1431 3466 1481 vel

1906 1515 2158 1569 maximis
2200 1515 2477 1568 montibus
2532 1517 2867 1583 consimiles,
2909 1529 2968 1572 ut
3015 1519 3186 1582 aiunt,
3236 1520 3326 1587 qui
3377 1535 3468 1572 eos

1906 1608 2187 1668 viderunt,
2216 1619 2344 1658 suos
2374 1604 2515 1656 intra
2551 1605 2753 1661 limites
2785 1617 3026 1671 manent,
3060 1624 3236 1677 neque
3263 1610 3444 1662 mariti

1909 1713 2026 1753 mas
2055 1697 2120 1751 ad
2148 1698 2311 1751 urbes
2343 1698 2633 1760 accedunt,
2658 1701 2752 1752 sed
2783 1701 2834 1752 in
2865 1701 3061 1769 priscis
3087 1701 3193 1754 illis
3223 1701 3468 1753 attributi

1909 1791 2011 1846 sibi
2059 1793 2226 1845 maris
2283 1791 2530 1858 partibus
2563 1791 2792 1844 luerent.
2830 1792 2975 1845 luter
3018 1800 3243 1846 cmteros
3288 1801 3470 1845 autem

1908 1898 2059 1941 cetos
2083 1899 2166 1942 est
2196 1888 2240 1942 is
2271 1887 2365 1956 qui
2396 1889 2549 1956 prion
2585 1887 2930 1954 appellatur:
2961 1886 3049 1938 hic
3078 1885 3121 1938 si
3152 1886 3328 1937 navim
3358 1900 3466 1939 cer-

1907 1990 2000 2033 nat
2028 1985 2143 2037 vela
2169 1984 2451 2053 Tpantlere,
2489 1980 2590 2034 hoc
2622 1980 2798 2042 ipsum
2834 1980 3100 2032 imitatur.
3134 1980 3287 2032 Alius
3340 1979 3468 2031 item

1907 2082 2063 2127 cetus
2091 2085 2178 2129 est
2212 2074 2300 2129 cui
2332 2087 2532 2127 nomen
2569 2070 3026 2140 Aspidochelone,
3051 2070 3142 2139 qui
3173 2071 3215 2124 si
3244 2069 3470 2130 esuriat,

1906 2180 1968 2219 os
2018 2163 2228 2233 pandit,
2286 2164 2353 2218 de
2412 2177 2524 2232 quo
2573 2177 2696 2215 cum
2767 2160 3014 2225 fragrans
3067 2159 3285 2228 quidam
3336 2159 3470 2210 odor

1905 2265 2084 2321 exeat,
2117 2255 2371 2326 pisciculi
2405 2255 2647 2309 minores
2679 2252 3084 2320 ingrediuntur,
3111 2265 3286 2318 eoque
3315 2259 3470 2317 pacto

1905 2348 2082 2404 bestia
2124 2349 2380 2403 satiatur.
2429 2345 2714 2417 Ejusmodi
2764 2343 3027 2415 quiddam
3061 2344 3114 2395 in
3155 2341 3471 2396 hominibus

1905 2443 2071 2497 etiam
2104 2441 2358 2507 maloque
2390 2440 2552 2510 genio
2586 2439 2838 2494 videmus
2874 2436 3188 2491 usuvenire.
3224 2435 3356 2488 Nam
3385 2437 3472 2490 hic

1911 2551 2013 2590 nos
2040 2549 2322 2604 nunquam
2354 2547 2461 2587 non
2497 2539 2868 2594 consectatur,
2900 2529 3174 2598 variisque
3213 2529 3386 2582 modis
3415 2527 3469 2581 in

1905 2642 2155 2682 errorem
2209 2625 2478 2680 abductos
2526 2622 2953 2685 circumscribit,
2997 2621 3117 2675 illos
3165 2619 3469 2691 praesertim

1905 2719 2001 2792 qui
2037 2717 2262 2772 .animis
2305 2715 2558 2771 nonnihil
2617 2714 2801 2784 pusilli
2850 2722 3012 2766 sunt:
3062 2712 3291 2767 devorat
3324 2711 3470 2764 enim

1906 2814 2008 2868 bos
2042 2826 2140 2882 per
2171 2809 2298 2864 vitae
2348 2807 2579 2861 delicias
2631 2815 2795 2874 atque
2827 2803 3131 2872 voluptates
3179 2803 3467 2867 ineSCatos,

1905 2917 2217 2975 quanquam
2254 2897 2570 2954 devorando
2599 2910 2880 2964 nunquam
2919 2894 3173 2948 satietur.

1976 2996 2116 3050 Sunt
2162 3002 2218 3046 et
2259 2991 2414 3060 plura
2443 2999 2690 3043 cetorum
2730 3001 2952 3055 genera,
2987 2984 3197 3054 phocae,
3226 2983 3466 3047 balaena,

1905 3084 2214 3153 delphines,
2265 3094 2496 3150 zygagnze
2539 3077 2653 3130 sive
2695 3075 2914 3138 libellae,
2951 3074 3166 3142 aliaque
3221 3073 3368 3133 talia,
3401 3073 3470 3126 de

233 3135 412 3189 αὔτα·
462 3139 568 3191 εἰσὶ
627 3141 683 3194 δι
718 3145 812 3196 καὶ
865 3146 1028 3216 ἔτερα
1071 3151 1200 3218 περὶ
1232 3144 1308 3205 ὦν
1342 3155 1374 3223 ὴ
1406 3152 1599 3226 Γραφή
1632 3175 1797 3226 φησι·

1905 3135 2106 3246 quibus
2135 3173 2239 3226 hoc
2285 3135 2528 3225 ausacris
2568 3167 2793 3222 Litteris
2836 3167 3041 3221 dictum
3088 3164 3468 3235 accipiendum

239 3246 260 3279 ι
299 3229 408 3322 καί
433 3230 692 3322 ἐποίησεν
733 3237 761 3288 ὀ
792 3237 925 3301 Θεὸς
963 3239 1033 3292 τὰ
1075 3241 1215 3313 κήτη
1249 3243 1319 3299 τὰ
1354 3247 1586 3316 μεγάλα,
1617 3267 1638 3303 ι
1665 3249 1702 3306 ἃ
1734 3250 1798 3322 δὴ

229 3322 326 3413 καὶ
357 3320 664 3413 ἰδιάζουσαν
716 3323 842 3396 ἔσχε
894 3328 1103 3384 δίαιταν
1143 3334 1202 3387 ἐν
1245 3336 1653 3410 ἀφωρισμένοις
1685 3320 1797 3413 χωέ

232 3410 393 3505 ρίοις,
429 3410 568 3466 ὥστε
605 3414 682 3486 μὴ
713 3418 1189 3479 καταδλάπτεσθαι
1222 3428 1349 3493 τοὺς
1393 3432 1578 3498 αὐτοῖς
1608 3410 1798 3505 ἐντυγ-

228 3501 512 3569 χάνοντας.

307 3593 418 3644 Καὶ
450 3593 707 3666 εποίησεν
745 3601 772 3651 ὁ
805 3599 933 3666 Θεὸς
963 3603 1031 3657 τὰ
1065 3607 1204 3678 κήτη
1265 3613 1330 3664 τὰ
1392 3615 1621 3682 μεγάλα.
1685 3618 1797 3671 Οὐκ

227 3682 422 3752 ιπειδὴ
456 3688 674 3756 καρίδος
730 3693 823 3744 καὶ
883 3697 1125 3764 μαινίδος
1189 3701 1434 3768 μείζονα.
1503 3706 1592 3760 διὰ
1640 3709 1799 3764 τοῦτο

228 3773 448 3866 μεγάλα
480 3775 715 3846 εἴρηται,
749 3781 866 3834 ἀλλ⁹
894 3785 1082 3856 ἐπειδὴ
1139 3790 1252 3852 τοῖς
1305 3793 1585 3860 μεγίστοις
1645 3796 1796 3866 δρεσι

223 3863 308 3933 τῷ
361 3865 512 3935 ὄγκῳ
563 3868 657 3922 τοῦ
714 3870 966 3944 σώματος
1013 3881 1439 3948 παρεικάζεται·
1492 3886 1529 3939 ἃ
1580 3887 1644 3957 δὴ
1679 3863 1798 3944 -καὶ

223 3957 410 4024 νήσων
459 3959 717 4026 πολλάκις
775 3969 1081 4034 φαντασίαν
1162 3974 1519 4043 παρέχονται,
1577 3979 1797 4034 ἐπειδάν

225 4063 359 4142 ποτε
393 4049 497 4142 ἐπὶ
511 4053 610 4142 τὴν
645 4055 819 4128 ἄκραν
853 4059 1179 4130 ἐπιφάνειαν
1209 4066 1302 4119 τοῦ
1343 4067 1534 4132 ὕδατος
1590 4070 1796 4142 ἀνανή-

183 4209 199 4230 ὶ
225 4134 412 4204 ξηται.
458 4139 645 4195 Ταῦτα
685 4146 866 4212 μέντοι
891 4149 1199 4220 τηλικαῦτα
1225 4155 1353 4207 ὄντα
1381 4156 1441 4209 οὐ
1469 4159 1598 4228 περί
1625 4134 1798 4225 ἀκτάς

221 4230 346 4282 οὐδὲ
383 4234 512 4303 περὶ
539 4237 822 4304 αἰγιαλοὺς
849 4241 1137 4314 διατρίϐει,
1173 4247 1308 4302 ἀλλὰ
1358 4249 1418 4303 τὸ
1454 4250 1797 4308 Ἀτλαντικὸν

223 4320 528 4415 λεγόμενον
559 4327 796 4398 πέλαγος
834 4333 1054 4390 ἐνοικεῖ.
1106 4339 1344 4394 Τοιαῦτά
1376 4342 1492 4396 ἐστι
1530 4343 1600 4397 τὰ
1659 4347 1797 4415 πρὸς

226 4413 397 4482 φόϐον
420 4417 516 4468 καὶ
539 4416 803 4489 ἔκπληξιν
839 4425 1114 4497 ἡμετέραν
1147 4429 1618 4504 δημιουργηθέντα
1658 4413 1792 4499 (illa.

1905 3271 2025 3317 est:
2089 3279 2108 3311 ι
2145 3259 2364 3315 Creavit
2425 3258 2567 3312 Deus
2601 3255 2848 3325 ingentes
2885 3265 3034 3309 cetos
3061 3255 3125 3320 ³⁸,
3160 3273 3178 3328 ξ
3218 3268 3467 3308 seorsum

1903 3352 2242 3426 praescriptis
2292 3352 2349 3406 in
2399 3350 2538 3405 locis
2583 3349 2870 3419 degentes,
2904 3355 2962 3402 ut
3008 3361 3075 3402 ne
3114 3349 3237 3419 quis
3277 3346 3331 3402 in
3373 3361 3470 3402 eos

1905 3444 2155 3500 incidens
2193 3443 2523 3512 lmderctura

1973 3627 2216 3692 Creavit,
2261 3625 2508 3697 inquam,
2541 3623 2687 3678 Deus
2739 3622 2992 3694 ingentes
3039 3628 3210 3676 cetos.
3257 3617 3468 3686 Quibus

1904 3722 1960 3776 in
1999 3719 2178 3775 verbis
2221 3734 2330 3772 non
2378 3718 2582 3772 idcirco
2632 3715 2849 3784 putabis
2892 3717 3141 3784 ingentes
3179 3712 3308 3776 dici,
3341 3713 3467 3780 quia

1904 3811 2102 3882 squilla
2145 3819 2198 3864 et
2233 3809 2424 3864 halecc
2465 3809 2700 3876 majores
2753 3807 2885 3870 sint,
2933 3807 3028 3861 sed
3079 3805 3204 3874 quia
3245 3814 3472 3873 propter

1906 3905 2105 3959 molem
2166 3916 2458 3972 corporum
2532 3901 2786 3954 maximis
2837 3897 3116 3953 montibus
3165 3896 3469 3966 comparari

1904 3994 2283 4067 possint.Quin
2307 3993 2470 4048 etiam
2497 4006 2874 4061 saepenumero
2898 3991 3135 4059 speciem
3169 3989 3470 4044 insularum

1903 4087 2189 4148 exhibent,
2231 4085 2448 4153 quoties
2491 4082 2544 4136 in
2594 4097 2750 4151 aqua;
2794 4096 3006 4135 summa
3055 4079 3346 4149 superﬁcie
3381 4095 3477 4133 na-

1908 4184 2044 4232 tant.
2069 4175 2229 4230 Tales
2253 4189 2376 4228 cum
2408 4174 2539 4239 sint,
2562 4188 2667 4227 non
2697 4171 2998 4225 secundum
3025 4171 3208 4224 littora
3242 4169 3473 4232 hau-ent,

1905 4269 2000 4324 sed
2034 4268 2090 4322 in
2121 4267 2399 4322 Atlantico
2428 4265 2560 4319 mari
2592 4263 2819 4332 degunt.
2842 4266 3017 4331 Atque
3049 4262 3162 4316 haec
3221 4260 3471 4314 animalia

1904 4359 2066 4416 nobis
2109 4362 2176 4413 ad
2212 4367 2419 4412 metum
2469 4366 2847 4424 terroremque
2891 4353 3113 4408 condita
3164 4363 3312 4407 sunt.
3355 4352 3473 4406 Jam

1905 4469 2036 4508 vero
2073 4467 2194 4505 cum
2223 4450 2376 4503 audis
2407 4463 2600 4518 magna
2638 4447 2877 4517 navigia,
2907 4462 3028 4515 qua:
3057 4445 3192 4499 velis
3220 4444 3478 4510 expansis

237 4504 372 4606 ’E-a‘w
405 4504 727 4606 beneﬁca;
742 4513 926 4606 δτιτὰ
961 4518 1196 4587 μέγιστα
1247 4523 1354 4578 τῶν
1392 4526 1592 4581 πλοίων
1615 4531 1800 4600 ἥπλω-

1905 4553 2072 4599 vento
2099 4540 2344 4598 secundo
2379 4541 2647 4604 ferantur,
2675 4555 2703 4593 a
2758 4540 2971 4592 minuto
3008 4536 3274 4606 pisciculo
3307 4535 3474 4588 eche—

229 4597 418 4689 μένοις
464 4598 656 4664 ἰστίοις
704 4601 766 4668 ἐξ
805 4605 996 4677 οὐρίας
1028 4612 1304 4682 φερόμενα
1353 4615 1415 4669 τὸ
1468 4597 1800 4689 μικρότατον

227 4686 473 4755 ἰχθύδιον
510 4691 539 4758 ὴ
567 4691 785 4762 ἑχενηίς
816 4696 960 4752 οὕτω
1015 4701 1213 4771 ῥᾳδίως
1248 4686 1478 4777 ῐστησινή
1504 4686 1646 4763 ὥστε
1675 4712 1801 4765 ἀκί-

223 4793 391 4845 νητον
449 4780 544 4832 ὲπὶ
578 4783 830 4839 πλεῖστον
862 4789 1125 4856 φυλάσσει
1156 4793 1254 4866 τὴν
1283 4797 1417 4850 ναῦν
1461 4797 1606 4853 ὥσπε
1619 4819 1652 4872 ρ
1695 4820 1795 4861 κα-

222 4873 575 4943 ταρριζωθὲν
611 4880 668 4932 ὲν
695 4880 845 4951 αὐτῷ
873 4883 952 4953 τῷ
991 4887 1243 4957 πελάγει,
1298 4887 1386 4963 ἆρ’
1419 4894 1540 4964 οὐχὶ
1596 4899 1691 4950 καὶ
1741 4899 1800 4951 ἐν

220 4964 306 5060 τῷ
359 4968 545 5038 μικρῷ
587 4970 765 5042 τούτῳ
818 4975 917 5045 τὴν
970 4977 1064 5031 τοῦ
1117 4981 1455 5053 δημιουργοῦ
1516 4989 1801 5060 καταλαμ-

223 5058 415 5121 6ἀνεις
449 5062 602 5130 ἰσχύν
631 5083 643 5127 ;
685 5065 780 5120 Ἐκ
811 5072 1029 5124 πάντων
1055 5069 1146 5125 οὖν
1168 5079 1422 5144 μεγάλων
1477 5097 1535 5131 τε
1572 5085 1665 5134 καὶ
1711 5058 1803 5150 μι-

213 5153 378 5295 ἔρὼν
410 5154 508 5222 τῆς
536 5155 632 5208 τοῦ
673 5159 957 5226 κτίσαντος
1003 5165 1285 5237 δυνάμεως
1336 5172 1613 5238 ἀπόδειξιν
1653 5175 1789 5248 λάμ·

256 5259 375 5295 ave.

256 5259 375 5296 ανε.

286 5333 354 5387 Τί
392 5332 592 5404 δήποτε
651 5340 702 5392 οἰ
757 5340 1288 5416 θαλαττουργοῦντες
1335 5347 1413 5405 τὼ
1481 5357 1630 5425 χεῖρε
1690 5357 1795 5412 πά-

284 5496 330 5526 "
366 5495 506 5552 Gen.
541 5515 577 5562 I,
606 5501 699 5554 ει.

282 5629 394 5707 ti_0)
427 5628 530 5681 Pro
558 5630 822 5709 δελφῖνες,
876 5651 1013 5710 quos
1063 5639 1241 5692 reddit
1289 5643 1557 5710 delphines
1604 5644 1781 5699 ἰ,ι·ιιιιο

209 5703 442 5776 elutius,
485 5703 580 5751 etsi
631 5718 714 5754 vix
759 5708 1004 5769 reperias
1035 5710 1124 5776 qui
1187 5712 1328 5764 inter
1377 5703 1609 5776 prandia
1665 5729 1781 5772 u‘te

204 5772 498 5835 aeipltitﬁs
541 5783 787 5826 tittizlt‘l'cl
819 5792 942 5829 ιτυιιι
992 5772 1200 5832 ιιίιίιρις.
1255 5773 1475 5834 lt:ti:I"..i~
1508 5797 1560 5832 ιιι
1612 5804 1781 5838 22-1"—

1901 4632 2060 4688 neide
2089 4641 2197 4686 tam
2237 4629 2381 4684 facili
2423 4638 2705 4683 momento
2754 4627 2896 4690 sisti,
2932 4641 3186 4694 magnum
3222 4626 3285 4677 ad
3343 4634 3478 4676 tem-

1898 4725 2051 4797 poris
2083 4723 2322 4794 spatium
2377 4735 2437 4776 ut
2470 4721 2752 4775 immotam
2790 4720 3079 4775 detineant
3113 4719 3292 4773 navim
3326 4719 3478 4770 velut

1901 4818 2020 4886 ipso
2071 4816 2126 4870 in
2177 4814 2314 4868 mari
2365 4812 2645 4867 radicibus
2695 4812 2835 4866 actis
2874 4810 3130 4872 deﬁxam,
3166 4825 3276 4863 non
3308 4810 3474 4862 etiam

1901 4903 1956 4957 in
1996 4901 2218 4955 animali
2244 4900 2442 4968 exiguo
2475 4901 2781 4968 potentiam
2816 4899 3029 4968 Opiﬁcis
3060 4897 3427 4966 deprehendis
3456 4896 3477 4946 ?

1907 4996 2166 5052 nimirum
2202 5009 2268 5049 ex
2297 4993 2587 5056 omnibus,
2637 5003 2745 5045 tam
2782 4991 2994 5060 magnis
3028 5005 3193 5059 quam
3243 4989 3478 5056 pusillis,

1908 5094 2236 5155 argumenta
2298 5082 2366 5137 de
2421 5084 2695 5138 creatoris
2749 5091 3023 5152 potestate
3067 5080 3166 5135 tibi
3211 5079 3477 5134 sumenda

1907 5190 2058 5235 sunt.

1968 5354 2265 5422 Quidnam,
2303 5356 2554 5422 obsecro,
2582 5353 2837 5408 manibus
2870 5368 3062 5407 eorum
3092 5354 3292 5409 accidit
3329 5355 3417 5424 qui
3446 5367 3476 5405 c

1894 5650 1996 5724 nis.
2032 5650 2089 5705 F.
2121 5653 2287 5705 codex
2324 5653 2490 5708 habet
2541 5655 2810 5724 οὐλφῖνες.
2869 5656 2999 5723 Qua!
3028 5659 3196 5713 dictio
3250 5659 3476 5715 fortasse

1896 5723 2035 5780 utili,
2080 5733 2174 5800 .tut
2217 5735 2503 5800 corrupta,
2565 5723 2713 5780 Certe
2770 5732 2897 5780 l‘tliil
2961 5732 3228 5785 hactenus
3295 5744 3475 5800 ignota

1894 5803 2057 5845 atque
2081 5807 2107 5845 τι
2134 5793 2535 5864 lexiccgraphis
2566 5801 2946 5858 ltl‘il.‘lt‘l'nli.~.sa.
