4214 6442
729 400 793 474 9i
1995 395 2413 455 MICIIAELIS
2450 393 2708 456 GLYCiE
3895 396 3969 459 92

729 506 866 561 mari
902 507 1166 577 piscando
1202 506 1408 562 victum
1432 518 1706 578 qutcrunt,
1742 507 1788 562 si
1822 511 2043 579 quando
2074 512 2293 567 fuuieu-
2329 518 2369 573 Α

2329 518 2369 573 Α
2400 529 2642 582 σχουσιν,
2677 513 2730 566 εί
2753 528 2879 565 ποτε
2916 510 3112 581 κύρτον
3147 509 3295 573 ὲντδς
3345 508 3551 579 νάρκην
3584 510 3812 580 ἔχουσαν
3849 516 3966 575 τοῖς

728 599 798 653 lis
847 614 940 653 vas
988 599 1347 667 piscatorium
1380 600 1666 653 attrahunt
1694 615 1805 669 quo
1860 603 2086 671 torpedo
2117 604 2295 657 conti-

731 688 970 741 neatur?
998 688 1127 741 Eam
1163 689 1389 742 sortitus
1414 697 1497 743 est
1520 704 1615 744 aer
1642 699 1891 743 naturam
1920 692 2292 761 peculiariter,

730 777 809 831 uti
844 793 1004 846 quam
1044 779 1295 833 facillime
1324 777 1614 832 alliciatur.
1643 778 1777 834 Nam
1811 790 1867 835 et
1900 781 2052 835 souis
2077 783 2296 850 pervius

737 878 817 921 est
855 879 911 921 ct
956 869 1284 936 pellucidus,
1317 879 1373 923 et
1408 868 1638 923 odoratu
1676 880 2014 939 penetratur.
2046 873 2193 926 nulla
2237 889 2297 928 re

727 958 1052 1011 intermedia
1086 957 1386 1028 quidquam
1418 959 1797 1027 impedimenti
1834 961 2147 1031 obiiciente.
2176 962 2295 1030 Quo

730 1048 789 1101 fit
817 1059 874 1102 ut
897 1050 1187 1102 multarum
1217 1059 1323 1103 tam
1364 1049 1721 1127 aﬂectionum
1750 1067 1915 1120 quam
1942 1052 2294 1110 ell‘ectionum

725 1155 888 1193 causa
913 1141 1003 1194 sit.
1039 1143 1118 1193 An
1148 1157 1257 1194 non
1285 1143 1432 1196 enim
1466 1142 1750 1197 oculorum
1783 1143 1890 1213 37
1926 1146 2120 1201 morbo
2146 1146 2297 1203 labo-

726 1240 914 1283 rantes
964 1230 1289 1300 plerumque
1338 1245 1397 1285 se
1451 1230 1730 1286 intuentes
1772 1233 1947 1287 morbi
1999 1234 2297 1304 participes

728 1321 1011 1375 reddunt?
1041 1321 1383 1392 Quapropter
1414 1331 1470 1376 et
1507 1323 1734 1392 torpedo
1781 1338 1881 1392 per
1927 1339 2077 1391 aera,
2128 1341 2292 1395 quem

729 1410 868 1462 intra
901 1427 958 1463 se
976 1413 1240 1477 continet,
1256 1411 1470 1466 allicere
1495 1422 1679 1481 potest
1696 1415 2020 1470 accedentes
2048 1417 2292 1485 propius,

725 1498 857 1551 licet
891 1514 1009 1552 eam
1060 1515 1170 1553 nou
1220 1507 1534 1556 attrectent.
1573 1501 1680 1556 Nec
1735 1502 1933 1556 mirum
1981 1504 2086 1557 hoc
2118 1503 2294 1560 videri

723 1588 924 1652 debet;
969 1605 1093 1642 nam
1157 1590 1395 1659 Magnes,
1447 1607 1609 1661 quem
1673 1593 1909 1661 lapidem
1964 1594 2291 1650 Herculeum

722 1689 940 1741 vocant,
989 1682 1198 1733 etiamsi
1247 1680 1484 1748 quodam
1540 1684 1827 1736 intervallo
1858 1684 2002 1737 absit
2044 1700 2074 1738 a
2124 1686 2290 1753 ferro,

722 1779 906 1825 tamen
936 1771 1184 1827 videmus
1212 1772 1589 1827 cﬂicacitatem
1638 1774 1835 1842 lapidis
1873 1792 1971 1844 per
2000 1776 2179 1846 ipsum
2208 1778 2291 1832 in-

2402 605 2684 667 καλωδίοις
2728 605 3088 673 ἐφέλκουσιν;
3149 602 3576 675 Εὑπαθεστάτην
3620 606 3648 656 6
3705 606 3812 675 ἀὴρ
3862 604 3966 672 τὴν

2400 695 2563 763 φύσιν
2588 695 2948 764 κληρωτικῶς
2971 692 3307 763 άπὶνείματο
3332 710 3346 725 ’
3377 693 3571 764 διηχὴς
3601 694 3711 762 γὰρ
3736 698 3828 748 καὶ
3847 694 3968 746 δια-

2399 786 2574 853 φανὴς
2636 786 2737 854 ἐφυ
2790 786 2885 839 καὶ
2945 786 3188 857 δίοσμος,
3242 785 3567 856 μεταιχμίου
3618 785 3755 854 μηδέ
3817 802 3965 846 τινος

2398 874 2861 944 ἐπιπροσθοῦντος
2897 874 3066 944 αὐτῷ.
3132 875 3352 929 Πολλῶν
3384 874 3566 927 τοίνυν
3615 874 3808 928 παθῶν
3866 876 3965 927 καὶ

2399 966 2687 1036 ἐνεργειῶν
2719 966 2890 1030 αίτιος
2915 982 2929 997 ·
2974 966 3092 1029 πῶς
3126 967 3234 1037 γάρ
3268 966 3319 1019 οί
3366 965 3645 1035 τὰς.δψεις
3676 962 3967 1027 νοσοῦντες

2396 1059 2523 1121 τοὺς
2555 1057 2794 1126 ὁρῶντας
2832 1059 2975 1124 σφᾶς
3025 1057 3287 1118 πολλάκις
3307 1056 3401 1109 τοῦ
3432 1057 3641 1118 πάθους
3667 1058 3963 1117 κοινωνοὺς

2398 1149 2765 1214 ἐποιήσαντο;
2822 1148 3032 1201 οὐκοῦν
3082 1148 3171 1201 διὰ
3218 1147 3314 1201 τοῦ
3368 1149 3583 1211 ἐνόντος
3632 1147 3796 1216 ἀέρος
3867 1147 3966 1198 καὶ

2396 1240 2573 1311 νάρκη
2605 1241 2777 1293 ποιεῖν
2803 1256 2855 1292 τι
2892 1238 3065 1302 πάθος
3128 1238 3417 1291 ἐπίσταται
3469 1239 3582 1303 τοῖς
3638 1238 3775 1307 αὐτῇ
3826 1236 3966 1306 πλη-

2398 1330 2696 1394 σιάζουσιν,
2729 1332 2778 1383 εί
2811 1334 2906 1386 καὶ
2936 1332 3012 1399 μὴ
3040 1329 3245 1399 ταύτης
3282 1329 3589 1399 ἐφάψοιντο.
3616 1328 3727 1382 Καὶ
3753 1326 3968 1396 θαυμά-

2398 1424 2511 1488 ζειν
2544 1424 2603 1476 οὐ
2632 1424 2738 1493 χρή
2766 1436 2781 1455 ο
2817 1424 2849 1492 ἡ
2881 1422 3169 1491 Μαγνῆτις
3209 1422 3342 1492 γὰρ,
3377 1423 3443 1492 ἣν
3498 1421 3593 1473 καὶ
3632 1419 3975 1487 Ἡρακλείαν

2397 1513 2544 1566 λίθον
2576 1514 2730 1581 φασὶ,
2761 1514 2857 1568 τοῦ
2892 1514 3117 1583 σιδήρου
3162 1513 3438 1584 διέστηκε,
3485 1513 3581 1566 καὶ
3616 1511 3765 1581 ὅμως
3822 1509 3966 1578 ὀρῶ-

2397 1619 2500 1672 μεν
2529 1602 2615 1655 διὰ
2648 1604 2813 1672 μέσου
2842 1603 2937 1655 τοῦ
2968 1604 3134 1675 ἀέρος
3165 1602 3264 1674 τὴν
3291 1603 3580 1672 ἐνέργειαν
3623 1600 3966 1672 προσσαλλο-

2400 1696 2571 1766 μένην
2603 1699 2666 1767 τῇ
2694 1695 2846 1765 λίθῳ.
2876 1696 2951 1750 Τὸ
2974 1697 3032 1749 δέ
3063 1698 3159 1749 καὶ
3189 1696 3317 1767 περὶ
3344 1696 3438 1750 τὸν
3467 1694 3685 1764 φοίνικα
3713 1694 3773 1746 τὸ
3797 1693 3964 1762 φυτὸν

2398 1784 2661 1854 ἐρωτικὸν
2688 1787 2978 1856 γενόμενον
3011 1787 3205 1850 πάθος,
3238 1788 3335 1840 καὶ
3366 1786 3515 1849 ὅπως
3550 1787 3582 1854 ἠ
3616 1784 3825 1854 θήλεια,
3856 1784 3964 1836 κᾶν

725 1862 1059 1916 termedium
1094 1877 1220 1916 aera
1256 1878 1379 1917 sese
1425 1867 1725 1934 porrigere.
1766 1865 1906 1930 Quin
1945 1869 2108 1922 etiam
2142 1884 2293 1922 ama-
2327 1870 2371 1929 Β

2327 1870 2371 1929 Β
2400 1877 2494 1928 καὶ
2538 1875 2833 1942 διίσταται,
2865 1877 2993 1939 τοὺς
3044 1878 3275 1938 κλάδους
3317 1877 3488 1946 αὐτῆς
3539 1875 3821 1929 ὐποκλίνει
3882 1874 3963 1944 τῷ

724 1953 869 2006 toria
894 1952 1086 2015 palma:
1115 1954 1326 2008 arboris
1357 1953 1597 2015 aﬂ‘ectio.
1628 1958 1772 2026 quod
1804 1958 2059 2011 nimirum
2090 1958 2290 2016 femina

720 2044 900 2112 spatio
945 2043 1181 2112 quodam
1226 2043 1332 2097 loci
1373 2045 1644 2111 disjuncta
1705 2047 2061 2103 nihilominus
2112 2066 2291 2107 ramos

719 2149 852 2189 suos
899 2135 1034 2187 mari
1069 2136 1399 2196 summittat,
1455 2136 1763 2206 dcindeqne
1818 2155 2034 2211 ru;sum
2086 2152 2290 2197 rectam

722 2226 789 2281 ad
842 2226 1072 2280 formam
1126 2229 1313 2282 redeat
1366 2228 1521 2301 quasi
1597 2232 1768 2298 potita
1817 2229 1998 2285 fructu
2048 2235 2282 2304 coniun-

714 2321 936 2383 Ctionis,
966 2321 1125 2390 cujus
1163 2335 1326 2375 aures
1356 2320 1721 2375 admiratione
1764 2337 1872 2375 non
1920 2324 2139 2393 replet?
2172 2326 2290 2382 Non

720 2412 891 2479 igitur
954 2411 1254 2467 absurdum
1336 2410 1501 2466 etiam
1575 2412 1917 2482 torpedinem
1989 2415 2291 2485 piscatores

715 2504 935 2560 laedere.

786 2593 891 2660 Qui
937 2603 1199 2663 praeterea
1244 2592 1303 2647 fit
1336 2603 1393 2648 ut
1428 2595 1522 2650 alii
1556 2594 1778 2663 quidem
1814 2596 1991 2665 pisres
2019 2596 2074 2651 iu
2116 2598 2290 2655 Ponto

720 2685 917 2756 degere
966 2688 1357 2741 consueverint
1417 2687 1762 2756 aliquandiu,
1815 2689 2047 2758 polypus
2106 2699 2288 2745 autem

719 2779 903 2834 sinum
962 2778 1115 2833 illum
1172 2778 1539 2846 aquilonalem
1585 2778 1861 2848 refugiat?
1905 2779 2062 2846 Quod
2110 2782 2290 2851 pisces

722 2871 973 2925 nonnulli
1000 2870 1415 2940 refrigeratione
1444 2870 1750 2947 indigeant,
1779 2883 2051 2943 quotquot
2077 2875 2289 2930 scilicet

724 2961 992 3029 potabiles
1025 2976 1196 3030 aquas
1227 2969 1443 3030 petunt,
1470 2962 1719 3015 nonnulli
1761 2963 1997 3017 calorem
2030 2974 2289 3034 expetant

714 3062 767 3106 et
799 3052 865 3106 ad
918 3066 1068 3106 mare
1110 3051 1450 3121 confugiant.
1488 3052 1604 3108 lloc
1662 3054 1808 3107 enim
1862 3056 2073 3110 caeteris
2131 3056 2288 3126 aquis

718 3152 802 3197 est
854 3143 1103 3197 calidius.
1140 3143 1327 3211 Itaque
1358 3142 1588 3214 polypus
1615 3144 1747 3197 mari
1776 3144 2003 3200 Pontico
2036 3145 2286 3201 infensus

719 3245 823 3287 est.
857 3233 1068 3302 Quippe
1111 3232 1364 3303 frigidius
1403 3244 1485 3288 est
1543 3249 1690 3289 mare
1740 3235 1885 3290 istud
1940 3237 2284 3307 aquilonare,

715 3326 1058 3394 reliquisque
1089 3327 1260 3379 multo
1290 3326 1533 3390 dulcius,
1566 3328 1645 3380 uti
1670 3327 1817 3396 quod
1849 3345 1876 3381 a
1907 3329 2091 3383 multis
2121 3338 2286 3399 atque

719 3417 931 3485 magnis
958 3418 1213 3469 amnibus
1240 3418 1578 3472 irruentibus
1603 3416 1863 3472 diluatur.
1890 3418 2083 3490 Frigus
2104 3429 2286 3475 autem

710 3524 777 3562 ac
811 3508 1042 3561 dulcedo
1090 3523 1244 3576 aquae
1296 3508 1493 3577 polypo
1546 3517 1676 3562 sunt
1726 3508 1961 3579 ingrata.
2001 3510 2154 3575 Quod
2204 3510 2284 3565 uti

715 3598 1316 3664 probem,argumento
1349 3598 1550 3653 idoneo
1581 3600 1714 3653 satis
1754 3609 1896 3653 utar.
1940 3598 2045 3655 Ubi
2094 3615 2284 3655 saxum

711 3691 935 3757 aliquod
973 3690 1291 3760 complexus
1323 3698 1406 3745 est
1436 3690 1690 3760 polypus,
1721 3691 1800 3746 sic
1843 3691 1919 3745 illi
1949 3691 2193 3746 adhmret
2223 3701 2286 3747 ut

707 3782 871 3836 avelli
923 3789 1183 3849 nequeat.
1233 3780 1444 3836 Idcirco
1495 3782 1798 3849 piscatores
1860 3783 2019 3852 periti
2064 3782 2283 3838 dulcem

709 3888 905 3942 aquam
944 3872 1237 3927 aﬂundunt
1276 3887 1426 3937 saxo,
1458 3886 1572 3941 quo
1611 3872 1755 3926 facto
1784 3873 1929 3943 quod
1956 3874 2283 3943 expetebant

709 3974 1155 4034 consequuntur,
1174 3972 1230 4017 et
1250 3963 1482 4033 polypus
1504 3964 1589 4017 vel
1615 3962 1818 4017 invitus
1843 3974 2095 4019 naturam
2127 3981 2282 4020 suam

716 4053 1001 4121 relinquit.
1037 4052 1182 4105 Idem
1216 4050 1450 4121 polypus
1476 4050 1732 4105 esuriens
1770 4049 1999 4119 capillos
2030 4064 2159 4106 suos
2189 4049 2285 4107 de-

708 4151 885 4208 vorat,
918 4156 1154 4213 quorum
1193 4141 1315 4197 loco
1340 4142 1432 4196 alii
1463 4150 1783 4196 nascuntur.

780 4325 897 4377 Hoc
936 4322 1104 4377 etiam
1147 4319 1289 4376 scire
1327 4319 1526 4379 debes.
1558 4320 1813 4387 loligines
1842 4332 2009 4392 atque
2052 4324 2283 4396 polypos

707 4422 1077 4468 atramentum
1128 4411 1356 4474 habere,
1388 4426 1601 4473 verum,
1641 4420 1700 4463 ut
1732 4410 2056 4469 Aristoteles
2099 4415 2195 4479 ait,
2224 4416 2279 4470 in

2392 1966 2621 2038 ἇρῤενι,
2690 1972 2785 2023 καὶ
2841 1968 2991 2029 ὅπως
3055 1968 3224 2021 πάλιν
3314 1967 3453 2039 πρὸς
3504 1966 3688 2038 ὄρθιον
3737 1966 3963 2036 ἔρχεται

2393 2056 2578 2127 σχῆμα
2630 2058 2730 2128 τῆς
2787 2059 3084 2128 συναφείας
3141 2054 3254 2111 οἷον
3308 2056 3750 2123 ἐναπολαύσασα,
3797 2055 3963 2119 ποίαν

2390 2148 2563 2219 ἀκοὴν
2588 2148 2689 2203 οὐκ
2730 2149 3045 2219 ἐμπίπλησι
3100 2148 3421 2217 θαύματοςς
3487 2149 3725 2202 Ἀτοπον
3772 2148 3956 2200 τοίνυν

2394 2238 2547 2291 οὐδὲν
2578 2241 2672 2293 καὶ
2696 2237 2758 2292 τὸ
2782 2237 2883 2311 τὴν
2901 2238 3112 2309 νάρκην
3147 2240 3321 2294 ποιεῖν
3364 2240 3480 2302 τοῖς
3507 2237 3802 2310 θηρεύουσι
3851 2238 3964 2292 πά-

2391 2327 2503 2392 θος.

2464 2586 2574 2642 Καὶ
2612 2586 2702 2642 διὰ
2734 2589 2790 2643 τί
2836 2589 2888 2643 oi
2923 2589 3023 2661 μέν
3061 2587 3212 2645 ἄλλοι
3245 2584 3429 2660 ἰχθύες
3466 2586 3597 2658 περὶ
3624 2586 3717 2642 τδν
3755 2587 3963 2641 Πόντον

2391 2678 2741 2748 ἐνδημοῦσιν,
2774 2682 2802 2736 6
2829 2681 2886 2734 δὲ
2919 2680 3195 2745 πολύπους
3228 2681 3320 2735 τὸν
3351 2681 3563 2753 βόρειον
3614 2679 3962 2747 ἀποστρέφε-

2391 2784 2482 2820 ται
2512 2768 2711 2822 κόλπον
2737 2787 2753 2835 ;
2784 2767 2930 2822 Διότι
2982 2768 3051 2823 τὰ
3093 2768 3193 2838 μὲν
3241 2768 3351 2823 τῶν
3383 2768 3582 2838 ίχθύων
3608 2767 3826 2837 ψύξεως
3853 2768 3963 2822 δεῖ·

2390 2874 2502 2919 ται,
2536 2858 2637 2910 ὅσα
2667 2874 2771 2910 που
2799 2857 2894 2911 καὶ
2935 2857 3007 2911 τά
3065 2858 3274 2928 πότιμα
3318 2858 3671 2913 ἐπιδιώκουσι
3715 2859 3960 2929 νάματα,

2390 2949 2460 3003 τά
2487 2949 2543 3002 δὲ
2576 2949 2914 3021 θερμότητος
2946 2951 3048 3021 ἐρᾷ
3078 2952 3174 3005 καὶ
3223 2950 3363 3021 πρὸς
3391 2952 3493 3022 τὴν
3526 2951 3803 3006 θάλασσαν
3826 2953 3960 3007 ἀναι

2391 3041 2682 3110 στρέφεται
2711 3058 2728 3075 ο
2759 3041 3069 3115 θερμοτέρα
3094 3044 3202 3113 γὰρ
3228 3043 3369 3114 αὕτη
3398 3042 3506 3098 τῶν
3537 3043 3716 3098 ἄλλων
3745 3043 3958 3097 ὑδάτων

2390 3133 2752 3198 καθέστηκεν.
2790 3132 2850 3186 ’0
2881 3133 3012 3201 γοῦν
3035 3134 3314 3197 πολύπους
3341 3136 3407 3205 τῇ
3441 3135 3677 3204 Ποντικῇ
3709 3133 3958 3206 θαλάσσῃ

2312 3200 2354 3257 (ἶ
2388 3223 2758 3293 ἀπεχθάνεται
2783 3240 2798 3255 ⁸
2821 3223 3159 3297 ψυχρότερον
3212 3227 3321 3297 γάρ
3355 3200 3418 3279 1:6
3485 3200 3694 3295 βόρειον
3739 3200 3955 3293 πέφυκε

2388 3316 2653 3385 πέλαγος.
2696 3317 2862 3375 Ἀλλά
2889 3322 2985 3375 καὶ
3009 3319 3111 3389 τῆς
3142 3319 3337 3389 λοιπῆς
3361 3317 3638 3389 θαλάσσης
3691 3317 3959 3385 γλυκύτε-

2392 3423 2483 3479 ρον
2508 3421 2527 3443 ⁶
2558 3408 2664 3462 ὑπὸ
2689 3410 2904 3463 πολλῶν
2927 3410 3036 3480 γὰρ
3071 3410 3166 3463 καὶ
3200 3410 3454 3480 μεγάλων
3483 3408 3742 3479 ποταμῶν
3796 3410 3961 3478 ἐπιρ-

2388 3500 2583 3568 ῥεϊται.
2626 3500 2876 3555 Ἐναντία
2895 3501 2955 3555 δέ
2984 3500 3059 3571 τῷ
3081 3499 3344 3555 πολύποδι
3390 3500 3455 3554 τό
3481 3516 3542 3552 τε
3596 3500 3803 3569 ψυχρὸν
3861 3503 3963 3552 καῖ

2385 3590 2447 3644 τὸ
2478 3590 2676 3658 γλυκύ.
2716 3590 2922 3647 Ἱκανὸν
2950 3592 3007 3645 δέ
3058 3592 3170 3661 ἐρῶ
3231 3609 3315 3645 σοι
3361 3593 3413 3646 τί
3458 3592 3595 3663 πρὸς
3646 3592 3954 3656 ἀπόδειξιν.

2385 3682 2570 3754 Πέτρᾳ
2601 3684 2948 3754 συμπλακεὶς
2978 3686 3007 3738 6
3030 3684 3313 3748 πολύπους
3337 3684 3807 3745 δυσαποσπάστως
3836 3684 3955 3754 ἐχε-

2382 3788 2509 3828 ται’
2540 3775 2622 3829 διδ
2652 3776 2825 3843 γλυκὺ
2860 3776 3005 3847 ὕδωρ
3051 3777 3333 3846 ἐπιχέουσι
3384 3780 3450 3847 τῇ
3508 3779 3685 3848 πέτρᾳ
3731 3778 3781 3829 ot
3815 3776 3957 3846 πρὸς

2384 3867 2563 3937 ἄγραν
2590 3868 2779 3931 δεινοὶ,
2815 3868 2908 3922 καὶ
2934 3868 2985 3922 οί
3017 3867 3117 3938 μὲν
3140 3868 3324 3937 ἔχουσι
3363 3866 3426 3920 τὸ
3478 3865 3817 3937 ζητούμενον
3852 3868 3956 3936 θή-

2385 3974 2565 4029 ραμα,
2602 3960 2631 4012 6
2659 3960 2716 4013 δέ
2741 3961 2842 4030 τῆς
2889 3958 3085 4014 ἐαυτοῦ
3134 3959 3230 4013 καὶ
3283 3959 3433 4013 ἄκων
3463 3958 3809 4024 ἐξανίσταται
3833 3962 3955 4028 φύ-

2384 4067 2543 4113 σεως.
2588 4050 2647 4103 Ὀ
2672 4050 2949 4114 πολύπους
2976 4046 3133 4114 οὗτος
3162 4050 3382 4120 λέγεται
3419 4050 3519 4121 μὲν
3565 4050 3729 4119 ἡνίκα
3762 4054 3957 4106 πεινά-

2384 4158 2490 4207 σει,
2554 4142 2838 4213 πλόκαμον
2895 4141 3094 4197 ἐαυτοῦ
3170 4142 3398 4210 ἐσθίειν,
3454 4142 3643 4214 ἕτερον
3693 4142 3751 4197 δὲ
3817 4146 3954 4198 ἀνα-

2382 4248 2561 4301 φυειν.

2454 4325 2692 4378 Γίνωσκε
2721 4326 2779 4380 δὲ
2802 4325 3102 4391 καὶτοῦτο,
3125 4327 3207 4381 ὅτι
3250 4324 3493 4387 τευθίδες
3562 4323 3662 4395 μέν
3698 4324 3795 4377 καὶ
3851 4340 3954 4378 πο-

2383 4417 2607 4481 λύποδες
2639 4418 3101 4489 έχουσιθόλωσιν,
3154 4417 3293 4472 ἀλλὰ
3344 4417 3468 4471 καθ’
3496 4417 3533 4471 ά
3578 4432 3744 4485 φησιν
3801 4416 3954 4487 ’Δρι-

714 4519 870 4562 naso.
906 4518 1029 4557 cum
1064 4501 1131 4555 ad
1164 4511 1413 4555 ventrem
1441 4501 1593 4569 sepia
1630 4501 1889 4570 majorem
1921 4504 2041 4572 ejus
2069 4507 2279 4575 copiam
2316 4525 2358 4580 ι)

2316 4525 2358 4580 ι)
2389 4510 2645 4579 στοτέλης
2676 4510 2768 4563 ἐπὶ
2815 4514 2881 4579 τῇ
2922 4509 3128 4580 μύτιδι,
3158 4508 3334 4580 σηπία
3372 4508 3430 4562 δὲ
3483 4506 3626 4559 κατὰ
3683 4508 3783 4574 τὴν
3840 4524 3953 4559 κοι-

708 4595 927 4649 habeat.
961 4593 1069 4647 Nec
1092 4592 1238 4646 enim
1266 4591 1569 4660 quidquam
1604 4591 1725 4658 opis
1748 4592 1977 4646 alterius
2009 4592 2192 4655 habet.
2222 4605 2284 4647 ut

709 4686 938 4756 polypus
971 4683 1329 4737 mutationem
1357 4682 1580 4736 coloris.
1606 4681 1738 4735 Nam
1768 4682 1812 4736 is
1840 4697 1944 4735 una
1971 4697 2096 4737 cum
2127 4698 2279 4746 saxo,

706 4777 773 4828 ad
806 4774 953 4844 quod
982 4773 1209 4841 capillos
1258 4772 1516 4841 applicat,
1573 4771 1811 4826 colorem
1856 4788 2076 4841 quoque
2108 4782 2282 4826 mutat

704 4884 902 4929 suum,
937 4870 1167 4935 exerpto
1205 4866 1387 4919 colore
1435 4864 1579 4919 albo.
1636 4865 1777 4918 Sunt
1830 4864 1977 4919 enim
2017 4862 2133 4920 haec
2162 4866 2282 4919 ani-

705 4959 870 5012 malia
920 4957 1203 5023 sanguinis
1242 4956 1510 5024 expertia,
1554 4970 1658 5026 qua
1693 4956 1761 5009 de
1815 4972 1982 5011 causa
2031 4956 2280 5027 sequitur

702 5068 826 5105 «Sac
862 5052 1058 5119 trigida
1092 5050 1515 5117 formidinisque
1547 5049 1730 5117 plena.
1762 5050 1895 5103 Nam
1927 5050 2007 5103 uti
2037 5051 2279 5105 nonnul-

703 5145 771 5197 iis
828 5152 977 5197 metu
1033 5142 1303 5211 perculsis
1336 5142 1492 5193 alvus
1528 5139 1736 5193 turbari
1783 5140 1946 5205 solet,
1999 5142 2279 5197 nonnullis

702 5235 900 5289 vesicae
945 5243 1360 5287 excrementum
1393 5230 1588 5296 eilluit,
1637 5233 1716 5285 sic
1751 5242 1808 5285 et
1838 5233 1921 5285 bis
1942 5233 2150 5286 'accidit
2178 5249 2276 5286 ne-

699 5328 942 5382 cessario
975 5336 1199 5395 prapter
1231 5336 1438 5377 metum
1487 5333 1547 5377 ut
1576 5334 1947 5379 atramentum
1996 5326 2270 5382 emittant.

2386 4599 2527 4665 λίαν,
2587 4599 2725 4653 ἀλλὰ
2779 4602 2877 4653 καὶ
2940 4599 3184 4652 πλείονα.
3252 4597 3390 4652 Οὑδέ
3437 4596 3547 4666 γὰρ
3605 4595 3774 4665 ἀλλην
3826 4597 3953 4649 τι.νά

2385 4687 2635 4758 βοήθειαν
2662 4687 2800 4757 ἔχει,
2852 4686 3105 4756 καθάπερ
3127 4688 3154 4739 6
3177 4685 3449 4758 πολύπους
3472 4686 3572 4754 τὴν
3598 4684 3691 4736 τοῦ
3713 4683 3950 4754 χρώμα-

2382 4756 2477 4840 τος
2502 4756 2805 4847 μεταϐολήν
2830 4794 2845 4809 ·
2881 4778 3018 4847 πρὸς
3050 4776 3161 4847 γὰρ
3184 4776 3284 4847 τὴν
3312 4756 3519 4845 πέτραν
3632 4789 3809 4843 προσα
3821 4773 3950 4841 pd:-

2383 4886 2465 4922 σει
2500 4872 2625 4926 τοὺς
2656 4869 2859 4923 ἑαυτοῦ
2896 4869 3211 4937 πλοκάμους
3232 4868 3452 4937 ἀμείϐει
3482 4868 3575 4920 καὶ
3604 4867 3703 4936 τὴν
3730 4868 3949 4935 χροιὰν,

2381 4960 2509 5014 ἄνευ
2572 4961 2755 5029 μέντοι
2802 4960 2896 5014 τοῦ
2927 4959 3124 5013 λευκοῦ
3180 4964 3497 5029 χρώματος.
3554 4958 3790 5027 Ἀναιμα
3838 4963 3949 5025 γὰρ

2383 5052 2573 5117 ταῦτα,
2602 5051 2699 5104 καὶ
2727 5051 2815 5105 διὰ
2847 5050 3001 5103 τοῦτο
3058 5050 3452 5118 κατεψυγμένα
3511 5049 3604 5101 καὶ
3646 5050 3947 5117 φοϐητικά.

2380 5142 2597 5213 Ὠσπερ
2622 5142 2782 5205 ἐνίοις
2810 5141 3127 5213 φοϐηθεῖσιν
3157 5144 3191 5210 ἠ
3215 5140 3394 5194 κοιλία
3443 5142 3795 5209 ταράττεται,
3829 5140 3949 5192 ἐτέ-

2382 5252 2495 5305 ροις
2529 5236 2587 5288 δὲ
2615 5237 2948 5308 περίττωσις
2976 5236 3006 5305 ή
3037 5236 3146 5289 ἀπὸ
3174 5234 3277 5303 τῆς
3345 5233 3588 5294 κύστεως
3641 5233 3747 5300 ρετ,
3797 5230 3949 5283 οὓτω

2378 5328 2473 5379 καὶ
2527 5327 2735 5390 τούτοις
2799 5326 3085 5396 συμϐαίνει
3151 5323 3212 5389 ἐξ
3288 5324 3535 5390 ἀνάγκης
3585 5322 3801 5390 ἀφιέναι
3852 5324 3948 5373 τὸν

698 5420 815 5482 Qua
864 5418 1087 5486 quidem
1135 5417 1189 5469 in
1225 5430 1278 5467 ie
1313 5428 1505 5469 natura
1533 5426 1885 5471 excremento
1929 5418 2174 5473 simulet
2205 5419 2273 5473 ad

2380 5415 2532 5469 θόλον
2563 5414 2649 5466 διὰ
2679 5412 2900 5475 δειλίας.
2965 5411 3025 5464 Ἢ
3057 5413 3114 5465 δὲ
3162 5411 3324 5479 φύσις
3375 5412 3494 5479 ἃμα
3538 5408 3617 5478 τῷ
3670 5410 3946 5478 περιττώ-

695 5511 925 5562 salutem
960 5508 1209 5561 animalis
1252 5520 1303 5561 et
1339 5506 1405 5560 ad
1440 5523 1597 5575 opem
1651 5511 1845 5563 utitur.
1897 5511 2038 5563 Sunt
2089 5518 2273 5563 autem

2380 5524 2509 5575 ματι
2570 5504 3069 5576 παρακαταχρῆται
3132 5504 3226 5556 καὶ
3301 5502 3437 5572 πρὸς
3510 5499 3785 5570 σωτηρίαν
3847 5504 3945 5553 καὶ

701 5603 889 5653 omnia
940 5601 1223 5669 sanguinis
1253 5601 1495 5669 t'Xpt'llia
1546 5616 1803 5670 perquam
1850 5605 2046 5672 exiguo
2096 5606 2272 5656 nutri—

2377 5598 2636 5666 βοήθειαν
2663 5596 2832 5666 αὐτῷ.
2864 5598 3048 5649 Πάντα
3080 5594 3136 5647 δέ
3165 5595 3233 5646 τὰ
3275 5594 3481 5662 ἄναιμα
3505 5591 3614 5644 τῶν
3648 5591 3801 5657 ζώων
3823 5591 3939 5643 ὀλι-

698 5704 883 5743 Iuv:th
930 5702 1207 5750 contenta.
1262 5708 1369 5745 non
1405 5702 1511 5743 tam
1553 5694 1678 5761 quia
1729 5707 1892 5761 parra
1931 5700 2057 5745 sunt
2105 5707 2268 5760 quam

2376 5690 2620 5757 γέτροοςά
2676 5690 2837 5750 εἰσιν,
2880 5689 2977 5756 οὐχ
3031 5686 3171 5739 οὕτω
3221 5685 3309 5737 διὰ
3370 5685 3671 5753 μικρότητα
3719 5682 3795 5744 ὼς
3852 5684 3943 5735 διὰ

694 5787 818 5849 quia
853 5784 1066 5850 ttiglda.
1111 5782 1245 5834 Nam
1286 5781 1434 5838 calor
1461 5794 1507 5833 ι·ῑ
1545 5784 1833 5839 concoquit
1892 5783 2046 5838 facile
2095 5785 2268 5835 nutri-

2377 5780 2731 5847 ἐξηπάτηται·
2793 5780 2850 5830 τὸ
2910 5782 3017 5849 γὰρ
3087 5778 3291 5846 θερμὸν
3351 5774 3693 5827 ναταπέπτει
3741 5774 3940 5842 ῥᾳδίως
