4214 6442
211 379 278 437 93
1464 375 1662 433 ANNA
1678 374 1777 431 1..ῐῖ

1811 374 1859 429 Ei
1903 374 2090 431 PARS
2135 376 2176 430 Ι.
3364 382 3433 439 9i-

211 488 312 556 τὴν
349 488 551 555 τροφὴν
582 490 675 541 καὶ
714 488 887 541 δεῖται
921 488 1018 542 καὶ
1067 490 1273 559 τροφῆς
1334 490 1565 557 ταχέως.
1610 489 1670 539 τὸ
1715 486 1774 538 δὲ

1809 487 1846 541 Α
1880 497 2123 539 mentum
2158 499 2211 541 et
2247 489 2355 542 cito
2387 491 2613 545 alterius
2645 501 2787 561 eget,
2836 508 2957 545 cum
3012 491 3280 560 lrigiditas
3325 491 3435 559 38

210 580 418 649 ψυχρὸν
455 579 710 646 ἄτροφον.
746 581 961 633 Μᾶλλον
987 579 1043 632 δὲ
1072 581 1132 633 τὸ
1163 580 1272 632 τῶν
1323 578 1586 646 τεττίγων
1616 579 1772 645 γένος

210 671 447 738 ἄτροφόν
484 674 620 735 ἐστι,
651 670 788 723 διότι
825 672 919 722 καὶ
950 671 1061 723 τῶν
1093 670 1269 724 ἄλλων
1294 668 1451 733 ζώων
1501 670 1773 738 ψυχρότε-

214 777 310 828 ρον
336 776 349 790 ·
384 762 479 815 ἐπὶ
503 762 613 831 γάρ
642 762 817 831 τούτῳ
848 762 944 815 καὶ
972 761 1163 832 Θέρους
1215 760 1335 833 ὥρᾳ
1400 760 1774 829 ζωογονούμε-

211 867 304 903 νον
330 851 517 921 ὥσπερ
577 854 678 922 τῆς
699 852 841 921 ᾠδῆς
888 854 1218 922 ἁπάρχεται.
1267 852 1450 920 ’ἱκανὴ
1503 851 1561 906 δὲ
1599 852 1775 921 τροφὴ

210 940 293 1009 τῷ
324 942 531 1009 τέττιγι
590 945 623 1012 ἡ
662 943 726 994 ὲκ
769 941 863 995 τοῦ
920 941 1174 1010 σώματος
1208 942 1554 1009 ὑπομένουσα
1610 932 1774 1010 ὑγρό-

207 1046 335 1099 της,
394 1033 564 1100 ῆνεὲκ
613 1034 712 1101 τῆς
767 1034 1030 1097 γενέσεως
1071 1032 1205 1100 ἔχει,
1262 1031 1404 1085 καθὰ
1441 1033 1505 1104 δὴ
1561 1034 1659 1086 καὶ
1709 1033 1775 1087 τὰ

210 1122 471 1190 ἐφήμερα
504 1123 619 1187 ζῶα
644 1124 712 1177 τὰ
761 1125 887 1194 περὶ
915 1125 1008 1179 τὸν
1068 1125 1267 1177 Πόντον
1297 1124 1555 1193 γινόμενα
1585 1138 1604 1154 ⁶
1636 1125 1775 1195 πλὴν

210 1213 399 1266 ἐκεῖνα
446 1214 547 1284 μὲν
604 1215 814 1283 ἡμέρας
901 1218 1032 1286 μιᾶς
1090 1216 1284 1287 χρόνον
1349 1215 1438 1285 ζῇ.
1514 1217 1609 1270 καὶ
1686 1216 1776 1270 διὰ

209 1304 370 1357 τοῦτο
399 1306 493 1357 καὶ
539 1308 791 1377 ἐφήμερα
844 1307 1112 1376 λέγονται,
1160 1308 1331 1361 ταῦτα
1397 1307 1452 1359 δὲ
1497 1307 1633 1370 ζῶσι
1681 1306 1776 1361 καὶ

214 1392 405 1447 πλέον.

290 1487 739 1555 Μαλακὸστρακα
758 1488 1010 1555 λέγονται
1030 1488 1299 1561 καρκίνοι,
1330 1489 1584 1559 κάραϐοι,
1610 1489 1778 1544 ἀστα-

210 1578 301 1630 κοὶ
337 1577 431 1629 καὶ
461 1575 701 1643 καρίδες.
730 1575 922 1631 Ταῦτα
953 1576 1007 1628 δὲ
1041 1577 1168 1628 ἄνευ
1196 1576 1303 1627 τῶν
1338 1576 1574 1644 καρίδων
1600 1578 1774 1644 χηλὰς

210 1670 450 1739 ἔχουσιν,
475 1668 535 1720 οὐ
565 1667 726 1736 χάριν
754 1666 853 1719 τοῦ
914 1670 1261 1736 περιπατεῖν.
1311 1668 1404 1719 τοῦ
1464 1669 1777 1739 συλλαμϐά-

210 1775 328 1810 νειν
349 1759 404 1811 δέ
452 1776 526 1811 τι.
562 1757 725 1810 Ὀοεν
759 1758 854 1809 καὶ
903 1758 1148 1825 μείζονες
1212 1758 1266 1810 αἱ
1302 1757 1493 1823 δεξιαί·
1526 1762 1637 1822 τοῖς
1668 1761 1774 1829 γάρ

212 1850 408 1913 δεξιοῖς
449 1849 659 1915 πέφυκε
689 1847 757 1900 τὰ
792 1847 907 1911 ζῶα
931 1849 1064 1917 δρᾷν
1107 1848 1333 1917 μᾶλλον.
1398 1849 1532 1919 Περὶ⁸
1568 1849 1774 1901 τούτων

210 1945 240 1995 ὁ
302 1943 588 2011 προφήτης
640 1940 829 2004 Δαυῒδ,
880 1958 899 1990 ι
937 1940 1005 1992 τά
1070 1939 1508 2009 διαπορευόμενα
1554 1940 1775 2009 τρίϐους

212 2033 520 2089 θαλασσῶν.
550 2053 567 2084 ι
602 2032 801 2102 Σηπίαι
833 2031 911 2098 δὲ,
941 2032 1186 2095 τευθίδες
1216 2032 1311 2085 καὶ
1344 2032 1643 2097 πολύποδες
1672 2033 1776 2085 ἀνὰ

212 2128 378 2191 πόδας
431 2123 577 2178 ὀκτὼ
616 2125 854 2194 ἔχουσιν,
918 2122 1171 2194 μείζονας
1220 2123 1278 2177 δὲ
1316 2125 1477 2194 μόνος
1532 2126 1559 2177 ὁ
1612 2124 1775 2177 πολύ-

210 2236 368 2282 πους.

283 2309 559 2379 Διαφορὰν
590 2310 639 2361 οἱ
674 2307 858 2379 ἰχθύες
907 2307 1002 2360 καὶ
1056 2307 1183 2377 περὶ
1212 2306 1274 2359 τὸ
1317 2306 1490 2375 στόμα
1547 2304 1733 2377 ἔχουσι
1756 2324 1773 2340 ο

209 2403 279 2458 τὰ
309 2403 409 2472 μὲν
440 2402 547 2469 γὰρ
576 2399 912 2468 καταντικρὺ
946 2398 1063 2467 ἔχει
1098 2398 1158 2451 τὸ
1204 2397 1382 2464 στόμα
1446 2401 1541 2451 καὶ
1596 2401 1674 2463 είς
1717 2401 1777 2454 τὸ

211 2493 544 2563 ἔμπροσθεν,
576 2492 644 2543 τὰ
676 2489 720 2543 δ’
773 2492 829 2542 ἑν
871 2490 1106 2552 ὑπτίοις,
1160 2484 1271 2541 οἷον
1301 2490 1351 2541 οί
1401 2489 1647 2555 δελφῖνες
1681 2493 1778 2546 καὶ

212 2589 280 2640 τὰ
312 2588 537 2654 αεὶάχη,
567 2583 649 2638 διδ
685 2583 777 2636 καὶ
810 2582 978 2634 ὕπτια
1011 2580 1351 2649 στρεφόμενοι
1394 2580 1777 2652 λαμϐάνειτὴν

211 2679 438 2747 τροφήν.
478 2676 701 2743 Ὄρχεις
760 2673 815 2725 δὲ
856 2674 1031 2734 οὐδεὶς
1068 2672 1182 2741 ἔχει
1227 2672 1400 2741 ἰχθὺς,
1452 2671 1576 2725 οὔτε
1626 2673 1775 2735 ὲντδς

212 2768 338 2821 οὕτε
365 2767 541 2828 ἐκτὸς.
572 2764 696 2817 οὔτε
729 2763 857 2817 ἄλλο
896 2765 1050 2816 οὐδὲν
1082 2764 1190 2816 τῶν
1258 2766 1497 2830 ἀπόδων,
1541 2765 1622 2818 διὸ
1654 2765 1774 2819 οὐδὲ

214 2863 263 2915 οἱ
295 2860 470 2927 ὅςρεις.
503 2859 564 2912 υἱ
589 2858 644 2911 δὲ
670 2857 914 2924 δελφῖνες
963 2859 1060 2911 καὶ
1087 2857 1142 2909 αἱ
1179 2855 1435 2922 φάλαιναι
1477 2859 1569 2908 καὶ
1600 2859 1777 2909 πάντα

212 2957 282 3009 τὰ
327 2953 543 3023 κητώδη
600 2950 834 3021 βράγχια
898 2949 997 3020 μὲν
1052 2950 1151 3002 οὐκ
1209 2949 1442 3018 ἔχουσιν,
1498 2951 1660 3002 αὐλὸν
1720 2951 1778 3004 δὲ

148 3039 155 3044 ’
212 3046 305 3099 διὰ
331 3045 392 3097 τὸ
418 3044 562 3112 ἔχειν
592 3042 893 3110 πνεύμονα.
939 3039 1020 3091 Τὰ
1056 3041 1155 3107 μὲν
1209 3040 1317 3109 γὰρ
1370 3039 1612 3108 βράγχια
1644 3042 1777 3110 χρή-

216 3154 355 3207 σιμα
402 3135 492 3186 ἐπὶ
561 3136 675 3196 τοῖς
738 3132 829 3201 μὴ.
866 3131 1252 3194 ἁναπνὲουσιν,
1309 3130 1569 3182 ἀδύνατον
1614 3130 1673 3182 δὲ
1717 3132 1778 3183 τὸ

214 3230 357 3282 αὐτὰ
385 3225 530 3295 ἔχειν
574 3226 667 3277 καὶ
696 3224 975 3277 ἀναπνεῖν.
1033 3222 1189 3274 Ἐστι
1248 3220 1307 3273 δὲ
1362 3220 1534 3273 ταῦτα
1581 3221 1784 3290 τρόπον

238 3322 362 3373 τινὰ
396 3318 537 3381 πεζὰ
561 3319 655 3370 καὶ
685 3315 903 3385 ἔνυδρα,
942 3311 1039 3367 καὶ
1069 3310 1212 3375 πεζὰ
1248 3311 1348 3382 μὲν
1375 3310 1448 3374 ὡς
1479 3312 1616 3381 ἀέρα
1640 3312 1789 3380 δεχό..

220 3429 384 3483 μενα,
428 3410 626 3477 ἔνυδρα
650 3407 708 3460 δὲ
738 3407 811 3469 ὡς
841 3406 1015 3459 ἄποδα
1052 3405 1149 3457 καὶ
1179 3403 1277 3473 τὴν
1328 3403 1535 3473 τροφὴν
1571 3405 1634 3454 ἐκ
1693 3403 1788 3455 τοῦ

216 3500 389 3569 ὑγροῦ
424 3497 716 3566 δεχόμενα.
750 3492 832 3546 Τὰ
865 3493 1052 3562 μέντοι
1083 3491 1352 3561 μαλάκια,
1384 3486 1494 3541 οἷον
1523 3490 1788 3557 τευθίδες,

215 3590 418 3660 σηπίαι
445 3587 539 3639 καὶ
564 3587 664 3638 ὅσα
712 3582 958 3645 τοιαῦτα,
982 3583 1077 3634 ὅλα
1110 3581 1365 3649 σαρκώδη
1398 3580 1491 3630 καὶ
1529 3578 1781 3648 μαλακά·

212 3680 339 3735 οὑδὲ
367 3679 477 3750 γὰρ
508 3676 742 3737 ὀστῶδες
788 3674 937 3745 ἔχειν
980 3675 1172 3742 ἔτυχεν
1224 3671 1350 3724 οὐδὲ
1390 3670 1592 3739 γεηρὸν
1643 3672 1781 3723 ἁπο-

216 3770 628 3843 κεκρυμμένον.
674 3767 819 3839 Πρὸς
872 3767 927 3819 δὲ
961 3768 1022 3820 τδ
1077 3766 1153 3835 μὴ
1189 3763 1496 3832 εὔφθαρτον
1547 3760 1681 3815 εἶναι
1727 3764 1789 3815 τὸ

217 3866 386 3933 σῶμα
438 3861 640 3924 αὐτῶν,
674 3860 814 3913 καθά
861 3859 926 3929 δὴ
961 3857 1056 3910 καὶ
1115 3858 1185 3910 τὰ
1242 3855 1525 3926 σαρκώδη,
1579 3855 1784 3922 μεταξὺ

219 3953 429 4023 σαρκὸς
461 3952 558 4003 καὶ⁵
584 3949 779 4020 νεύρου
825 3949 922 4018 τὴν
958 3947 1120 4016 φύσιν
1182 3946 1339 4016 ἔχει’
1396 3946 1642 4014 μαλακὸν
1684 3945 1787 4014 μὲν

216 4049 329 4116 γάρ
377 4047 527 4099 ἐστιν
592 4042 781 4114 ὥσπερ
873 4039 1028 4110 σὰρξ,
1102 4038 1215 4112 ἔχει
1274 4036 1331 4091 δὲ
1387 4037 1545 4092 τάσιν
1596 4036 1787 4107 ὥσπερ

216 4155 309 4191 νιυ
317 4152 432 4207 ρον.

1879 592 2072 645 parum
2119 581 2363 634 alimenti
2417 584 2683 651 requirat.
2742 584 2952 637 ldcirco
3001 583 3200 635 cicada:
3242 599 3432 650 parum

1874 677 2063 737 pastus
2096 679 2382 739 expetunt,
2435 674 2512 726 uti
2543 690 2665 743 qua:
2699 675 2913 729 ca:teris
2959 673 3292 728 animalibus
3337 688 3434 725 na.

1877 762 1995 808 tura
2031 756 2143 811 sint
2175 756 2490 827 lrigidiores
2517 778 2530 823 ;
2570 775 2743 829 eaque
2771 761 2837 814 de
2869 775 3033 814 causa
3081 760 3270 812 testivo
3297 767 3433 811 tem-

1877 858 2007 913 pore
2051 847 2206 914 quasi
2239 847 2521 902 viviﬁcata:
2562 860 2779 903 cantum
2833 864 2991 904 suum
3034 849 3328 918 occipiunt.
3368 849 3435 902 Et

1875 940 2010 993 satis
2035 938 2116 993 eis
2149 939 2395 995 alimenti
2419 943 2665 1010 suppetit
2696 942 2811 1011 ipsa
2841 942 3090 1011 corporis
3114 941 3432 1001 humiditas,

1876 1046 2037 1099 quam
2079 1044 2109 1083 a
2148 1043 2344 1086 natura
2396 1034 2627 1097 habent;
2668 1036 2809 1088 sicut
2842 1043 2897 1087 et
2935 1033 3276 1086 auimalcolis
3322 1033 3428 1084 illis

1877 1122 2191 1190 ephemeris
2240 1122 2464 1187 accidit,
2495 1140 2618 1193 quae
2654 1126 2705 1177 in
2748 1125 2920 1178 Ponto
2965 1132 3285 1187 nascuntur,
3319 1140 3428 1175 uno

1877 1220 2125 1278 excepto,
2178 1210 2325 1279 quod
2379 1210 2496 1265 haec
2554 1213 2718 1265 unius
2765 1212 2873 1265 diei
2935 1220 3149 1279 tempus
3206 1212 3436 1263 v'netnln

1875 1301 2131 1368 expleant
2164 1300 2394 1369 ideoque
2432 1316 2631 1355 nomen
2670 1301 2814 1356 istud
2852 1313 3145 1355 consecuta
3177 1302 3309 1366 sint,
3337 1303 3438 1355 illm

1876 1392 2205 1446 diuturniori
2233 1393 2341 1447 vita
2378 1393 2649 1448 fruantur.

1948 1483 2109 1538 Testa
2161 1484 2310 1538 molli
2370 1486 2579 1539 munita
2629 1486 2910 1549 dicuntur,
2964 1487 3186 1549 cancri,
3219 1485 3437 1545 carabi,

1876 1576 2045 1627 astaci
2092 1575 2205 1629 sive
2240 1576 2521 1645 gatumari,
2555 1579 2765 1631 carides
2793 1580 2908 1631 sive
2936 1580 3168 1647 squil!:e.
3212 1578 3438 1638 Eadem,

1878 1665 1923 1717 si
1989 1665 2241 1732 squillam
2298 1666 2559 1734 excipias,
2609 1669 2777 1721 chelis
2827 1669 3048 1736 praedita
3101 1678 3269 1733 sunt,
3331 1683 3438 1721 non

1878 1751 2265 1807 ambulationis
2299 1767 2485 1818 causa,
2554 1755 2648 1808 sed
2708 1757 3112 1824 prehensionis.
3167 1756 3286 1822 Qua
3372 1756 3439 1809 de

1881 1864 2043 1901 causa
2078 1848 2263 1903 chelas
2296 1849 2514 1904 dextras
2546 1851 2781 1919 majores
2816 1851 3049 1913 habent;
3078 1867 3201 1904 nam
3232 1851 3440 1904 dextris

1880 1939 2129 2005 partibus
2167 1940 2242 1992 uti
2277 1940 2531 1993 animalia
2566 1942 2735 2007 magis
2780 1950 3205 1993 consueverunt.
3248 1942 3319 1993 lle
3356 1940 3441 1993 h‘s

1882 2040 2035 2085 vates
2084 2030 2176 2085 ille
2237 2031 2471 2084 Davides
2520 2032 2633 2084 ait:
2685 2049 2704 2082 ι
2772 2031 3008 2086 Semitas
3039 2033 3265 2085 marium
3321 2048 3441 2100 per-

1883 2134 2070 2179 meant
2098 2125 2163 2179 ".
2208 2143 2225 2174 ι
2265 2124 2460 2195 Sepiae,
2511 2125 2782 2196 loligines,
2816 2126 2997 2195 polypi
3032 2126 3198 2194 pedes
3241 2126 3439 2193 singuli

1881 2227 2110 2273 octonos
2138 2218 2362 2282 habent,
2395 2230 2450 2273 et
2478 2220 2741 2273 maximos
2774 2219 2964 2272 horum
2996 2218 3246 2289 polypus.

1954 2310 2130 2363 Etiam
2165 2324 2261 2363 ora
2302 2309 2520 2364 diversa
2560 2310 2740 2378 pisces
2782 2309 3006 2364 habent.
3040 2309 3173 2363 Nam
3209 2309 3331 2362 aliis
3382 2323 3445 2361 os

1882 2401 2177 2455 adversum
2225 2410 2309 2456 est
2355 2411 2411 2456 et
2448 2402 2711 2456 anteriori
2765 2418 2795 2455 a
2830 2410 3007 2471 parte,
3046 2416 3170 2454 cum
3205 2400 3327 2453 aliis
3374 2400 3445 2452 sit

1882 2494 2165 2562 supinum,
2199 2494 2354 2564 cuius
2396 2494 2615 2563 generis
2642 2492 2893 2562 delphini
2926 2500 3055 2546 sunt
3085 2503 3141 2546 et
3170 2488 3446 2560 cartilagi-

1884 2598 2044 2640 nauc.
2080 2588 2368 2655 Propterea
2409 2587 2590 2657 supini
2620 2588 3017 2641 nutrimentum
3051 2585 3293 2656 capiunt.
3344 2584 3446 2637 Te-

1885 2691 1998 2733 ates
2024 2678 2257 2748 piscium
2288 2678 2474 2732 nullus
2503 2678 2690 2737 habet.
2721 2694 2822 2732 nec
2865 2677 3013 2732 intus
3052 2692 3153 2731 nec
3195 2676 3348 2736 loris,
3385 2686 3445 2728 ut

1883 2771 2090 2824 eisdem
2122 2768 2380 2823 animalia
2406 2778 2603 2823 caetera
2632 2783 2851 2837 quoque
2883 2775 3447 2836 carent,qua3eunqne

1884 2877 1913 2915 a
1972 2861 2208 2931 pedibus
2254 2860 2653 2924 destituuntur,
2708 2868 2764 2913 et
2803 2858 2949 2912 inter
2990 2858 3094 2912 alia
3139 2866 3443 2927 serpentes.

1884 2952 2164 3021 Delphiui,
2218 2951 2459 3016 halama,
2489 2960 2544 3005 et
2583 2950 2767 3004 omnia
2802 2965 2925 3017 qua:
2957 2948 3164 3002 cetacei
3202 2957 3328 3003 sunt
3359 2964 3450 3017 ge-

1885 3045 2055 3109 neris,
2093 3044 2382 3098 branchias
2430 3044 2609 3097 nnllas
2645 3041 2870 3103 habent,
2909 3041 3000 3095 sed
3046 3040 3168 3106 ejus
3216 3040 3337 3093 loco
3386 3039 3451 3092 ti-

1809 3158 1853 3215 ο
1888 3135 2032 3188 biam
2068 3132 2222 3200 quasi
2249 3136 2565 3200 quamdam,"
2586 3132 2662 3185 uti
2692 3130 2945 3199 pulmone
2974 3128 3450 3197 praedita.Quippe

1887 3240 1995 3279 non
2046 3223 2449 3292 respirantibus
2494 3223 2656 3276 utiles
2704 3232 2834 3276 sunt
2875 3222 3170 3283 branchias,
3203 3236 3339 3289 quas
3390 3232 3447 3274 ut

1885 3316 2052 3384 piscis
2080 3315 2283 3383 aliquis
2312 3315 2511 3370 habeat
2548 3315 2822 3384 simulque
2856 3314 3219 3383 respiratione
3245 3322 3449 3369 utatur.

1886 3406 2002 3460 ﬁeri
2040 3405 2190 3459 nullo
2219 3406 2382 3459 modo
2411 3406 2842 3474 pbtest.Etsunt
2869 3420 3000 3460 sane
3032 3405 3237 3459 cetacei
3274 3405 3451 3473 pisces

1889 3496 2053 3551 modo
2087 3496 2323 3564 quodam
2373 3504 2431 3550 et
2483 3505 2771 3549 terrestres
2818 3503 2874 3549 et
2923 3494 3192 3563 aquatiles
3241 3494 3449 3547 bestiae.

1892 3598 2202 3650 terrestres,
2257 3589 2399 3657 quod
2454 3605 2580 3643 aera
2628 3588 2929 3655 recipiant,
2971 3588 3270 3654 aquatiles,
3308 3588 3449 3654 quod

1890 3679 2125 3749 pedibus
2164 3689 2389 3734 careant
2434 3688 2491 3734 et
2541 3679 2862 3733 alimentum
2903 3692 3061 3731 suum
3108 3693 3174 3731 ex
3225 3676 3453 3730 hutuido

1886 3768 2237 3835 sumant.Qui
2260 3780 2384 3823 cute
2412 3768 2605 3822 moﬂes
2635 3776 2785 3834 sunt,
2806 3766 2955 3822 verbi
2977 3766 3148 3837 gratia
3173 3767 3449 3836 loligiues,

1888 3861 2052 3928 sepia:
2076 3870 2127 3913 et
2159 3862 2249 3914 alii
2284 3863 2443 3924 tales,
2478 3860 2577 3914 toti
2621 3868 2752 3914 sunt
2790 3859 2975 3913 cornei
3011 3869 3177 3926 atque
3216 3860 3408 3913 molles
3438 3876 3450 3911 :

1886 3952 2020 4003 nihil
2069 3953 2216 4006 enim
2266 3966 2482 4006 osseum
2535 3966 2597 4005 ac
2636 3960 2913 4005 terrenum
2965 3950 3166 4004 alicubi
3206 3949 3451 4003 abditqu

1886 4040 2106 4096 habent.
2161 4041 2230 4097 Ut
2281 4051 2461 4095 autem
2515 4056 2715 4110 corpus
2762 4056 2955 4096 eorum
3010 4056 3119 4094 non
3176 4041 3335 4095 facile
3385 4042 3454 4094 sit

1886 4132 2182 4185 obnoxium
2216 4130 2495 4195 intercidi,
2527 4129 2672 4199 quod
2704 4129 2924 4184 carneis
2952 4130 3248 4182 usuvenire
3290 4129 3452 4193 solet,

219 4231 439 4285 mistam
470 4243 597 4282 cum
625 4239 789 4280 carne
818 4234 1073 4278 naturam
1144 4236 1401 4276 nerveant
1428 4219 1654 4276 habent.
1723 4220 1861 4276 Sunt
1902 4223 2047 4276 enim
2094 4223 2285 4277 molles
2336 4223 2509 4277 instar
2551 4221 2754 4285 carnis,
2798 4232 2854 4276 et
2896 4220 3043 4275 tendi
3097 4220 3458 4275 nihilominus

218 4324 398 4379 instar
432 4320 587 4376 nervi
618 4328 870 4389 possunt.

291 4417 413 4486 Χρὴ
442 4415 499 4465 5t
536 4430 595 4464 σε
641 4411 922 4465 καὶτοῦτο
977 4409 1110 4481 περὶ
1153 4408 1264 4461 τῶν
1313 4408 1513 4478 ἰχθύων
1568 4407 1777 4461 εἰδέναι.

1816 4407 1867 4466 D
1966 4404 2077 4460 lloc
2110 4406 2270 4458 etiam
2307 4405 2374 4459 de
2424 4403 2670 4474 piscibus
2720 4402 2815 4457 tibi
2864 4405 3305 4471 cognoscendum
3350 4419 3453 4465 est,

217 4512 294 4564 Τὸ
325 4508 426 4578 μὲν
464 4506 572 4575 γάρ
630 4506 799 4576 άρῥεν
840 4503 934 4555 καὶ
989 4502 1123 4570 θῆλυ
1186 4501 1329 4562 ἰδίως
1391 4503 1667 4570 νήχονται,
1723 4502 1786 4552 οὐ

220 4602 573 4671 συγγίνονται
607 4598 686 4662 δὲ,
720 4595 832 4649 ἀλλ’
872 4596 1135 4662 ἀσπόρως
1162 4594 1219 4658 ἐξ
1269 4593 1461 4654 ὓδατος
1503 4594 1598 4645 καὶ
1626 4593 1788 4643 πνεύ-

224 4707 397 4764 ματος
423 4688 515 4741 τοῦ
548 4689 753 4757 ἀνέμου
773 4687 1073 4750 τίκτονται,
1102 4685 1197 4755 τὴν
1232 4685 1611 4753 πνευματικὴν
1634 4682 1786 4752 ἡμῶν

222 4782 476 4836 ἐντεῦθεν
508 4780 602 4832 καὶ
630 4779 870 4847 ἄσπορον
904 4778 961 4842 ἐξ
986 4776 1175 4836 ὓδατος
1199 4776 1293 4828 καὶ
1322 4775 1631 4844 πνεύματος
1660 4792 1792 4844 προ-

223 4873 568 4944 σημαίνοντα
595 4872 873 4940 γέννησιν,
900 4869 972 4932 ώς
1028 4871 1056 4922 δ
1106 4867 1383 4931 θειότατός
1440 4883 1606 4938 φησιν
1639 4868 1792 4921 Ἀνα-

223 4963 474 5022 στάσιος.

308 5054 453 5106 usus
489 5052 609 5106 οὐδὲ
633 5051 789 5105 τοῦτό
828 5067 887 5103 σε
929 5049 1310 5120 παραδραμεῖν
1343 5046 1514 5111 άξιον.
1580 5047 1640 5099 Ὀ
1669 5063 1793 5116 χερο

224 5148 377 5208 σαῖος
407 5145 532 5213 δφις
560 5142 635 5212 τῷ
666 5140 900 5210 αἰγιαλῴ
936 5139 1181 5210 προσιὼν
1239 5138 1505 5209 συρίττει,
1553 5137 1647 5188 καὶ
1694 5154 1791 5188 συ-

224 5232 428 5303 ρίττων
467 5232 865 5301 προσκαλεῖται
924 5227 1023 5297 τὴν
1060 5226 1331 5312 μύραιναν
1358 5227 1436 5289 είς
1480 5225 1793 5291 συνάφειαν.

235 5326 296 5378 Ὀ
322 5322 453 5390 γοῦν
510 5320 801 5383 θαλάσσιος
851 5320 973 5387 δφις
1014 5318 1114 5372 εἴτ’
1172 5312 1267 5371 οὖν
1326 5319 1359 5383 ή
1427 5315 1665 5385 μύραινα
1720 5313 1797 5384 τῷ

226 5411 492 5484 συριγμῷ
521 5410 806 5465 ἀκούσασα
859 5410 1022 5473 εὐθὺς
1081 5408 1447 5477 ἐπανάγεται.
1482 5407 1593 5461 Καὶ
1659 5423 1798 5477 συμ-

226 5504 538 5567 πλακέντες
574 5502 849 5571 ἀλλήλοις,
922 5502 1189 5571 πρότερον
1222 5499 1318 5553 τοῦ
1384 5499 1643 5570 χερσαίου
1707 5498 1799 5551 τὸν

232 5596 316 5648 ἰὸν
347 5593 729 5661 ἑξεμέσαντος,
768 5592 906 5661 πρὸς
942 5593 1011 5645 τὰ
1062 5590 1171 5645 ἴδια
1202 5590 1229 5643 ὁ
1281 5590 1403 5645 καθ’
1461 5589 1557 5643 ἕνα
1610 5589 1797 5661 χωρεῖ.

305 5737 353 5768 ³⁵
390 5732 532 5790 Psal.
571 5747 687 5795 vui,
730 5732 783 5786 9.

1888 4494 2035 4562 quod
2076 4508 2190 4547 mas
2217 4504 2274 4548 et
2324 4493 2527 4546 femina
2557 4506 2804 4545 seorsum
2838 4498 3050 4553 natent,
3084 4506 3188 4544 nec
3219 4493 3363 4547 inter
3396 4511 3453 4548 se

1893 4592 2286 4647 consuescunt,
2322 4584 2414 4638 sed
2456 4585 2662 4651 absque
2715 4582 2863 4635 coitu
2913 4581 2979 4634 de
3022 4598 3161 4650 aqua
3214 4583 3457 4653 ﬂatuque

1894 4675 2040 4727 \‘cnti
2085 4675 2404 4743 gignuntur.
2458 4674 2572 4737 Qua
2622 4672 2843 4741 quidem
2903 4686 2961 4724 re
3011 4672 3312 4739 spiritualis
3365 4675 3456 4729 illa

1894 4776 2080 4820 nostra
2129 4775 2185 4817 et
2237 4769 2419 4820 coitus
2477 4778 2677 4832 expers
2726 4765 3007 4832 generatio
3066 4763 3134 4815 de
3189 4780 3326 4833 aqua
3400 4783 3455 4820 et

1894 4854 2088 4924 spiritu
2136 4854 2485 4923 exprimitur,
2514 4850 2974 4921 quemadmodum
3018 4849 3340 4907 Anastasius
3379 4855 3459 4908 in~

1892 4948 2030 5015 quit.

1967 5035 2045 5091 Ne
2094 5036 2195 5090 hoc
2233 5035 2454 5104 quidem
2501 5034 2679 5092 obiter
2739 5042 3021 5107 praeterire
3091 5042 3280 5096 debes.
3333 5042 3461 5096 Scr-

1898 5144 2033 5201 pens
2066 5128 2344 5183 terrestris
2372 5128 2438 5182 ad
2475 5118 2605 5183 litus
2637 5131 2906 5185 accedens
2933 5132 3152 5187 sibilum
3183 5133 3316 5195 edit,
3350 5148 3461 5209 quo

1899 5236 2196 5276 murtenam
2230 5220 2442 5274 invitat.
2493 5219 2608 5274 Hoc
2644 5221 2834 5275 audito
2865 5239 3106 5276 muraena
3142 5240 3264 5277 mox
3312 5240 3462 5278 acep-

1899 5314 2001 5378 dit,
2032 5327 2097 5367 ac
2144 5322 2401 5381 serpente
2446 5314 2693 5367 terrestri
2725 5314 2834 5384 39
2860 5330 3133 5369 venenum
3173 5318 3324 5384 prius
3367 5332 3462 5370 ex-

1903 5411 2135 5472 spuente
2164 5414 2386 5456 mutuos
2429 5402 2480 5455 in
2535 5402 2854 5471 complexus
2882 5404 3131 5468 veniunt,
3157 5406 3459 5459 secundum

1901 5509 2041 5565 quos
2066 5504 2295 5563 uterque
2327 5491 2393 5546 ad
2423 5507 2520 5546 sua
2549 5510 2607 5547 se
2632 5493 2943 5549 conferunt.
2976 5497 3049 5550 De
3074 5513 3187 5565 quo
3214 5500 3465 5565 exemplo

1912 5589 2200 5659 persiiicue
2231 5595 2411 5657 potest
2452 5585 2681 5657 intelligi
2729 5585 2894 5642 etiam
2945 5597 3254 5657 serpentem
3311 5589 3462 5643 illum
