4214 6442
2011 372 2429 434 MICIIAELIS
2466 374 2721 434 GLYCE

3919 381 3991 442 96

745 488 1127 542 intellectilem
1159 489 1321 543 sibilo
1354 488 1592 558 quodam
1625 497 1682 543 et
1717 487 2077 548 inescatione,
2108 486 2316 551 proba:-
2345 489 2369 544 Α

2366 489 2388 544 ι
2425 485 2658 554 Εὔδηλον
2691 485 2785 539 οὖν
2816 486 3068 541 ἐντεῦθεν
3089 490 3169 543 ὅτι
3202 491 3293 543 καὶ
3328 490 3356 544 ὁ
3388 491 3579 561 νοητὸς
3623 493 3744 559 δφις
3792 509 3989 559 συριγο

740 596 846 646 que
903 581 1100 634 indolis
1122 593 1178 636 et
1218 584 1344 636 boni
1377 581 1595 635 consilii
1652 579 2004 634 simulatione
2055 578 2313 630 mortaies

740 671 980 734 amcere.
1028 689 1236 741 proque
1287 674 1554 727 arbitratu
1581 680 1638 724 et
1676 671 1904 724 libidine
1949 684 2046 722 sua
2072 683 2197 722 cum
2232 668 2314 721 eis

738 766 1291 832 consuescere,prius
1323 781 1489 834 opera
1515 765 1636 818 data
1669 772 1727 817 ut
1749 777 1947 832 aquam
1973 771 2029 816 et
2053 762 2310 830 spiritum

740 857 1064 925 iclinquaut
1089 874 1104 920 ;
1133 873 1256 910 nam
1304 858 1463 910 aliter
1501 871 1685 911 semen
1718 870 1881 910 suum
1918 855 1972 909 in
2007 869 2102 908 eos
2131 863 2309 907 trans-

735 946 968 1000 fundere
1008 952 1221 1015 nequit,
1261 949 1364 1001 nisi
1402 947 1550 1000 omni
1603 948 1735 1000 tune
1778 956 1928 1000 moto
1955 947 2022 1001 ab
2063 945 2146 998 liis
2175 945 2312 999 duo-

738 1038 840 1089 bus
894 1037 1040 1104 ipsos
1074 1037 1290 1089 avellat.
1341 1037 1483 1099 Quid
1515 1044 1699 1088 autem
1734 1035 1917 1089 multis
1957 1035 2143 1088 verbis
2171 1049 2311 1103 opus

735 1129 866 1181 est?
913 1128 1024 1182 Cur
1057 1129 1271 1196 singula
1308 1143 1745 1182 commemorare
1767 1127 2038 1180 velimus?
2075 1126 2216 1180 Sunt
2251 1127 2307 1180 in

735 1222 892 1284 aquis
937 1220 1148 1286 reptilia
1175 1261 1188 1284 ,
1222 1219 1369 1289 quod
1436 1222 1506 1272 ita
1565 1219 1824 1272 nimirum
1862 1219 2307 1288 progrediantur,

739 1328 837 1362 nec
883 1323 1059 1365 tamen
1095 1312 1198 1365 sub
1253 1328 1544 1365 numerum
1571 1311 1797 1372 cadunt.
1836 1326 1904 1365 ne
1938 1311 2144 1365 scilicet
2177 1327 2308 1380 pau-

737 1404 886 1456 latim
915 1403 1205 1471 absumpta
1233 1404 1551 1457 deficerent.
1583 1403 1716 1456 Nam
1743 1403 1843 1456 nisi
1872 1419 2102 1457 numero
2131 1403 2306 1469 pisces

740 1495 935 1547 inﬁniti
983 1507 1188 1555 essent.
1226 1510 1334 1548 non
1377 1504 1622 1564 possent.
1649 1495 1715 1548 ad
1767 1511 1927 1549 usum
1985 1495 2096 1547 ullo
2142 1495 2304 1548 modo

737 1587 1012 1639 Hlllit'Cf’C.
1049 1599 1170 1636 cum
1211 1586 1416 1652 pariter
1449 1595 1503 1636 et
1527 1598 1555 1637 a
1583 1599 1639 1638 se
1673 1584 1906 1638 invicem
1941 1593 1994 1638 et
2025 1585 2093 1638 ab
2125 1584 2303 1638 homi-

735 1678 900 1729 nibus
948 1677 1326 1729 absumantur.
1363 1675 1576 1744 Quippe
1629 1677 1843 1731 tametsi
1885 1676 2092 1731 viribus
2143 1691 2306 1745 supe-

2415 578 2502 645 μῷ
2535 579 2628 630 καὶ
2668 579 3004 649 δελεάσματι
3055 582 3149 634 καὶ
3178 581 3469 652 ὑποκρίσει
3524 583 3689 650 ἤθους
3741 587 3984 651 χρηστοῦ

2366 703 2376 706 -
2413 672 2505 720 καὶ
2534 671 2842 738 συμϐουλῆς
2894 673 3105 741 ἀγαθῆς
3146 677 3268 736 τοῦς
3315 673 3635 741 ἀνθρώπους
3693 675 3985 742 ἐφέλκεται

2414 760 2510 810 καὶ
2531 761 2673 812 κατὰ
2709 762 2768 813 τὺ
2792 762 3051 832 βουλητὸν
3091 763 3239 833 αὑτῷ
3268 765 3484 827 τούτοις
3516 767 3857 833 συγγίνεται,
3884 765 3983 818 τοῦ

2413 849 2607 913 ὓδατος
2640 854 2733 904 καὶ
2771 854 3084 924 πνεύματος
3119 855 3384 926 πρότερον
3451 857 3648 917 αὐτοὺς
3712 857 3941 920 ἒξεστῶν
3963 870 3980 882 ·

2409 940 2471 992 ού
2501 941 2608 1009 γὰρ
2648 942 2715 993 ἂν
2744 941 2916 1003 ἄλλως
2971 943 3297 1011 μεταδοῦναι
3359 945 3571 1007 τούτοις
3635 946 3727 998 τοῦ
3772 945 3980 998 οἰκείου

2408 1029 2632 1082 δύναται
2664 1031 2888 1098 σπόρου,
2921 1037 2966 1084 εί
3004 1033 3078 1102 μή
3118 1035 3295 1088 πάντα
3343 1036 3527 1089 κάλων
3560 1038 3795 1104 κινήσας
3838 1038 3983 1087 ὲκεῖ-

2412 1120 2503 1173 θεν
2524 1122 2719 1184 αὐτοὺς
2776 1125 3140 1178 ἀποσπάσειε.
3205 1129 3315 1180 Καὶ
3343 1126 3395 1178 τί
3429 1126 3533 1196 χρὴ
3569 1127 3738 1179 πολλὰ
3796 1126 3982 1193 λέγειν

2409 1213 2505 1262 καὶ
2537 1211 2871 1280 ἀπαριθμεῖν
2901 1215 2968 1265 τὰ
2997 1215 3122 1267 καθ’
3178 1217 3432 1281 ἕκαστον,
3487 1219 3609 1270 sitsi.
3641 1208 3843 1287 ἑρττετὰ
3902 1211 3980 1270 ὧν

2406 1303 2507 1354 οὐκ
2534 1301 2681 1356 ἐστιν
2708 1305 2976 1372 ἀριθμόςς
3026 1306 3135 1358 Καὶ
3167 1308 3376 1377 ἑρπετὰ
3421 1309 3541 1376 μὲν,
3571 1311 3655 1363 ὅτι
3684 1311 3843 1378 ἕρπει
3901 1309 3980 1377 τῷ

2409 1392 2562 1445 ῦδατι
2595 1399 2690 1448 καὶ
2745 1395 2891 1447 οὓτω
2949 1396 3049 1465 τὴν
3111 1398 3325 1450 ἑαυτῶν
3383 1401 3612 1469 πορείαν
3673 1400 3980 1462 ποιοῦνται,

2405 1484 2625 1553 ἀριθμῷ
2658 1484 2714 1536 δὲ
2783 1488 2880 1552 of.)
2942 1487 3342 1542 ὑποπίπτουσιν
3399 1491 3540 1545 ὥστε
3605 1490 3679 1560 μὴ
3731 1490 3982 1556 tulit-1'4:

2405 1579 2548 1632 κατὰ
2574 1581 2770 1648 μικρὸν
2799 1582 3185 1652 δαπανώμενα.
3251 1583 3547 1638 Βόσκονται
3576 1585 3682 1654 γὰρ
3715 1586 3762 1636 οί
3821 1584 3982 1636 δυνα-

2404 1668 2631 1737 τώτεροι
2662 1672 2786 1730 τοὺς
2820 1675 3308 1744 καταδεεστέρους,
3372 1678 3471 1727 καὶ
3519 1676 3620 1727 οὑκ
3649 1675 3940 1745 ἡναλωσαν
3962 1689 3976 1702 ·

734 1769 908 1821 riores
934 1767 1264 1821 devorandis
1294 1767 1746 1821 imbecillioribus
1775 1781 1895 1820 sese
1927 1776 2172 1834 pascant,
2193 1782 2301 1820 non
2339 1827 2369 1836 _

2366 1829 2374 1836 _
2407 1762 2534 1830 νικᾷ
2565 1761 2672 1830 γὰρ
2706 1763 2807 1832 τὴν
2836 1765 3082 1836 δαπάνην
3108 1767 3140 1836 ἡ
3179 1767 3462 1836 πρόσοδος.

734 1867 916 1911 tamen
951 1859 1175 1912 omnino
1203 1858 1870 1927 consumuntur,quando
1907 1859 2080 1928 majus
2112 1873 2301 1913 eorum

731 1961 816 2002 est
847 1951 1244 2003 incrementum
1272 1965 1434 2018 quam
1478 1959 1537 2003 ut
1585 1950 1794 2004 absumi
1823 1950 2056 2018 possint.

805 2037 869 2092 Et
898 2039 1188 2093 considera
1221 2040 1325 2093 hoc
1361 2039 1494 2092 mihi
1545 2040 1666 2094 loco
1697 2040 1793 2094 Dei
1827 2055 2041 2105 vocem,
2079 2040 2164 2095 vel
2201 2056 2302 2111 pos

731 2127 842 2181 tius
878 2144 986 2182 non
1038 2145 1228 2184 vocem
1270 2131 1386 2194 Dei,
1428 2132 1520 2186 sed
1557 2133 1896 2187 voluntatem
1951 2133 2303 2203 solam,.qu.'e

729 2218 910 2272 omnis
939 2219 1158 2288 generis
1193 2221 1425 2289 piscium
1465 2221 1679 2288 species
1708 2239 1776 2277 es
1832 2223 1992 2292 aquis
2020 2222 2299 2293 produxit.

728 2307 867 2364 Nam
926 2309 1030 2364 hoc
1085 2312 1263 2380 ipsum
1317 2311 1409 2366 Dei
1460 2313 1598 2369 velle
1635 2323 1888 2368 naturam
1943 2330 2098 2370 suam
2144 2314 2304 2386 aquis

732 2400 948 2463 tribuit,
975 2417 1096 2471 qum
1135 2404 1254 2474 ipso
1282 2420 1310 2458 a
1336 2406 1604 2475 principio
1632 2406 1852 2462 vitalem
1879 2407 2168 2476 quamdam
2193 2409 2300 2464 vim

729 2501 859 2546 sunt
889 2505 1226 2548 consecutae.
1273 2495 1493 2565 Absque
1524 2510 1635 2566 quo
1665 2495 1826 2561 foret,
1861 2512 1970 2552 non
2002 2499 2056 2553 in
2088 2499 2169 2553 eis
2207 2499 2302 2554 Dei

730 2584 961 2653 spiritus
992 2584 1138 2640 latus
1163 2585 1383 2651 fuisset,
1420 2603 1524 2656 qua
1561 2589 1866 2645 motatione
1899 2590 2008 2644 vim
2037 2591 2184 2645 illam
2217 2593 2302 2646 vi-

731 2676 895 2730 talem
927 2677 1085 2746 aquis
1114 2678 2034 2750 impertiebatur,quemadmodum
2066 2681 2304 2753 Chryso-

727 2779 940 2823 stomus
966 2769 1238 2838 loquitur,
1257 2777 1317 2824 ut
1347 2785 1454 2826 non
1484 2771 1658 2826 multo
1689 2782 1811 2841 post
1835 2787 1904 2828 ex
1930 2772 2011 2827 eis
2039 2772 2302 2827 animalia

727 2861 1112 2927 provenirent.
1171 2859 1362 2915 Tradit
1436 2863 1584 2915 enim
1660 2861 2086 2933 Cbrysostomus
2147 2861 2301 2918 hisce

724 2950 912 3003 verbis
953 2950 1175 3004 vitalem
1211 2951 1506 3020 quamdam
1537 2952 1917 3008 eﬁicacitatem
1973 2952 2297 3026 significari.

725 3039 958 3094 Basilius
985 3051 1168 3095 autem
1207 3041 1372 3098 latius
1409 3042 1477 3098 de
1505 3043 1587 3097 eis
1620 3047 1674 3097 in
1701 3043 1819 3098 haec
1845 3043 2014 3098 verba
2050 3043 2296 3098 disserit.

725 3132 853 3186 Sive
879 3132 948 3186 de
984 3133 1132 3188 aeris
1163 3132 1458 3230 ditfusione
1496 3135 1674 3190 Moses
1702 3135 1973 3230 loquitur.
2010 3136 2299 3230 intelligito
2325 3172 2369 3230 ο

725 3230 977 3277 nostrum
1033 3225 1181 3280 hunc
1228 3225 1552 3296 scriptorem
1605 3227 1848 3283 historiae
1889 3227 2079 3282 mundi
2113 3237 2298 3299 partes

725 3329 1082 3378 enumerare,
1109 3317 1423 3374 condidisse
1450 3319 1708 3374 videlicet
1737 3318 1911 3374 Deum
1934 3319 2157 3384 calum,
2189 3327 2297 3374 ter-

726 3421 865 3468 rant,
885 3421 1103 3474 aquam,
1125 3422 1274 3475 aera,
1296 3409 1389 3477 qui
1425 3410 1647 3479 quidem
1675 3411 1786 3481 jam
1822 3419 1937 3464 tum
1968 3392 2300 3466 diffundere-

729 3510 816 3550 Iur
854 3509 1017 3566 atque
1071 3498 1286 3554 ﬂueret.
1333 3499 1463 3556 Sive
1517 3501 1664 3571 quod
1709 3503 1892 3558 verius
1929 3510 2094 3557 estet
2121 3503 2186 3558 ab
2228 3503 2297 3557 iis

722 3590 815 3656 qui
851 3602 976 3642 ante
1015 3605 1114 3644 nos
1135 3590 1289 3645 fuere
1326 3591 1614 3657 traditum,
1637 3591 1705 3651 de
1732 3592 1938 3662 Spiritu
1971 3593 2067 3647 Dei
2103 3601 2297 3648 sancto

725 3679 841 3732 luec
875 3681 981 3733 (“Ci
1018 3689 1228 3750 putato.
1258 3681 1392 3736 Nam
1422 3683 1593 3736 sacris
1615 3683 1669 3737 in
1694 3683 1920 3738 Litteris
1949 3685 2137 3740 nullus
2158 3685 2297 3740 alius

727 3770 819 3823 Dei
861 3773 1086 3840 spiritus
1131 3773 1440 3840 appellatur
1477 3785 1633 3828 extra
1675 3773 1940 3843 Spiritum
1987 3776 2139 3830 illum
2171 3792 2296 3830 sano

740 3876 876 3922 tum.
911 3864 1004 3930 qui
1038 3863 1277 3917 divinant
1319 3863 1644 3934 beatamque
1693 3865 2024 3920 Trinitatem
2059 3867 2292 3922 absolvit

721 3966 777 4006 et
810 3955 1250 4022 euiuplct.Quam
1295 3958 1623 4011 sententiam
1658 3957 1703 4011 si
1735 3958 1991 4027 amplecti
2024 3960 2289 4022 volueris.

730 4047 990 4115 majorem
1035 4062 1102 4100 ex
1134 4063 1196 4100 ea
1239 4046 1474 4102 fructum
1510 4050 1802 4119 percipies.
1837 4051 1972 4105 Nam
2015 4049 2294 4106 ferebatur

725 4135 780 4188 in
811 4137 891 4188 eis
923 4138 1150 4202 spiritus
1197 4138 1307 4202 hic,
1350 4139 1427 4193 uti
1479 4139 1649 4212 Syrus
1673 4141 1919 4209 quidam,
1953 4140 2294 4197 admirabilis

722 4225 990 4281 doctrina:
1029 4227 1131 4293 vir,
1164 4228 1350 4284 dicere
1395 4229 1627 4295 solebat,
1681 4231 1784 4286 hoc
1825 4241 1912 4286 est
1957 4231 2181 4287 fovebat
2229 4247 2293 4285 ac

722 4317 1024 4371 fetiticandi
1058 4319 1166 4372 vim
1200 4320 1534 4390 largiebatur
1563 4337 1831 4391 aquarum
1857 4333 2090 4390 naturas,
2121 4325 2296 4378 instar

721 4408 937 4477 gallinze
973 4410 1258 4480 cujusdam
1312 4414 1431 4466 ovis
1483 4413 1796 4468 incubantis
1847 4431 1912 4470 ac
1963 4415 2089 4470 fotis
2128 4417 2198 4470 ab
2234 4432 2291 4471 se

2489 2035 2758 2108 Ἀλλ’δρα
2799 2038 2986 2108 φωνὴν
3011 2036 3172 2103 Θεοῦ,
3246 2037 3452 2108 μᾶλλον
3511 2033 3569 2092 δὲ
3619 2038 3742 2091 οὑδὲ
3793 2037 3980 2106 φωνθαν

2403 2127 2561 2196 Θεοῦ,
2598 2129 2735 2182 ἀλλὰ
2767 2129 2988 2199 θέλησιν
3019 2131 3197 2202 μόνον,
3225 2132 3348 2200 ἥτις
3381 2131 3449 2184 τὰ
3477 2131 3796 2184 παντοδαπὰ
3843 2130 3979 2198 γέ·.η

2403 2220 2512 2272 τῶν
2553 2220 2752 2289 ἰχθύων
2801 2222 2867 2273 ὲκ
2919 2220 3028 2275 τῶν
3080 2223 3290 2277 ὑδάτων
3345 2224 3690 2293 παρήγαγεν.
3744 2223 3810 2276 Ἥ
3867 2224 3980 2290 γᾰρ

2405 2310 2626 2381 θέλησις
2650 2311 2793 2382 αῦτη
2845 2312 3011 2381 φύσις
3039 2315 3284 2381 ἐγεγόνει
3315 2318 3430 2376 τοῖς
3457 2313 3634 2367 ὕδασι.
3664 2313 3851 2366 Ταῦτα
3873 2314 3976 2383 μὲν

2402 2399 2472 2454 τὰ
2509 2399 2679 2453 ὕδατα
2702 2399 2798 2454 καὶ
2823 2399 2885 2465 ιε
2918 2400 3094 2471 ἀρχῆς
3119 2401 3297 2471 αὐτῆς
3329 2401 3572 2472 ζωτικὴν
3601 2402 3849 2472 ἐδέχοντο
3877 2402 3970 2456 δύ-

2404 2507 2587 2560 ναμιν.
2622 2491 2685 2546 Εί
2715 2491 2790 2560 μὴ
2815 2491 2923 2562 γὰρ
2951 2491 3110 2544 τοῦτο
3139 2487 3231 2562 ἦν,
3264 2491 3369 2546 οὐκ
3399 2492 3466 2546 ἂν
3525 2494 3713 2553 αὐτοῖς
3755 2492 3976 2562 πνεῦμα

2403 2578 2540 2633 Θεοῦ
2568 2580 2892 2651 ἐπεφέρετο.
2949 2580 3256 2653 Φερόμενον
3288 2582 3344 2636 δὲ
3383 2582 3624 2650 ζωτικὴν
3650 2583 3822 2636 ἐδίδου
3857 2586 3976 2646 τοῖς

2403 2673 2560 2728 ῦδασι
2610 2674 2712 2744 τὴν
2769 2675 3021 2745 δύναμιν,
3071 2677 3149 2740 ὡς
3185 2678 3215 2730 6
3267 2677 3643 2746 χρυσόστομος
3715 2675 3975 2744 Ἰωάννης

2401 2765 2562 2838 φησι,
2610 2766 2706 2820 καὶ
2734 2767 2814 2821 ὅτι
2842 2767 2984 2837 μετὰ
3019 2768 3215 2839 μικρὸν
3237 2766 3352 2832 ζῶα
3396 2767 3457 2833 ἐξ
3484 2768 3664 2821 αὐτῶν
3695 2768 3976 2836 παραχθή-

2403 2875 2609 2912 σονται.
2644 2859 2752 2912 Καὶ
2781 2860 2810 2912 δ
2836 2859 2936 2929 μεν
2970 2861 3401 2931 χρυσορρήμων,
3440 2859 3688 2929 καθάπερ
3730 2862 3973 2929 εῐρηται,

2403 2948 2642 3018 ζωτικὴν
2701 2950 2949 3004 ἐντεῦθεν
2989 2952 3275 3020 ἐνέργειαν
3323 2952 3832 3021 κατασημαίνεσθαι
3881 2951 3974 3004 λι-

2401 3058 2488 3108 γει
2512 3057 2526 3072 ο
2563 3044 2590 3094 δ
2619 3040 2677 3093 δι
2713 3043 2888 3112 μέγας
2922 3042 3203 3106 Βασίλειος
3245 3046 3339 3095 καὶ
3372 3043 3707 3114 πλατύτερον
3736 3041 3806 3095 τὰ
3844 3044 3976 3112 περὶ

2401 3131 2607 3186 τούτων
2632 3133 2880 3199 διέξεισι,
2918 3139 3012 3188 καὶ
3043 3135 3186 3188 οῦτω
3219 3136 3405 3205 φησίν.
3443 3151 3464 3187 ε
3503 3136 3629 3188 Είτε
3686 3133 3846 3188 τοῦτο
3880 3134 3973 3186 λέ-

2402 3242 2490 3294 γει
2539 3225 2605 3279 τὸ
2643 3225 2863 3296 πνεῦμα
2923 3225 3023 3295 τὴν
3081 3225 3176 3279 τοῦ
3226 3227 3389 3297 ἀέρος
3441 3225 3621 3298 χύσιν,
3670 3227 3820 3293 δέξαι
3879 3229 3974 3281 τὸν

2404 3317 2732 3386 συγγραφέα
2762 3319 2831 3372 τὰ
2870 3319 3011 3390 μέρη
3041 3319 3135 3373 τοῦ
3157 3320 3368 3388 κόσμου
3385 3318 3836 3391 καταριθμοῦντὰ
3861 3337 3970 3384 σοι,

2398 3409 2483 3464 ὅτι
2516 3412 2775 3483 εποίησεν
2801 3412 2829 3464 ό
2875 3412 3009 3476 Θεὸς
3033 3413 3289 3483 οὑρανδν,
3323 3413 3448 3482 γῆν,
3480 3411 3649 3484 ὕδωρ,
3679 3413 3842 3481 ἀέρα,
3877 3415 3975 3465 καὶ

2402 3502 2595 3556 τοῦτον
2630 3504 2893 3574 χεόμενον
2923 3505 3024 3576 ἠδη
3043 3509 3137 3558 καὶ
3179 3507 3390 3576 ῥέοντα.
3442 3507 3588 3570 Είτε,
3621 3506 3650 3560 δ
3679 3508 3775 3561 καὶ
3834 3506 3975 3573 pil-

2400 3595 2491 3647 λον
2511 3594 2877 3666 ἀληθέστερόν
2898 3598 3016 3650 ἔστι
3046 3598 3279 3662 καὶτοῖς
3331 3601 3440 3669 πρὸ
3473 3600 3634 3671 ἡμῶν
3690 3600 3970 3669 ὲκκριθὲν,

2400 3687 2620 3757 πνεῦμα
2679 3686 2818 3741 Θεοῦ
2876 3689 2939 3742 τὸ
2984 3691 3138 3759 ᾶγιον
3192 3691 3432 3761 εῐρηται,
3491 3691 3635 3761 (οὐδὲ
3682 3691 3792 3761 γὰρ
3841 3689 3973 3745 ἄλλο

2397 3781 2550 3850 παρὰ
2582 3783 2649 3849 τῇ
2677 3780 2865 3851 Γραφῇ
2895 3779 3121 3850 Πνεῦμα
3137 3782 3273 3837 Θεοῦ
3303 3781 3632 3851 ὀνομάζεται
3661 3782 3692 3852 ἢ
3719 3784 3779 3834 τὸ
3814 3782 3972 3849 ᾰγιον

2396 3873 2457 3926 τὸ
2484 3872 2586 3942 τῆς
2640 3873 2791 3936 θείας
2837 3873 2931 3927 καὶ
2994 3875 3270 3943 μακαρίας
3299 3874 3531 3944 Τριάδος
3575 3874 3971 3944 συμπληρωτι-

2397 3961 2538 4029 κὸν),
2570 3962 2664 4014 καὶ
2689 3961 2896 4031 ταύτην
2929 3961 3372 4032 προσδεξάμενος
3431 3962 3530 4033 τὴν
3568 3964 3809 4018 διάνοιαν
3845 3964 3962 4029 μεί-

2397 4053 2526 4114 ζονα
2550 4052 2648 4122 τὴν
2672 4053 2770 4106 ἀπ’
2801 4054 2970 4123 αὐτῆς
3001 4053 3272 4136 ὠφέλειαν
3305 4055 3582 4125 εὑρήσεις.
3631 4055 3967 4124 Ἐπεςρέρετο

2397 4143 2504 4214 γὰρ
2551 4145 2610 4196 τὸ
2639 4143 2880 4215 πνεῦμα,
2913 4145 3166 4215 καθάπερ
3207 4145 3379 4215 Σύρος
3407 4163 3492 4210 τις
3539 4147 3718 4216 ἔλεγε,
3751 4147 3967 4215 θαυμα-

2398 4242 2522 4302 στὸς
2597 4239 2756 4309 ἀνὴρ,
2813 4243 2935 4294 ἀντὶ
3009 4240 3128 4302 τοῦ,
3186 4241 3460 4293 ἑπέθαλπε
3536 4244 3630 4296 καὶ
3676 4229 3967 4310 ἐζωογόνει

2394 4332 2495 4400 τὴν
2567 4330 2676 4384 τῶν
2737 4331 2945 4384 ὑδάτων
3013 4334 3176 4400 φύσιν
3246 4338 3389 4386 κατὰ
3450 4334 3548 4402 τὴν
3606 4335 3794 4388 εἰκόνα
3869 4337 3969 4402 τῆς

2396 4421 2757 4492 ὲπωαζούσης
2823 4424 3032 4492 ὄρνιθος
3101 4425 3194 4477 καὶ
3265 4424 3504 4492 ζωτικήν
3560 4441 3678 4476 τινα
3733 4425 3966 4490 δύναμιν

723 4505 830 4553 vim
885 4504 1189 4570 quamdam
1236 4503 1453 4558 vitalem
1487 4503 1750 4560 indentis.
1784 4505 1902 4572 Quo
1951 4507 2073 4576 ipso
2122 4508 2288 4567 etiam
2321 4505 2366 4562 D

2392 4513 2642 4580 ὲνιούσης
2687 4516 2800 4574 τοῖς
2864 4513 3353 4578 ὑποθαλπομένοις,
3413 4514 3489 4576 ὼς
3556 4514 3804 4566 ἐντεῦθεν
3870 4534 3966 4567 σα-

726 4592 1020 4658 perspieue
1063 4599 1531 4645 commonstratur
1577 4591 1839 4662 Spiritum
1878 4602 2126 4648 sanctum
2151 4609 2227 4662 pe
2257 4609 2288 4648 a

720 4697 900 4735 rerum
935 4682 1161 4752 quidem
1198 4682 1609 4738 condendarum
1634 4684 1892 4739 facultate
1922 4685 2168 4740 destitui.

793 4860 850 4913 Et
907 4870 1118 4915 tantum
1169 4859 1393 4930 quidem
1439 4862 1508 4918 de
1566 4862 1831 4932 piscibus.
1881 4861 2038 4918 Nunc
2101 4878 2287 4925 rerum

720 4954 826 5025 5.0
871 4955 1006 5008 ordo
1056 4955 1236 5024 poscit
1290 4965 1352 5010 ut.
1411 4955 1481 5008 de
1536 4955 1849 5009 volucribus
1887 4954 2052 5009 etiam
2115 4969 2288 5026 pauca

719 5061 1241 5107 cuuuuemoremus.
1263 5061 1386 5116 quae
1414 5056 1469 5100 et
1493 5046 1609 5116 ipse
1636 5062 1793 5101 suum
1826 5057 2004 5100 ortum
2037 5063 2103 5103 ex
2133 5049 2290 5118 aquis

719 5138 1050 5190 habuerunt.
1111 5135 1478 5202 Quamobrem
1549 5148 1603 5192 et
1674 5139 1998 5209 cognatione
2053 5142 2289 5210 quadam

720 5230 1029 5281 natatiliuiu
1065 5238 1342 5283 tenentur.
1378 5229 1591 5298 Quippe
1620 5230 2081 5298 quemadmodum
2112 5233 2292 5302 pisces

719 5322 770 5373 in
803 5322 960 5388 aquis
987 5323 1250 5391 degentes
1273 5336 1576 5390 pennarum
1604 5323 1897 5392 agitatione
1933 5328 2293 5396 progrediun-

721 5423 827 5466 tur.
882 5424 934 5463 ιιι
983 5412 1219 5465 diversis
1265 5413 1452 5466 caudae
1504 5415 1744 5468 motibus
1793 5424 1904 5468 tum
1967 5417 2289 5473 inllexioues

722 5517 832 5556 tum
884 5503 1121 5556 directos
1170 5520 1365 5557 cursus
1419 5508 1796 5566 moderantur.
1828 5509 1902 5561 sic
1952 5518 2005 5561 et.
2039 5512 2287 5565 volucres

723 5594 908 5647 \ittere
945 5607 1026 5648 «εει
1072 5596 1348 5650 consimili
1387 5597 1621 5665 quodam
1654 5597 1815 5652 modo
1849 5600 1968 5654 suis
2007 5601 2108 5655 alis
2159 5618 2285 5656 aera

721 5690 1026 5755 pt‘nolut‘c.
1088 5689 1150 5740 Et
1199 5689 1436 5757 gaudent
1498 5689 1657 5757 aquis
1705 5690 1955 5745 volucres
1996 5707 2286 5763 propterea

720 5778 864 5832 ιςυυδ
899 5795 963 5833 ex
1006 5779 1162 5848 aquis
1200 5789 1331 5835 orto:
1362 5782 1491 5834 sint.
1533 5782 1641 5835 Hoc
1679 5784 1793 5836 solo
1825 5783 2080 5839 differunt
2117 5804 2143 5839 a
2179 5792 2286 5860 pis-

2393 4602 2511 4670 φῶς
2591 4603 3012 4656 ἀποδείκνυσθαι
3097 4605 3182 4657 ὅτι
3257 4604 3377 4657 οὐδὲ
3445 4606 3548 4673 τῆς
3630 4606 3962 4675 δημιουργι-

2391 4691 2498 4759 κῆς
2567 4693 2850 4765 ἐνεργείας
2910 4696 2972 4747 τὸ
3031 4695 3255 4765 Πνεῦμα
3327 4697 3388 4750 τὸ
3444 4697 3631 4765 ἄγιοψ
3663 4700 3967 4752 emtum.

2389 4796 2501 4836 ται.
2557 4800 2576 4834 ι

2464 4876 2573 4928 Καὶ
2607 4874 2844 4930 τοσαῦτα
2909 4877 3009 4947 μὲν
3042 4878 3171 4945 περὶ
3206 4879 3315 4930 τῶν
3369 4879 3590 4950 ἰχθύων.
3637 4883 3960 4940 Ἀκόλουθον

2391 4966 2438 5020 δ’
2467 4966 2533 5019 ἂν
2568 4968 2652 5037 εἴη
2687 4967 2780 5020 καὶ
2816 4971 2946 5039 περὶ
2986 4969 3096 5022 τῶν
3150 4971 3415 5025 πετεινῶν
3450 4971 3610 5041 όλίγα
3641 4975 3961 5046 διεξελθεῖν,

2391 5060 2476 5112 ὅτι
2513 5062 2607 5112 καὶ
2631 5059 2800 5113 ταῦτα
2825 5060 2883 5126 ἐξ
2935 5061 3146 5116 ὑδάτων
3190 5063 3290 5134 τὴν
3325 5065 3538 5132 γένεσιν
3577 5067 3803 5138 ἔσχηκε.
3859 5072 3960 5122 Διὰ

2392 5150 2500 5218 γὰρ
2529 5149 2685 5201 τοῦτο
2707 5151 2802 5201 καὶ
2831 5151 3125 5219 συγγένειά
3159 5169 3244 5216 τις
3289 5153 3551 5223 πρόσεστι
3582 5158 3790 5220 τούτοις
3820 5161 3959 5230 πρὸς

2392 5242 2461 5292 τὰ
2488 5242 2684 5307 νηκτὰ.
2713 5243 2822 5294 Καὶ
2845 5245 2955 5313 γὰρ
2988 5243 3182 5315 ὥσπερ
3229 5245 3281 5297 οί
3329 5244 3511 5314 ίχθύες
3563 5247 3624 5300 τὸ
3683 5248 3828 5321 ὕδωρ
3874 5254 3964 5304 τέ-

2395 5345 2612 5398 μνουσι,
2642 5331 2708 5398 τῇ
2744 5330 2845 5397 μὲν
2867 5330 3084 5400 κινήσει
3118 5331 3226 5385 τῶν
3252 5332 3542 5401 πτερύγων
3573 5335 3652 5396 είς
3673 5335 3735 5387 τὸ
3772 5339 3965 5406 πρόσω

2393 5421 2720 5492 χωροῦντες,
2755 5425 2820 5492 τῇ
2847 5422 2903 5474 δὲ
2935 5423 3028 5476 τοῦ
3057 5425 3280 5495 οὐραίου
3317 5427 3588 5498 μεταϐολῇ
3623 5429 3720 5489 τάς
3749 5447 3808 5482 τε
3860 5449 3964 5483 πε-

2395 5517 2692 5585 ριστροφὰς
2725 5518 2818 5569 καὶ
2848 5517 2947 5580 τὰς
2974 5517 3188 5580 εὑθείας
3221 5519 3398 5588 ὁρμὰς
3427 5520 3642 5583 ἑαυτοῖς
3681 5522 3962 5586 οίακίξονσ

2389 5624 2501 5668 τες,
2533 5607 2677 5659 οὕτω
2707 5608 2799 5661 καὶ
2824 5608 2916 5661 ἐπὶ
2963 5609 3069 5662 τῶν
3100 5611 3320 5679 πτηνῶν
3353 5612 3500 5663 ἐστιν
3530 5612 3661 5665 ίδεῖν
3708 5613 3965 5684 διανηχοο

2395 5702 2572 5768 μένων
2604 5701 2695 5751 τὸν
2715 5701 2848 5770 ἀέρα
2875 5705 2981 5763 τοῖς
3012 5705 3230 5772 πτεροῖς
3250 5705 3389 5756 κατά
3406 5705 3496 5756 τὸν
3522 5705 3709 5774 ὅμοιον
3733 5709 3964 5775 τρόπον.

2393 5795 2518 5846 Ὀτι
2548 5793 2602 5846 δὲ
2636 5795 2692 5860 ἐξ
2726 5796 2930 5848 ὑδάτων
2996 5800 3106 5860 τοὲς
3170 5801 3436 5862 πετεινοῖς
3499 5801 3530 5870 ἡ
3595 5800 3834 5869 γέν;σις,
3874 5800 3963 5855 διὰ
