4214 6442
262 399 333 464 9-,
1530 400 1927 461 ANNALIUM
1970 402 2160 463 PARS
2196 402 2245 466 i.
3427 414 3491 482 οὔ

262 514 425 569 τοῦτο
456 515 553 569 καὶ
583 513 756 569 ταῦτα
788 514 963 569 πάντα
999 515 1112 580 τοῖς
1149 515 1302 570 ὕδασι
1353 516 1605 588 χαίρουσι
1627 530 1642 547 ⁸
1683 516 1824 584 πλήν

1928 516 2132 583 scibus,
2154 520 2297 589 quod
2328 521 2472 575 nulla
2506 521 2736 592 pedibus
2764 532 2965 590 careat,
3001 529 3217 597 quando
3248 530 3315 584 de
3351 541 3493 587 terra

265 626 332 676 γε
359 610 444 662 ὅτι
473 608 627 662 οὐδὲν
659 608 769 661 τῶν
798 609 1018 678 πτηνῶν
1060 610 1233 663 ἄπουν
1282 610 1372 662 διὰ
1430 611 1493 662 τὺ
1535 610 1670 662 πᾶσι
1726 609 1824 677 τὴν

256 697 477 752 δίαιταν
499 700 610 753 άπὸ
639 700 741 769 τῆς
793 700 896 769 γῆς
953 700 1244 770 ὑπάρχειν.
1294 700 1404 753 Καὶ
1436 700 1614 752 πάντα
1656 700 1826 765 ἀναγ-

261 790 465 855 καίως·
505 793 615 855 τοῖς
652 792 751 861 μὲν
795 796 904 861 γὰρ
935 792 1297 861 ἀρπακτικοῖς
1327 792 1465 860 πρὸς
1500 792 1599 859 τὴν
1648 791 1825 859 ἄγραν

259 880 318 933 al
345 879 454 933 τῶν
478 879 686 950 ὀνύχων
701 880 901 950 ἀκμαὶ,
928 884 1043 943 τοῖς
1093 881 1153 934 δὲ
1201 881 1408 944 λοιποῖς
1462 878 1824 956 [ἀναγκαίως]

259 970 401 1041 πρὸς
427 972 528 1040 τὴν
556 971 650 1024 τοῦ
683 971 799 1041 βίου
829 971 1170 1042 διεξαγωγὴν
1207 974 1239 1042 ἠ
1301 973 1410 1025 τῶν
1456 974 1635 1026 ποδῶν
1686 974 1827 1041 ὑπη-

260 1061 421 1130 ρεσία
450 1060 773 1132 δεδώρηται.
807 1061 1008 1129 Ὀλίγοι
1035 1062 1092 1115 δὲ
1123 1064 1232 1115 τῶν
1260 1062 1492 1134 ὀρνίθων
1524 1064 1827 1126 κακόποδές

260 1154 423 1217 εἰσιν,
456 1152 580 1206 οὔτε
612 1154 857 1224 βαδίζειν
891 1154 1020 1208 οὔτε
1051 1156 1306 1228 ἀγρεύειν
1348 1156 1460 1217 τοῖς
1494 1158 1650 1208 ποσὶν
1704 1158 1825 1208 ὲπι-

258 1246 484 1318 τήδειοι,
511 1247 588 1311 ὡς
612 1247 673 1301 αῑ
700 1248 969 1317 χελιδόνες
1015 1249 1111 1302 καὶ
1140 1251 1199 1302 al
1233 1248 1554 1318 δρεπανίδες
1599 1248 1827 1316 λεγόμε-

229 1352 367 1399 ,ναι,
401 1331 537 1410 οἷ’ςή
572 1338 749 1408 τροφὴ
775 1338 886 1391 ἀπὸ
927 1339 1037 1391 τῶν
1080 1341 1139 1391 ἑν
1170 1338 1247 1410 τῷ
1274 1338 1401 1407 ἀέρι
1434 1334 1827 1409 ἐμφερομένων

256 1407 632 1493 ἐπινενόηται.

335 1515 578 1584 Πρόσεχε
616 1516 821 1571 λοιπόν.
858 1516 1025 1585 ’Ἄλλη
1078 1517 1173 1571 καὶ
1214 1518 1322 1589 γὰρ
1360 1519 1674 1590 κατασκευὴ
1709 1522 1825 1583 τοῖς

257 1604 654 1673 σπερμολόγοις
678 1606 890 1675 δρνεσι,
945 1609 1039 1661 καὶ
1101 1608 1236 1675 άλλη
1275 1612 1386 1672 τοῖς
1432 1612 1825 1681 σαρκοϐόροις,

252 1694 337 1761 τῷ
390 1694 577 1765 τρόπῳ
622 1697 720 1766 τῆς
778 1698 989 1768 διαίτης
1039 1700 1220 1753 αὐτῶν
1266 1703 1574 1772 πρέπουσα,
1623 1702 1829 1772 ὀνύχων

252 1783 435 1850 ἀκμαὶ
479 1783 574 1836 καὶ
625 1786 804 1855 χείλος
862 1788 1101 1854 ἀγκύλον
1141 1790 1249 1842 -καὶ
1298 1791 1496 1859 πτερὸν
1531 1790 1652 1856 ὀξὺ,
1685 1791 1824 1844 ὥστε

255 1875 356 1925 καὶ
394 1873 771 1944 συλληφθῆναι
800 1877 999 1947 ῥᾳδίως
1025 1878 1085 1930 τὺ
1119 1879 1366 1949 θήραμα.
1398 1857 1499 1934 Διὰ
1526 1883 1636 1952 γὰρ
1669 1880 1829 1936 τοῦτο
1858 1857 1900 1911 Β

252 1968 351 2020 καὶ
382 1967 736 2038 σκληρότεροι
779 1969 890 2023 τῶν
920 1969 1075 2033 ζώων
1113 1972 1160 2025 0i
1200 1972 1390 2043 ὄνυχες
1418 1973 1451 2042 ἦ
1481 1973 1575 2027 τοῦ
1622 1972 1831 2045 ἀνθρώ-

250 2074 359 2111 που
390 2074 408 2091 ·
471 2059 889 2131 μαλθακώτεροι
961 2063 1056 2115 καὶ
1126 2065 1233 2133 γάρ
1284 2059 1430 2118 οὗτοι
1493 2065 1570 2135 τῷ
1621 2064 1829 2136 ἀνθρὼ-

252 2168 343 2219 πῳ
387 2153 940 2221 κατεσκευάσθησαν,
971 2153 1054 2207 ὅτι
1083 2170 1143 2206 τε
1183 2155 1277 2208 καὶ
1327 2156 1385 2209 τὸ
1428 2156 1604 2226 δέρμα
1640 2157 1828 2209 τούτου

254 2242 702 2315 μαλθακώτερον,
751 2244 844 2312 ἀφ’
892 2240 954 2299 o6
1009 2247 1104 2300 καὶ
1156 2248 1204 2299 οἱ
1255 2246 1443 2318 δνυχες
1480 2248 1578 2317 τὴν
1613 2248 1827 2317 γένεσιν

250 2333 459 2402 ἔχουσι,
505 2336 601 2388 καὶ
641 2335 722 2388 ὅτι
756 2337 893 2406 πρὸς
923 2337 1024 2407 τὴν
1068 2339 1263 2409 χρῆσιν
1291 2340 1507 2410 ἑκάστῳ
1533 2339 1639 2394 τῶν
1670 2340 1826 2404 ζώων

252 2425 288 2493 ἢ
330 2442 390 2477 τε
440 2424 744 2496 σκληρότης
780 2428 890 2481 τῶν
921 2428 1131 2498 ὀνύχων
1180 2430 1272 2483 καὶ
1306 2432 1339 2501 ἡ
1375 2432 1720 2503 μαλθακότης
1743 2432 1826 2485 δε-

251 2515 524 2586 δώρηται.
562 2518 727 2569 Ἀλλὰ
771 2520 867 2571 καὶ
912 2518 1022 2571 τῶν
1052 2521 1290 2590 ’πτηνῶν
1337 2523 1405 2575 τὰ
1463 2522 1563 2592 μὲν
1617 2522 1826 2593 ἄναρχά

253 2608 364 2660 εισι
398 2608 492 2659 καὶ
512 2603 624 2661 οἷον
653 2608 947 2678 αὐτόνομα,
978 2612 1044 2664 τὰ
1081 2611 1138 2664 δὲ
1185 2613 1275 2680 ὑφ’
1303 2614 1534 2682 ἡγεμόνι
1567 2613 1825 2681 τετάχθαι

252 2698 683 2767 καταδεχόμενα,
713 2700 788 2761 ὡς
825 2700 876 2752 0i.
910 2700 1153 2770 γέρανοι.
1177 2700 1333 2755 Ἀλλὰ
1360 2703 1453 2755 καὶ
1483 2703 1540 2755 αἱ
1574 2702 1824 2771 μέλισσαι

251 2786 359 2840 ὑπὸ
395 2786 609 2858 βασιλεῖ
654 2791 751 2844 καὶ
788 2792 1071 2863 ταξιάρχῳ
1126 2796 1233 2847 τινὶ
1270 2793 1381 2847 τῶν
1414 2794 1592 2863 ἔργων
1625 2796 1827 2848 ἆπτονυ

250 2891 365 2941 ται,
404 2875 466 2929 (λῦ
500 2879 765 2948 πρότερον
804 2880 897 2931 ἐπὶ
933 2883 1058 2943 τοὺς
1088 2878 1362 2949 λειμῶνας
1399 2880 1574 2932 ἐλθεῖν
1603 2880 1828 2931 καταδε-

250 2965 505 3037 χόμεναι,
570 2969 702 3034 πρὶν
760 2968 829 3021 ἂν
863 2969 1014 3021 ίδωσι
1073 2969 1166 3022 τὸν
1191 2969 1425 3039 βασιλέα
1481 2968 1826 3039 κατάρξαντα

175 3046 182 3051 ’
251 3057 355 3125 τῆς
393 3059 666 3129 πτήσεως.
703 3059 779 3112 O6
819 3061 1197 3129 χειροτονητὸς
1258 3059 1316 3113 δὲ
1370 3056 1522 3125 οὗτος
1548 3099 1564 3125 ,
1616 3062 1733 3115 ἀλλ’
1761 3063 1827 3115 ὲκ

255 3146 477 3213 φύσεως
516 3148 655 3216 ἔχων
695 3150 757 3202 τὸ
799 3152 942 3202 κατὰ
989 3150 1208 3205 πάντων
1252 3155 1542 3221 πρωτεῖον,
1596 3155 1691 3207 καὶ
1727 3171 1824 3223 με·

252 3236 404 3305 γέθει
450 3238 723 3309 διαφέρων
780 3242 872 3293 καὶ
931 3243 1173 3311 σχήματι
1226 3244 1324 3298 καιὶ⁴
1378 3246 1444 3313 τῇ
1473 3243 1595 3319 ,τοῦ
1652 3244 1817 3315 ἤθους

252 3327 543 3397 πραότητι.
583 3331 742 3384 Ἔστι
781 3330 882 3400 μὲν
929 3332 1038 3401 γὰρ
1074 3333 1300 3402 κέντρον
1328 3334 1408 3403 τῷ
1439 3327 1666 3402 βασιλεῖ,
1704 3336 1820 3389 ἀλλ’

250 3423 313 3472 οὐ
343 3422 543 3490 χρῆται
573 3421 748 3491 τούτῳ
806 3422 944 3494 πρὸς
992 3422 1230 3494 ἄμυναν.
1276 3426 1454 3495 Νόμοι
1491 3426 1635 3490 τινές
1682 3428 1820 3482 είσιν

251 3503 402 3565 οὗτοι
432 3512 530 3581 τῆς
556 3512 774 3581 φύσεως
817 3515 1092 3583 ἄγραφοι,
1145 3516 1349 3585 ἀργοὺς
1396 3511 1537 3569 εἶναι
1578 3517 1712 3586 πρὸς
1737 3536 1821 3571 τι-

254 3602 470 3670 μωρίαν
493 3604 617 3665 τοὺς
632 3602 741 3656 τῶν
767 3605 1040 3672 μεγίστων
1063 3604 1391 3658 δυναστειῶν
1415 3605 1818 3670 ἑπιὸαἰνοντας.

253 3688 415 3744 οὕτω
445 3691 544 3757 μιν
584 3693 641 3745 al
681 3692 761 3761 τῷ
783 3693 881 3746 τοῦ
905 3692 1163 3771 βασιλέως
1197 3694 1556 3764 ὑποδείγματι
1582 3696 1658 3765 μὴ
1689 3697 1821 3749 ἀκο-

252 3780 545 3836 λουθοῦσαι
576 3785 642 3852 τῇ
676 3782 771 3836 τοῦ
803 3785 1034 3855 κέντρου
1070 3786 1253 3856 πληγῇ
1302 3785 1818 3854 ὶναποθνήσκουσιν,

251 3871 381 3939 ἀξια
408 3872 507 3943 τῆς
535 3874 748 3927 ἑαυτῶν
771 3874 1052 3945 ὠμότητος
1079 3877 1433 3945 εὑρίσκουσαι
1454 3876 1522 3930 τὰ
1543 3878 1817 3948 ιπίχειρα.

334 3964 497 4019 Ἀλλά
550 3968 647 4020 καὶ
676 3964 832 4020 τοῦτο
862 3967 1166 4037 θαυμάζειν
1194 3967 1365 4035 ἄξιον,
1402 3969 1519 4031 πῶς
1548 3969 1604 4022 αί
1651 3970 1818 4040 γέρα-

251 4071 335 4107 νοι
356 4054 457 4118 τὰς
480 4057 539 4109 ἐν
580 4059 649 4127 τῇ
672 4059 829 4110 νυκτὶ
856 4060 1214 4127 προφυλακὰς
1247 4062 1311 4113 ὲκ
1343 4062 1646 4131 περιτομῆς
1675 4062 1820 4113 ὑπο-

248 4142 523 4211 δέχονται,
556 4145 649 4197 καὶ
680 4145 734 4197 αἱ
776 4144 875 4215 μὶν
902 4146 1281 4213 καθεύδουσιν,
1314 4149 1371 4203 αἱ
1414 4149 1471 4201 δὲ
1507 4148 1692 4218 κύκλῳ
1725 4165 1821 4205 πε-

254 4234 491 4304 ριιοῦσαι
524 4236 714 4289 πᾶσαν
743 4236 936 4301 αὐταῖς
971 4239 1031 4291 εν
1061 4238 1137 4309 τῷ
1185 4238 1337 4309 ὕπνῳ
1385 4242 1685 4310 παρέχουσι
1719 4243 1817 4311 τὴν

250 4326 583 4393 ἀσφάλειαν.
628 4323 760 4382 Εἶτα
807 4328 904 4382 τοῦ
936 4330 1136 4402 καιροῦ
1169 4333 1267 4400 τῆς
1298 4334 1548 4400 φυλακῆς
1576 4335 1817 4405 πληρουο

252 4416 447 4487 μένου,
478 4419 511 4486 η
547 4418 648 4487 μὲν
676 4417 923 4489 βοήσασα
952 4422 1089 4489 πρὸς
1113 4421 1279 4475 ὕπνον
1306 4424 1540 4494 ἐτράπη,
1570 4426 1603 4494 ἡ
1633 4426 1690 4478 δὲ
1720 4425 1819 4492 τήν

249 4507 504 4579 διαδοχὴν
538 4510 833 4582 δεξαμένη,
867 4507 1157 4584 ἦςρέτυχεν
1187 4515 1511 4582 ἀσφαλείας,
1538 4516 1635 4569 καὶ
1667 4516 1822 4570 ἀντέ-

246 4597 391 4652 δωκε
410 4592 541 4662 ταῖς
564 4599 803 4663 λοιπαῖς.
834 4601 991 4655 Οὕτω
1025 4605 1123 4671 μὲν
1152 4601 1245 4657 οὖν
1272 4608 1366 4659 καὶ
1385 4607 1444 4659 τδ
1472 4606 1578 4659 τῶν
1609 4606 1817 4677 πελαρ-

246 4690 364 4758 γῶν
400 4690 482 4751 είς
530 4690 789 4761 ἔκπληξιν
840 4692 967 4760 ἄγει
1005 4694 1214 4756 πάντας
1269 4696 1375 4767 τῶν
1418 4696 1818 4769 διαληφθέντων

248 4782 353 4833 οὐκ
401 4779 651 4836 ιλασπον.
679 4782 909 4835 Ἐκεῖνοι
940 4786 1050 4854 γὰρ
1082 4786 1175 4836 τὸν
1206 4785 1413 4857 πατέρα
1448 4788 1553 4842 ὑπὸ
1587 4786 1683 4841 τοῦ
1715 4789 1817 4859 γή-

252 4886 380 4941 pou;
423 4874 913 4943 πτεροῤῥυήσαντα
957 4878 1311 4945 περιστάντες
1365 4882 1423 4931 ὲν
1473 4877 1659 4951 κύκλῳ
1703 4883 1816 4942 τοῖς

246 4958 475 5023 οἰκείοις
504 4964 724 5030 πτεροῖς
752 4962 1132 5025 διαθάλπουσι,
1164 4968 1260 5020 καὶ
1288 4969 1387 5031 τὰς
1416 4970 1621 5039 τροφὰς
1650 4969 1818 5039 ἀφθό-

248 5066 354 5112 νως
389 5053 931 5125 παρασκευάζοντες.
958 5055 1208 5125 βοήθειαν
1238 5057 1387 5127 αύτῷ
1421 5059 1561 5115 κατά
1613 5074 1677 5125 γε
1718 5060 1820 5127 τὴν

250 5141 453 5211 πτῆσιν
495 5144 844 5212 παρέχουσιν,
886 5146 1069 5218 ἠρέμα
1109 5148 1186 5216 τῷ
1229 5149 1413 5217 πτερῷ
1465 5150 1817 5218 κουφίζοντες

250 5233 616 5301 ἑκατέρωθεν.
649 5237 758 5291 Καὶ
789 5238 960 5303 οὕτως
991 5241 1127 5293 πᾶσι
1149 5241 1307 5294 τοῦτο
1338 5242 1711 5313 διασεϐόηται,
1742 5243 1818 5308 ὡς

247 5323 500 5376 ἐντεῦθεν
539 5326 631 5379 καί
680 5343 835 5391 τινας
878 5328 982 5398 τὴν
1034 5331 1143 5382 τῶν
1176 5332 1635 5403 εὐεργετημάτων
1669 5335 1818 5389 ἀντί-

246 5414 401 5469 δοσιν
437 5412 730 5483 ὀνομάζειν
770 5420 1274 5492 άντιπελάργωσιν.
1325 5424 1530 5493 Μηδεὶς
1586 5424 1678 5479 οὖν
1730 5428 1816 5481 διὰ

248 5509 447 5560 πενίαν
470 5509 568 5579 τὴν
595 5510 764 5565 αὑτοῦ
802 5514 1236 5583 ἀπογινωσκέτω
1263 5515 1429 5588 ζωήν.

321 5765 397 5821 Τὸ
430 5767 485 5820 δὲ
531 5770 629 5838 τῆς
682 5774 947 5840 χελιδόνος
992 5778 1304 5849 εὐμήχανον
1336 5783 1453 5847 πῶς
1502 5786 1603 5842 οὐκ
1643 5788 1708 5844 ἄν
1734 5808 1817 5856 τις

499 5864 758 5925 ΡΑτιιυι.
793 5869 906 5927 tin.
948 5869 1207 5933 CLVIII.

1931 608 2137 662 victum
2177 618 2367 679 petere
2403 623 2695 683 coguntur,
2726 624 2782 670 et
2831 631 3023 671 omnes
3056 623 3365 676 necessario
3396 640 3489 693 pe-

1928 698 2059 752 dum
2092 699 2452 756 adminiculis
2498 705 2768 776 indigent.
2817 706 2949 760 Nam
2984 711 3273 778 rapacibus
3306 714 3371 767 ad
3406 731 3495 768 ca-

1928 788 2182 855 piendam
2211 790 2449 857 prmdam
2481 808 2693 862 ungues
2725 798 3121 851 accommodati
3151 811 3300 865 sunt,
3333 815 3493 857 caete-

1929 875 2005 928 ris
2031 877 2097 929 ad
2132 879 2523 935 sustinendam
2573 887 2868 954 cateroqui
2903 888 3065 941 vitam
3103 892 3303 958 pedum
3361 910 3493 947 usus

1926 977 2011 1021 est
2041 983 2357 1025 concessus.
2395 971 2691 1042 Pcrpaueis
2735 978 2905 1047 pedes
2953 981 3092 1035 male
3143 994 3273 1038 sunt
3311 986 3496 1039 allecti

1926 1067 2093 1128 atque
2124 1061 2362 1127 debiles,
2422 1064 2496 1119 ita
2534 1074 2592 1119 ut
2639 1082 2741 1122 nec
2813 1070 3075 1127 incedere
3142 1090 3243 1129 nec
3304 1081 3492 1133 venari

1927 1149 2228 1219 quidquam
2277 1151 2513 1222 pedibus
2559 1161 2791 1224 possint,
2846 1160 2901 1213 in
2963 1178 3075 1231 quo
3123 1181 3323 1233 genere
3367 1178 3497 1221 sunt

1910 1240 2255 1297 ‘birnndincs
2291 1252 2349 1296 ct
2394 1260 2517 1313 qua:
2548 1247 2760 1301 taleolas
2807 1251 2925 1305 sive
2957 1253 3174 1322 riparim
3208 1256 3493 1319 dicuntur,

1926 1346 2047 1400 qua:
2107 1348 2211 1401 pro
2267 1334 2527 1389 alimento
2583 1349 2880 1393 vescuntur
2943 1342 3166 1398 insectis
3217 1362 3317 1413 per
3364 1344 3495 1403 aera

1926 1423 2258 1479 volantibus.

1995 1515 2379 1570 Animadverte
2448 1533 2614 1587 porro
2657 1531 2987 1578 structuram
3059 1526 3220 1580 aliam
3273 1527 3492 1582 illarum

1927 1607 2107 1660 avium
2147 1622 2292 1670 esse,
2321 1623 2444 1677 quae
2477 1612 2687 1667 semina
2717 1614 2926 1683 legunt.
2983 1617 3145 1671 aliam
3177 1623 3496 1676 earnivora-

1928 1712 2071 1761 rum,
2101 1698 2270 1752 victui
2303 1690 2514 1755 scilicet
2539 1694 2733 1757 earum
2756 1709 3249 1765 accommodatam.
3282 1711 3496 1767 Habent

1928 1788 2074 1841 enim
2107 1798 2401 1859 peracutos
2432 1806 2660 1863 ungues,
2690 1808 2927 1850 rostrum
2948 1799 3245 1864 aduncum,
3282 1804 3494 1858 celeres

1930 1877 2064 1943 alas,
2092 1890 2150 1932 ut
2178 1880 2412 1948 praedam
2467 1886 2747 1954 corripere
2802 1888 3057 1943 celeriter
3098 1892 3327 1959 possint.
3375 1894 3491 1960 Qua

1932 1969 2149 2039 quidem
2182 1971 2298 2041 ipsa
2323 1972 2390 2027 de
2418 1988 2584 2029 causa
2614 1975 2868 2031 duriores
2925 1979 3257 2036 animalibus
3288 1999 3495 2053 ungues

1931 2070 2062 2115 sunt
2092 2077 2253 2131 quam
2281 2064 2510 2125 homini.
2559 2066 2645 2121 cui
2691 2080 2817 2123 sunt
2848 2072 3070 2125 omnino
3104 2074 3401 2131 molliores.
3430 2076 3497 2130 Et

1928 2162 2141 2208 constat
2168 2164 2317 2209 certe
2342 2164 2522 2211 cutem
2542 2158 2799 2228 ejusdem
2820 2162 3181 2216 consimiliter
3208 2177 3328 2218 csse
3360 2167 3497 2218 mol-

1930 2246 2143 2313 liorem,
2181 2246 2249 2301 de
2285 2263 2391 2317 qua
2427 2266 2636 2321 ungues
2668 2253 2947 2318 oriuntur,
2979 2253 3217 2325 itemque
3260 2264 3368 2311 tam
3401 2258 3495 2311 du-

1930 2338 2111 2393 ritiem
2165 2354 2327 2410 quam
2390 2344 2677 2397 mollitiem
2733 2345 2998 2415 unguium
3049 2347 3381 2403 animalibus
3428 2364 3496 2404 ex

1931 2425 2172 2495 ipsorum
2210 2444 2314 2483 usu
2344 2429 2548 2484 datam.
2580 2432 2847 2487 Praeterea
2873 2436 3156 2491 volucrum
3189 2438 3309 2493 alia:
3342 2438 3495 2495 nullo

1931 2525 2192 2572 tenentur
2219 2519 2473 2588 imperio,
2506 2520 2869 2592 libertateque
2912 2525 3079 2580 veluti
3113 2526 3345 2595 quadam
3380 2528 3495 2582 fru-

1930 2617 2133 2675 untur;
2166 2610 2466 2677 alimlducis
2495 2613 2728 2681 imperio
2762 2614 3021 2684 subjecta:
3045 2626 3193 2679 sunt,
3227 2628 3287 2672 ut
3310 2636 3493 2689 grues.

1929 2700 2073 2769 Apes
2104 2703 2266 2756 etiam
2302 2703 2403 2757 sub
2440 2719 2584 2774 rege,
2609 2719 2673 2758 ac
2702 2707 2957 2774 praefecto
2998 2709 3259 2777 quodam,
3298 2726 3496 2778 operas

1930 2806 2061 2846 suas
2095 2791 2412 2856 absolvunt,
2466 2809 2569 2847 nec
2595 2796 2748 2864 prius
2777 2797 2842 2850 ad
2876 2807 3031 2867 prata
3073 2802 3363 2855 convolare
3395 2815 3490 2855 so-

1928 2882 2043 2937 lent
2072 2899 2235 2952 quam
2268 2899 2450 2956 regem
2482 2888 2699 2942 initium
2735 2891 2987 2945 avolandi
3016 2891 3211 2947 fecisse
3266 2908 3494 2965 conspe-

1927 2974 2125 3028 xerint.
2160 2975 2369 3045 Neque
2423 2993 2606 3048 regem
2658 2979 2806 3033 hunc
2838 2981 3115 3050 suﬂ'ragiis
3152 2986 3307 3047 quasi
3342 2985 3493 3038 dele-

1928 3074 2076 3119 ctum
2115 3066 2343 3130 habent,
2368 3071 2461 3121 sed
2497 3082 2524 3120 a
2550 3077 2744 3143 natura
2781 3069 2836 3123 in
2869 3073 3131 3126 omnibus
3158 3076 3489 3143 principem.

1927 3155 2280 3209 excellentem
2308 3165 2533 3212 caeteros
2562 3142 2955 3227 magnitudine,
2982 3142 3176 3222 forma.
3204 3172 3259 3217 et
3293 3165 3494 3220 indolis

1929 3253 2092 3314 atque
2122 3259 2335 3299 morum
2371 3248 2817 3303 mansuetudine.
2844 3250 2978 3303 Nam
3014 3251 3239 3305 stimulo
3269 3254 3493 3322 quidem

1928 3348 2022 3389 rex
2048 3335 2307 3404 praeditus
2327 3345 2432 3399 est,
2456 3351 2647 3390 verum
2666 3339 2731 3392 ad
2757 3338 3048 3394 vindictam
3067 3356 3133 3395 eo
3163 3358 3267 3397 non
3299 3344 3492 3405 utitur.

1932 3424 2075 3480 Sunt
2105 3426 2185 3480 lue
2219 3427 2366 3496 leges
2395 3428 2642 3496 quaedam
2693 3444 2801 3484 non
2834 3433 3070 3500 scriptae,
3121 3436 3213 3489 sed
3259 3436 3329 3492 ab
3376 3438 3492 3507 ipsa

1912 3516 2185 3593 proiectae
2215 3528 2431 3580 natura,
2466 3526 2525 3572 ut
2553 3522 2644 3589 qui
2678 3524 2929 3577 maximis
2983 3523 3228 3597 imperiis
3270 3533 3494 3598 potiun-

1931 3619 2040 3672 tur,
2070 3609 2135 3663 ad
2172 3610 2512 3685 puniendum
2548 3612 2686 3666 lardi
2718 3613 2847 3667 sint.
2907 3616 2972 3669 Et
3004 3618 3225 3685 quidem
3275 3622 3319 3675 si
3368 3638 3493 3696 qua:

1929 3714 2060 3769 apes
2095 3698 2409 3771 exemplum
2461 3702 2602 3771 regis
2642 3701 2727 3756 sui
2779 3719 2887 3759 non
2942 3707 3249 3769 imitantur.
3314 3710 3493 3768 delixo

1928 3791 2151 3845 stimulo
2179 3792 2338 3845 simul
2365 3793 2714 3847 emoriuntur
2740 3793 3010 3865 dignaque
3042 3798 3370 3856 crudelitate
3391 3818 3488 3861 sua

1929 3881 2153 3951 praemia
2185 3892 2624 3951 consequuntur.

2001 3972 2116 4026 Hoc
2150 3972 2311 4027 etiam
2342 3987 2443 4028 nos
2467 3973 2724 4031 admirari
2756 3992 2853 4046 par
2872 3988 2975 4043 est.
3006 3995 3116 4050 quo
3146 3994 3301 4054 pacto
3332 4004 3494 4056 grues

1931 4073 2227 4120 nocturnas
2257 4064 2519 4120 excubias
2568 4081 2662 4135 per
2692 4069 2842 4123 vices
2897 4070 3122 4137 obeant,
3182 4076 3337 4135 dum.
3371 4082 3493 4135 alim

1928 4154 2150 4225 quidem
2179 4156 2479 4222 dormiunt,
2512 4158 2631 4212 alia:
2676 4159 3070 4220 circumeundo
3118 4178 3396 4235 prtestant,
3436 4183 3494 4225 ut

1930 4262 2121 4301 omnes
2146 4248 2213 4301 ab
2246 4250 2394 4302 omni
2430 4250 2672 4319 periculo
2734 4267 2832 4320 per
2880 4256 3122 4322 quietem
3180 4270 3308 4315 tutae
3356 4263 3489 4318 sint.

1926 4337 2031 4409 41
2063 4338 2163 4393 Ubi
2197 4339 2390 4395 deinde
2426 4349 2640 4411 tempus
2673 4345 2935 4400 excubiis
2969 4349 3129 4403 unius
3160 4352 3492 4412 destinatum

1929 4432 2211 4500 prmteriit,
2261 4433 2499 4487 clamore
2549 4436 2639 4489 illa
2670 4438 2882 4492 sublato
2929 4455 2987 4494 se
3020 4444 3189 4511 quieti
3222 4447 3315 4503 dat
3352 4465 3365 4501 :
3420 4450 3490 4503 ibi

1859 4525 1898 4578 D
1932 4531 2044 4575 tum
2077 4522 2245 4577 altera
2276 4524 2578 4579 succedens
2631 4526 2686 4579 in
2715 4527 2831 4595 ejus
2860 4530 3063 4597 locum,
3128 4550 3290 4604 quam
3344 4538 3494 4596 illius

1926 4612 2194 4668 beneﬁcio
2229 4624 2526 4669 consecuta
2554 4627 2659 4679 est,
2696 4620 2936 4688 quietem
2966 4624 3204 4682 vicissim
3263 4632 3491 4700 reliquis

1929 4711 2102 4759 tutam
2136 4712 2375 4772 praestat.
2399 4705 2681 4762 Consimili
2711 4711 2871 4765 modo
2905 4714 3243 4773 ciconiarum
3270 4738 3489 4795 quoque

1927 4794 2077 4849 natio
2107 4805 2338 4851 cunctos
2365 4799 2417 4852 in
2460 4798 2875 4858 admirationem
2909 4808 3073 4876 rapit,
3101 4810 3211 4879 jam
3239 4794 3493 4872 indicatis

1927 4885 2071 4938 haud
2102 4885 2324 4942 cedens.
2355 4876 2486 4941 Nam
2521 4901 2755 4971 patrem,
2797 4896 2893 4964 qui
2937 4913 3047 4965 prae
3096 4876 3250 4957 senio
3285 4923 3493 4974 pennas

1926 4977 2131 5040 amisit.
2169 4979 2411 5049 undique
2434 4980 2856 5051 circumstantes
2888 4989 2990 5043 alis
3018 4994 3252 5061 propriis
3281 4996 3489 5065 fovent,

1925 5068 2246 5123 alimentum
2282 5070 2357 5122 illi
2386 5069 2610 5126 abunde
2647 5071 3020 5143 suppeditant,
3046 5091 3209 5152 atque
3237 5088 3400 5141 etiam
3434 5090 3487 5143 in
3562 5092 3570 5100 ‘

1927 5157 2111 5213 volatu
2139 5158 2351 5227 juvant,
2385 5160 2585 5217 leniter
2624 5177 2750 5216 eum
2782 5165 2851 5219 ab
2883 5177 3114 5238 utraque
3151 5184 3305 5240 parte
3359 5161 3489 5230 sub?

1926 5248 2388 5314 levantes.-Quod
2422 5253 2642 5320 quidem
2691 5270 2870 5325 usque”
2926 5254 3064 5313 adeo
3102 5260 3301 5329 passim
3341 5271 3485 5337 apud

1926 5352 2119 5393 omnes
2148 5341 2525 5411 pervulgatum
2551 5354 2657 5412 est,
2691 5357 2750 5399 ut
2785 5348 2887 5403 hac
2935 5349 3002 5404 de
3036 5368 3199 5408 causa
3240 5361 3489 5419 nonnulli

1928 5431 2437 5498 compensationem
2488 5436 2881 5494 beneficiorum
2940 5444 3213 5512 appellare
3249 5460 3491 5507 mutuam

1929 5521 2266 5575 ciconiarum
2327 5525 2585 5594 pietatem
2625 5531 3035 5588 consueverint.
3093 5534 3211 5600 Quo
3244 5544 3493 5610 exemplo

1929 5613 2143 5667 moneri
2184 5627 2286 5667 nos
2324 5614 2581 5670 convenit
2614 5632 2681 5672 ne
2712 5619 2953 5689 qnisub
2999 5636 3377 5694 paupertatem
3426 5633 3493 5688 de

1927 5704 2037 5758 vita
2073 5703 2349 5773 desperet.

1998 5797 2066 5851 Et
2092 5798 2217 5869 quis
2257 5814 2364 5854 non
2403 5800 2721 5861 hirundinis
2779 5810 3054 5865 solertiam
3109 5813 3486 5885 maximopere
