4214 6442
712 414 781 478 99
1975 392 2385 452 mcuams
2419 391 2676 452 (mea

3833 389 3930 453 100

709 517 1047 577 admiretur?
1077 512 1150 568 Ea
1174 525 1296 566 cum
1324 507 1508 562 nidum
1554 503 1794 568 coniicit,
1853 503 2086 558 festucas
2144 500 2264 570 qui-
2296 524 2308 560 Α

2399 500 2782 568 ηπεραγὰσαιτο
2813 517 2828 565 ς
2858 498 3075 571 Ἑκείνη
3103 501 3210 570 γὰρ
3249 499 3344 570 τὴν
3382 497 3573 554 καλιὰν
3606 499 3924 568 πηγνυμένη

710 619 829 666 di-m
857 612 1113 666 collectas
1139 617 1234 659 ore
1267 601 1479 671 profert
1513 616 1525 654 :
1561 601 1654 652 sed
1705 611 1829 650 cum
1870 594 2057 649 tollere
2088 593 2265 647 lutum

712 703 944 772 pedibus
972 705 1227 768 nequeat,
1261 707 1396 764 quos
1424 690 1488 744 ad
1517 689 1740 759 quasvis
1789 700 1983 755 operas
2041 699 2267 755 prorsus

709 793 925 861 ineptos
962 791 1146 852 habet,
1172 782 1432 841 extremis
1466 780 1676 834 alarum
1709 776 1958 846 partibus
1985 775 2039 828 in
2073 789 2266 843 aquam

709 883 916 948 tinctis,
954 897 1018 935 ac
1042 877 1241 934 deinde
1274 870 1700 929 minutissimum
1734 871 1790 922 in
1819 867 2102 936 pulverem
2137 878 2268 933 pro-

709 975 916 1035 voluta,
947 971 1219 1025 rationem
1253 962 1552 1033 usurpandi
1624 958 1721 1012 luti
1783 956 2077 1024 excogitat.
2134 953 2268 1008 Nam

709 1063 973 1134 paulatim
1005 1058 1234 1114 festucis
1291 1057 1408 1108 luto
1455 1062 1711 1120 tanquam
1767 1047 1975 1118 glutino
2034 1041 2270 1113 quodam

708 1130 975 1225 colligatis
999 1151 1188 1205 nidum
1221 1145 1476 1209 exstruit,
1508 1150 1565 1196 et
1587 1138 1759 1210 pullos
1783 1137 1835 1190 in
1873 1150 1939 1189 eo
1987 1148 2115 1187 suos
2137 1130 2272 1186 edu-

706 1258 815 1302 cat.
844 1244 1087 1311 Quorum
1121 1241 1167 1295 si
1195 1237 1321 1308 quis
1351 1233 1543 1288 oculos
1572 1228 1808 1291 amittat,
1840 1237 2000 1293 opem
2027 1237 2055 1275 a
2078 1227 2270 1274 natura

713 1338 976 1392 medicam
1005 1331 1191 1392 habet,
1220 1342 1326 1392 qtta
1358 1338 1455 1379 eos
1487 1319 1619 1374 fetui
1648 1334 1749 1371 suo
1778 1313 2038 1369 restituit.

783 1515 987 1568 Marina
1017 1509 1265 1579 quaedam
1291 1501 1499 1556 avicula
1530 1491 1616 1552 est
1675 1491 1923 1549 halcedo.
1968 1490 2042 1543 Ea
2065 1489 2271 1542 bruma:

687 1621 956 1676 tempore
987 1610 1210 1672 propter
1273 1597 1453 1648 littora
1508 1588 1774 1644 fetilicare
1810 1580 2115 1640 consuevit,
2154 1575 2272 1630 ovis

715 1702 766 1752 in
805 1712 966 1751 arena
994 1688 1298 1748 collocatis,
1334 1698 1457 1738 eum
1489 1678 1676 1734 multis
1706 1690 1770 1729 ac
1794 1667 2214 1728 vehementibus
2241 1679 2271 1720 a

713 1789 894 1844 ventis
925 1799 1077 1838 mare
1110 1779 1173 1833 ad
1209 1788 1406 1831 terram
1441 1770 1705 1826 alliditur.
1730 1765 1930 1820 Verum
1995 1774 2117 1814 mox
2159 1771 2274 1810 ont-

716 1900 812 1937 nes
845 1879 988 1934 venti
1021 1875 1304 1944 sopiuntur
1334 1877 1388 1923 et
1411 1867 1610 1920 ﬂuctus
1633 1859 1826 1915 marini
1856 1855 2273 1930 conquiescunt.
2307 1827 2348 1882 Β

713 1975 849 2028 Tum
881 1943 1106 2023 halcedo
1143 1973 1282 2016 totos
1311 1965 1518 2026 septem
1542 1955 1658 2008 dies
1716 1949 1832 2003 ovis
1882 1946 1998 2000 suis
2030 1943 2272 2005 incubat,

714 2079 947 2132 cumque
978 2055 1241 2125 temporis
1265 2048 1468 2120 aliquid
1523 2046 1588 2099 ad
1645 2041 2026 2097 educationem
2058 2049 2273 2112 quoque
2312 2076 2314 2078 ,

715 2123 1177 2210 sitnecessarium
1206 2187 1220 2210 ,
1260 2143 1376 2197 dies
1410 2140 1544 2193 alios
1597 2143 1829 2203 septem,
1884 2130 2082 2199 quibus
2140 2123 2274 2195 pulli

714 2243 966 2301 nonnihil
1025 2245 1316 2296 crescant,
1389 2231 1570 2284 divina
1622 2224 1844 2293 largitas
1889 2221 1937 2273 ei
1999 2214 2271 2272 concedit.

713 2337 841 2402 Qua:
876 2347 963 2387 res
997 2330 1227 2385 nautica:
1263 2324 1336 2380 rei
1373 2321 1562 2393 peritis
1590 2323 1716 2370 nota
1756 2321 1855 2371 est,
1885 2309 1975 2379 qui
2011 2308 2127 2362 dies
2154 2305 2275 2358 illos

714 2423 1045 2482 llalcedonia
1076 2426 1294 2474 vocant.

784 2601 1032 2658 Traduut
1048 2606 1383 2652 ctturturem
1407 2607 1435 2645 a
1458 2585 1697 2657 'cornpari
1721 2585 2022 2655 sejunclatn
2051 2577 2120 2632 ob
2144 2591 2275 2631 con-

712 2693 854 2767 jngis
889 2689 1087 2761 prioris
1123 2682 1440 2739 memoriam
1477 2679 1684 2732 nullius
1709 2673 1931 2728 alterius
1958 2669 2274 2725 societatem

715 2785 1025 2838 admittere.
1064 2777 1276 2831 Dictum
1305 2774 1408 2825 hoc
1439 2766 1764 2824 mulieribus
1791 2771 1931 2825 esto,
1965 2761 2091 2814 vita:
2121 2755 2278 2811 nimi-

717 2892 836 2932 rum
867 2872 1041 2928 viduae
1070 2869 1365 2940 puritatem
1404 2864 1476 2916 ab
1508 2860 1641 2931 ipsis
1709 2856 1875 2912 etiam
1931 2851 2111 2907 brutis
2153 2849 2275 2902 ani-

717 2963 991 3020 mantibus
1023 2934 1288 3013 indecora:
1315 2952 1556 3024 plurium
1603 2948 1918 3017 nuptlarum
1953 2934 2276 3011 appetitioui

717 3053 984 3127 prazl'evri.

786 3148 972 3212 Longe
1007 3138 1357 3212 iniustissima
1383 3143 1469 3189 est
1501 3133 1554 3187 in
1579 3128 1904 3186 educatione
1937 3139 2048 3180 sua:
2076 3120 2278 3178 sobolis
2305 3155 2348 3211 ο

709 3238 918 3308 aquila.
952 3234 1082 3290 Nam
1116 3246 1237 3285 cum
1281 3228 1456 3299 pullos
1487 3223 1626 3279 duos
1652 3219 1930 3291 produxit,
1963 3214 2194 3269 alterum
2219 3213 2271 3264 in

721 3341 920 3384 terram
988 3324 1178 3394 dejicit
1228 3322 1437 3374 alarum
1470 3313 1796 3370 verberibus
1825 3316 2167 3379 protrusum,
2212 3303 2282 3356 ob

711 3417 1059 3473 educationis
1086 3412 1294 3468 scilicet
1318 3419 1592 3464 aerumnas
1613 3414 1775 3472 atque
1805 3396 2084 3454 molestias
2112 3395 2280 3450 fetum

717 3514 788 3566 ab
818 3526 876 3566 se
904 3516 1252 3578 procreatum
1285 3511 1594 3555 removens.
1625 3493 1729 3549 Sed
1780 3492 2049 3561 abiectum
2082 3485 2281 3556 phene,

721 3618 886 3675 quam
925 3597 1245 3666 ossifragam
1275 3593 1488 3654 dicunt,
1559 3586 1739 3665 perire
1790 3599 1899 3638 non
1945 3579 2079 3635 sinit
2114 3591 2281 3631 :nam

722 3661 997 3748 sublatum
1059 3661 1172 3740 suis
1235 3696 1357 3736 cum
1390 3676 1555 3748 pullis
1600 3661 1817 3729 educat.
1874 3667 2046 3749 Quem
2100 3673 2284 3720 autem

721 3784 928 3856 pullum
951 3781 1066 3850 ipsa
1095 3775 1203 3848 ιε
1238 3774 1336 3828 alit
1371 3768 1579 3840 aquila,
1620 3759 1827 3822 'sccum
1869 3760 2065 3816 deinde
2094 3755 2284 3820 sumit,

719 3847 778 3932 et
807 3876 949 3928 inter
974 3847 1270 3925 velandum
1322 3877 1447 3918 cum
1501 3875 1592 3923 eo,
1641 3857 1686 3911 si
1746 3854 1970 3924 quidem
2023 3847 2284 3904 audacter

723 3982 847 4024 aera
877 3970 1154 4020 secantem
1182 3956 1368 4012 videat
1411 3967 1475 4006 ac
1534 3949 1667 4004 solis
1702 3943 2049 4016 splendorem
2114 3937 2289 3994 acutis

724 4062 1077 4112 contuentem
1121 4047 1319 4108 oculis,
1353 4056 1414 4098 ut
1446 4055 1606 4098 suum
1638 4038 1838 4093 retinet
1890 4042 2054 4102 atque
2082 4035 2286 4093 servat,

726 4149 806 4205 sin
842 4155 1045 4207 autem,
1080 4156 1180 4196 ceu
1215 4131 1710 4207 spurium.abjicit.
1763 4137 1765 4139 ’

796 4238 840 4293 Ε
869 4231 1150 4293 contrario
1180 4227 1426 4286 cornicis
1458 4239 1610 4279 amor
1640 4222 1695 4276 in
1731 4216 1972 4274 sobolem
2003 4209 2290 4284 prtedicari

720 4337 990 4388 meretur,
1016 4339 1136 4394 qua:
1172 4320 1349 4390 pullos
1375 4317 1486 4388 jam
1512 4313 1760 4367 volantes
1789 4303 2152 4361 nihilominus
2191 4314 2290 4355 eos

2370 589 2435 642 τὰ
2468 591 2566 659 μὲν
2603 591 2787 659 κάρφη
2820 589 2898 660 τῷ
2929 591 3151 658 στόματι
3180 591 3504 658 διακομίζει,
3534 589 3702 660 πηλὸν
3732 591 3786 642 δὲ
3817 593 3927 646 τοῖς

2374 680 2531 732 ποσὶν
2580 674 2711 747 ἆραι
2765 679 2838 748 μὴ
2897 681 3168 748 δυναμένη
3205 680 3590 750 (ἀνεπιτήδειοι
3637 680 3745 749 γὰρ
3781 673 3928 733 οὗτοι

2370 767 2507 840 πρὸς
2537 769 2717 821 πᾶσαν
2748 769 3100 838 ὑπηρεσίαν),
3122 771 3189 822 τὰ
3212 770 3354 838 ἄκρα
3386 769 3493 824 τῶν
3532 785 3745 837 πτερων
3777 768 3930 823 ὕδατι

2371 861 2778 931 καταϐρέξασα,
2815 856 2935 914 εῒτα
2981 865 3047 931 τῇ
3072 850 3399 934 ’λεπτοτάτῃ
3435 861 3580 914 κόνει
3631 861 3929 929 ἐνειληυεῖο

2377 969 2466 1014 σα,
2495 952 2670 1015 οὕτως
2699 955 2907 1007 ἐπινοεῖ
2935 951 3024 1005 τοῦ
3072 953 3244 1022 πηλοῦ
3276 953 3374 1022 τὴν
3425 953 3637 1022 χρείαν,
3671 952 3764 1005 καὶ
3794 950 3936 1003 κατᾶ

2374 1039 2568 1110 μικρὸν
2602 1040 2852 1109 ἀλλήλοις
2885 1041 2953 1094 τὰ
2978 1042 3162 1112 κάρφη
3193 1036 3302 1092 οἷον
3334 1041 3502 1109 κόλλῃ
3530 1040 3636 1092 τινὶ
3671 1039 3747 1107 τῷ
3780 1037 3938 1106 πηλῷ

2374 1131 2681 1198 συνδήσασα
2729 1131 2786 1183 ιν
2838 1131 2975 1200 αὐτῇ
3016 1132 3140 1193 τοὺς
3203 1131 3472 1192 νεοττοὺς
3508 1131 3783 1198 ἐκτρέφει.
3835 1122 3938 1180 ’Ὧν

2372 1221 2468 1274 έάν
2497 1237 2581 1283 τις
2620 1221 2931 1290 ἑκκεντήση
2968 1221 3035 1272 τὰ
3075 1221 3320 1290 ὄμματα,
3357 1220 3473 1289 ἔχει
3511 1221 3632 1274 τινὰ
3662 1220 3812 1288 παρὰ
3838 1219 3937 1285 τῆς

2373 1314 2588 1381 φύσεως
2617 1312 2872 1380 βοήθειαν
2908 1312 3176 1382 ἰατρικὴν,
3206 1311 3274 1364 δι’
3309 1308 3374 1382 ἦς
3412 1311 3545 1380 πρὸς
3580 1311 3766 1378 ὑγείαν
3799 1312 3939 1363 ἑπα-

2373 1404 2528 1472 νάγει
2568 1403 2675 1456 τῶν
2720 1402 2958 1470 ἐγγόνων
2988 1403 3084 1464 τὰς
3129 1401 3304 1468 δψεις.

2455 1495 2519 1548 'H
2553 1495 2610 1549 δι
2647 1495 2859 1548 ἁλκυὼν
2888 1493 3172 1548 scisma.
3199 1495 3348 1547 ἐστιν
3379 1493 3586 1563 δρνεον.
3624 1492 3770 1560 Αὕτη
3807 1492 3938 1559 παρ’

2376 1585 2573 1646 αὐτοὺς
2608 1585 2735 1648 τοὺς
2785 1585 3064 1653 αίγιαλοὺς
3096 1583 3376 1637 νοσσεύειν
3403 1583 3645 1652 πέφυκεν
3671 1585 3729 1636 έν
3764 1579 3942 1651 καιρῷ

2373 1675 2666 1757 χειμῶνος,
2706 1675 2793 1729 ἐπ’
2824 1675 2992 1745 αὐτῆς
3044 1675 3112 1728 τὰ
3162 1673 3245 1728 ὦ).
3293 1675 3494 1744 θεμένη
3533 1677 3631 1746 τῆς
3681 1675 3937 1743 ψάμμου,

2375 1769 2464 1819 ὅτε
2500 1769 2712 1828 πολλοῖς
2747 1769 2838 1837 καὶ
2878 1763 3072 1836 βιαίοις
3122 1766 3342 1836 ἀνέμοις
3391 1768 3424 1836 ὴ
3458 1766 3702 1819 θάλασσα
3740 1767 3806 1835 τῇ
3864 1767 3940 1834 γῇ

2378 1860 2845 1930 προσαράσσεται.
2887 1859 3029 1914 Ἀλλ’
3055 1860 3206 1929 ὅμως
3261 1857 3600 1927 κοιμίζονται
3642 1858 3846 1919 πάντες
3892 1860 3942 1909 οῖ

2377 1955 2590 2020 ἄνεμοι,
2627 1950 2893 2021 ἡσυχάζει
2943 1950 2998 2003 δὶ
3038 1950 3188 2019 κῦμα
3239 1949 3550 2015 θαλάσσιον,
3589 1951 3677 2004 ὅτε
3721 1951 3944 2004 ἁλκυὼν

2378 2043 2642 2109 ὲπωάζει,
2675 2045 2771 2106 τὰς
2819 2042 2960 2096 ἑπτὰ
2994 2042 3240 2112 δηλονότι
3285 2043 3516 2112 ἡμέρας.
3555 2042 3706 2094 Ἐπεὶ
3755 2042 3812 2096 δὲ
3846 2044 3943 2096 καὶ

2377 2138 2584 2208 τροφῆς
2616 2138 2798 2199 αὐτοῖς
2838 2136 3017 2207 χρεία,
3054 2135 3218 2200 ἄλλας
3273 2135 3413 2189 ἑπτὰ
3441 2133 3652 2205 ἡμέρας
3681 2133 3816 2204 πρὸς
3842 2133 3944 2202 τὴν

2377 2228 2486 2282 τῶν
2514 2228 2745 2280 νεοττῶν
2793 2226 3021 2297 αὔξησιν
3056 2228 3084 2278 6
3119 2223 3496 2297 μεγαλόδωρος
3524 2224 3659 2294 αὐτῇ
3695 2225 3942 2294 παρέσχε

2377 2319 2531 2382 Θεός.
2564 2319 2727 2370 Ὥστε
2766 2319 2858 2370 καὶ
2903 2317 3158 2369 ναυτικοὶ
3192 2317 3393 2378 πάντες
3449 2317 3591 2368 ῖσασι
3623 2313 3801 2377 τοῦτο,
3847 2317 3943 2368 καὶ

2379 2409 2750 2472 ἀλκυονὶτιδας
2800 2407 2898 2472 τὰς
2952 2407 3163 2479 ἡμέρας
3225 2406 3439 2470 ὲκείνας
3500 2405 3947 2476 προσαγορεύου·

2380 2519 2486 2556 σιν.

2460 2593 2622 2649 Ἀλλὰ
2647 2591 2738 2646 καὶ
2770 2591 2867 2662 τὴν
2896 2591 3134 2660 τρυγόνα
3190 2590 3322 2660 φασὶ
3375 2586 3782 2658 διαζευχθεῖσάν
3815 2603 3947 2640 ποτε

2377 2685 2472 2738 τοῦ
2494 2685 2769 2754 δμόζυγος
2803 2683 2999 2754 μηκέτι
3031 2684 3168 2753 πρὸς
3197 2682 3386 2752 ἓτερον
3409 2679 3801 2750 καταδέχεσθαι
3832 2696 3950 2732 κοι-

2379 2777 2597 2842 νωνίαν,
2653 2780 2845 2849 μνήμῃ
2873 2776 2967 2830 τοῦ
3015 2775 3145 2830 ποτὶ
3184 2773 3594 2842 συζευχθέντος.
3637 2771 3947 2824 Ἀκουέτω-

2388 2883 2487 2922 σαν
2535 2869 2591 2921 αῖ
2627 2870 2885 2932 γυναῖκες
2941 2868 3089 2928 ὅπως
3138 2866 3200 2918 τὸ
3233 2863 3433 2932 σεμνὸν
3466 2863 3564 2932 τῆς
3593 2862 3819 2933 χηρείας
3852 2861 3949 2915 καὶ

2384 2959 2542 3029 παρὰ
2590 2962 2701 3022 τοῖς
2754 2960 2968 3028 ἀλόγοις
3003 2957 3098 3012 τοῦ
3132 2959 3188 3010 έν
3217 2959 3339 3020 ταῖς
3379 2954 3742 3025 πολυγαμίαις
3776 2953 3953 3022 ἀπρε-

2385 3049 2518 3112 ποῦς
2557 3051 2977 3120 προτιμότερον.

2453 3139 2814 3211 Ἀδικῴτατος
2875 3140 3005 3209 περὶ
3062 3140 3162 3210 τὴν
3203 3139 3311 3193 τῶν
3364 3138 3605 3208 έγγόνων
3661 3137 3874 3208 τροφὴν
3924 3137 3954 3188 6

2385 3235 2563 3297 ἀετός.
2595 3233 2722 3286 Atia
2748 3233 2858 3302 γὰρ
2888 3230 3175 3300 ἰξαγαγὼν
3211 3231 3486 3294 νεοσσοὺς,
3510 3229 3601 3283 τὸν
3634 3229 3825 3298 ιτερον
3853 3229 3955 3280 αδ-

2385 3326 2493 3379 τῶν
2527 3327 2608 3388 εις
2641 3325 2742 3393 γῆν
2788 3325 3208 3394 καταρρήγνυσι
3243 3324 3363 3385 ταῖς
3397 3323 3637 3389 πληγαῖς
3679 3323 3788 3374 τῶν
3824 3337 3956 3374 ms-

2390 3417 2499 3486 ρῶν
2549 3416 2957 3486 ἀπωθούμενος,
2989 3415 3076 3468 διὰ
3120 3415 3181 3468 τὸ
3226 3415 3326 3481 τῆς
3355 3412 3562 3483 τροφῆς
3603 3415 3862 3466 ιπίπονον
3893 3411 3955 3464 δν

2387 3508 2679 3576 ἐγέννησεν
2723 3505 3181 3573 όποποιούμενος.
3244 3503 3385 3556 Ἀλλ’
3427 3504 3528 3555 οὐκ
3577 3503 3641 3572 ἑᾷ
3686 3499 3880 3555 τοῦτον
3922 3500 3956 3569 ἡ

2388 3601 2530 3670 φήνη
2583 3597 2990 3667 διαφθαρῆναι,
3038 3596 3156 3650 ἀλλ’
3207 3594 3558 3649 ὑπολαϐοῦσα
3625 3593 3793 3646 αὑτὸν
3843 3593 3958 3654 τοῖς

2386 3689 2608 3752 οἰκείοις
2639 3685 2777 3757 αὕτη
2809 3688 3049 3748 νεοσσοῖς
3091 3685 3476 3757 συνεκτρέφει.
3515 3685 3612 3739 “Ov
3649 3685 3702 3737 δὲ
3749 3685 3963 3757 κρατή-

2391 3796 2490 3844 σας
2525 3751 2818 3850 ἐκθρέψειν
2850 3777 3066 3834 νεοττὸν
3107 3781 3135 3833 6
3168 3751 3350 3844 ἀετὸς,
3378 3751 3661 3844 ’λαμϐάνει
3701 3751 3802 3829 καὶ.
3830 3751 3961 3828 συν-

2393 3872 2610 3926 ίπταται
2639 3869 2810 3942 αὐτῷ,
2833 3872 2928 3925 καὶ⁵
2961 3869 3060 3926 ιὰν
3087 3870 3174 3944 ἴδῃ
3217 3869 3380 3924 αὐτὸν
3425 3870 3701 3939 εὐτόλμως
3736 3868 3837 3940 μιν
3867 3868 3960 3922 τδν

2389 3964 2529 4034 ἀέρα
2562 3963 2881 4032 νηχόμενον,
2915 3961 3266 4025 ὀξυωποῦντα
3288 3959 3345 4014 δὲ
3370 3960 3506 4030 πρὸς
3537 3959 3636 4026 τὴν
3670 3958 3765 4012 τοῦ
3802 3960 3960 4029 ἡλίου

2390 4054 2770 4124 λαμπρότητα,
2797 4052 2872 4116 ὡς
2901 4053 3105 4106 οἰκεῖον
3158 4053 3548 4122 περιποιεῖται,
3583 4052 3631 4102 ει
3654 4050 3710 4104 δι
3752 4051 3829 4120 μή
3866 4066 3955 4119 γε,

2389 4144 2462 4209 ὡς
2492 4145 2646 4199 νόθον
2678 4144 2999 4199 ἀποϐάλλει.
3776 4171 3787 4176 -

2476 4230 2616 4286 Ἀλλ’
2646 4232 2930 4285 ἐπαινετὸν
2954 4231 3016 4285 τὸ
3037 4231 3136 4300 τῆς
3161 4229 3408 4302 κορώνης
3440 4229 3768 4298 φιλότεκνον,
3799 4229 3834 4296 ἢ
3869 4228 3967 4283 καὶ

2393 4323 2714 4394 πετομένοις
2748 4323 2848 4393 ῆδη
2883 4325 2996 4384 τοῖς
3043 4322 3280 4381 νεοττοῖς
3324 4320 3634 4389 παρέπεται
3681 4318 3965 4382 σιτίζουσα

723 4427 1097 4478 consectatur,
1141 4411 1336 4483 pascit,
1369 4418 1424 4463 et
1487 4412 1708 4474 longum
1763 4398 1894 4456 satis
1947 4397 2016 4451 ad
2070 4403 2287 4462 tempus

777 4514 787 4518 -
976 4508 1009 4518 ⁸
1089 4508 1101 4518 ·
1131 4507 1141 4518 ·
1395 4517 1426 4518 η
1467 4499 1549 4518 ειι-
1581 4495 1812 4518 η--ειι..-
1868 4491 1983 4518 ι...,,.
2019 4487 2182 4518 “nam
2236 4485 2289 4518 ιη

2399 4415 2598 4518 uincit;
2648 4415 2752 4516 atat
2779 4414 3121 4490 txrptcpou‘ca
3157 4412 3321 4482 μέχρι
3351 4409 3572 4464 πολλοῦ.
3607 4410 3743 4479 Περὶ
3775 4409 3966 4477 μέντοι

723 4473 942 4570 educat.
976 4508 1049 4563 De
1088 4473 1175 4561 liis
1207 4473 1436 4572 magnus
1466 4499 1554 4553 ille
1580 4473 1815 4550 Basilius
1867 4491 1984 4545 haec
2019 4487 2183 4542 etiam
2236 4485 2292 4538 in

2399 4507 2508 4560 τῶν
2536 4503 2794 4575 κορωνῶν
2828 4473 2919 4555 καίι
2945 4473 3070 4555 τάδε
3101 4473 3279 4571 φήσιῖί
3307 4503 3333 4553 6
3386 4500 3556 4568 μέγας
3594 4473 3876 4560 Βασίλειος
3908 4499 3967 4548 ιν

725 4604 972 4660 oratione
1005 4613 1102 4654 sua
1153 4596 1228 4649 De
1255 4589 1600 4664 providentia
1660 4585 1846 4640 tradit.
1896 4581 2061 4643 «Res,
2092 4576 2293 4646 inquit,

723 4707 809 4751 est
835 4695 993 4754 mira,
1024 4704 1150 4745 cum
1180 4683 1409 4742 ciconiis
1442 4679 1693 4736 cornices
1746 4673 2052 4733 discedere.
2115 4665 2297 4737 quasi-

726 4801 835 4857 que
867 4781 1132 4837 satellites
1161 4789 1350 4832 earum
1388 4780 1443 4826 et
1475 4767 1689 4822 itineris
1718 4763 1948 4819 comites
1978 4773 2120 4812 esse.
2152 4754 2293 4820 Quin

727 4847 915 4937 etiam,
947 4885 1068 4927 mea
1098 4865 1320 4938 quidem
1355 4859 1653 4923 sententia,
1706 4854 1891 4910 ierunt
1922 4851 2004 4906 eis
2031 4847 2296 4903 adversus

725 4982 853 5023 aves
885 4960 1151 5034 quasdam
1184 4955 1416 5012 hostiles
1442 4949 1729 5006 auxilium.
1760 4941 1918 5010 Quod
1948 4954 2070 4995 esse
2099 4951 2293 4992 verum

723 5060 963 5130 primum
988 5070 1054 5109 eo
1088 5053 1246 5121 signo
1280 5047 1580 5115 colligitur,
1616 5037 1762 5110 quod
1800 5052 1868 5090 eo
1898 5045 2141 5101 tempore
2162 5042 2295 5082 nus-

725 5120 892 5222 quam
923 5148 1031 5203 ulla
1066 5120 1259 5200 cornix
1292 5137 1689 5208 conspiciatur,
1741 5127 1940 5184 deinde
1988 5120 2133 5194 quod
2170 5135 2295 5175 eum

726 5238 1055 5297 vulneribus
1082 5239 1425 5289 revertentes
1457 5225 1712 5299 praestita
1759 5215 2042 5276 societatis
2069 5211 2294 5268 eviden-

725 5346 809 5390 tes
840 5338 997 5386 notas
1025 5340 1211 5382 secum
1248 5325 1478 5378 ferant.»
1610 5392 1616 5395 ν

793 5425 915 5481 Jam
947 5418 1094 5491 quod
1124 5417 1289 5472 rebus
1319 5411 1534 5469 caeteris
1564 5409 1737 5478 magis
1763 5405 1932 5460 etiam
1951 5401 2019 5456 ab
2037 5397 2296 5470 opinione

726 5517 1013 5576 numinum
1048 5511 1332 5574 abhorret,
1367 5505 1616 5561 vultures
1639 5501 1792 5556 aiunt
1817 5499 2024 5566 absque
2053 5493 2220 5548 maris
2242 5499 2298 5546 ct

725 5612 942 5667 tendum
977 5602 1369 5674 conjunctione
1397 5597 1641 5667 gignere,
1670 5599 1890 5648 senecta
1916 5589 2079 5643 etiam
2121 5586 2296 5639 in-ex-

721 5716 893 5758 trcuia
915 5719 929 5756 :
953 5713 1080 5754 nam
1101 5697 1168 5752 ad
1201 5695 1575 5750 centesimum
1601 5701 1804 5741 annum
1825 5681 2058 5738 vivendo
2085 5691 2272 5749 perve-

717 5783 1474 5860 niunt.Quamobremistuc?
1489 5781 1751 5838 nimirum
1775 5793 1843 5834 ne
1861 5774 1956 5848 qui
1974 5771 2298 5846 mysterium

2397 4593 2473 4663 τῷ
2514 4593 2648 4662 Περὶ
2680 4592 2936 4662 προνοίας
2985 4589 3127 4659 λόγῳ
3165 4587 3353 4643 αὐτοῦ·
3389 4605 3409 4640 ε
3440 4586 3636 4655 Θαῦμα
3666 4587 3808 4654 μέγα
3851 4587 3968 4649 πῶς

2397 4686 2454 4737 αῖ
2505 4683 2745 4754 κορῶναι
2784 4683 2897 4744 τοῖς
2941 4681 3236 4749 πελαργοῖς
3271 4677 3707 4747 συναπαίρουσαι
3737 4679 3970 4744 δορυφο-

2401 4774 2589 4846 ροῦσιν
2621 4775 2804 4835 αὐτοῖς
2835 4774 2932 4826 καὶ
2981 4769 3478 4840 παραπέμπουσιν,
3516 4767 3642 4837 εμοὶ
3669 4767 3843 4829 δοκεῖ,
3873 4767 3967 4818 καὶ

2399 4865 2721 4936 συμμαχίαν
2769 4863 2954 4925 αὐτοῖς
3003 4877 3128 4916 τινα
3187 4859 3492 4930 παρέχουσι
3543 4856 3681 4928 πρὸς
3740 4854 3968 4925 δρνιοας

2399 4954 2714 5023 πολεμίους.
2765 4952 3001 5021 Σημεῖον
3047 4950 3107 5003 δι
3151 4949 3368 5019 πρῶτον
3417 4946 3518 5013 μὲν
3567 4945 3643 5015 μὴ
3675 4943 3969 5013 φαίνεσθαι

2400 5042 2505 5094 ὑπὸ
2534 5041 2626 5094 τὸν
2656 5039 2846 5109 καιρὸν
2874 5039 3081 5092 ἐκεῖνον
3107 5034 3352 5106 κορώνην
3382 5034 3751 5088 παντάπασινο
3775 5031 3971 5083 ιπειτα

2403 5131 2541 5203 μετὰ
2601 5131 2932 5203 τραυμάτων
3003 5125 3438 5196 ἐπανερχόμεναι
3495 5121 3594 5193 τῆς
3654 5120 3972 5191 συμμαχίας

2399 5223 2606 5295 ἐναργῆ
2639 5223 2842 5292 σημεῖα
2883 5210 3198 5292 κομίζουσι.
3238 5236 3256 5269 ι

2471 5400 2546 5455 Τὸ
2579 5399 2635 5452 δέ
2682 5415 2746 5466 γε
2791 5397 2958 5451 πλέον
2996 5394 3104 5448 τῶν
3135 5393 3312 5446 ἄλλων
3345 5388 3810 5462 παραδοξότερον,
3844 5385 3974 5447 τοὺς

2397 5493 2577 5563 γῦπὰς
2599 5507 2765 5553 φασιν
2783 5489 3162 5549 ὰσυνδυάστως
3188 5485 3414 5548 τίκτειν,
3442 5485 3535 5535 καὶ
3557 5478 3731 5533 ταῦτα
3757 5489 3974 5548 μακρο-

2403 5584 2708 5646 σιωτὰτους
2731 5581 2908 5648 ὄντας,
2941 5580 3033 5632 καὶ
3063 5579 3257 5649 μέχρις
3299 5574 3490 5628 ἑκατὸν
3519 5571 3656 5626 hth
3686 5571 3784 5635 τὴν
3826 5567 3975 5634 ζωὴ)

2400 5677 2580 5732 αὐτῶν
2609 5672 3087 5746 παρεκτείνεσθαι.
3141 5669 3238 5723 Διὰ
3279 5669 3330 5721 τί
3359 5667 3415 5721 δὲ
3456 5666 3642 5731 τοῦτο,
3701 5662 3800 5717 καὶ
3825 5663 3976 5724 τίνος

2399 5771 2617 5836 ἓνεκενς
2655 5768 2740 5824 ῖνα
2781 5767 2889 5837 γὰρ
2938 5767 3013 5837 μή
3047 5782 3191 5829 τινες
3248 5761 3544 5830 ῖπιγελῶσι
3585 5756 3663 5829 τῷ
3694 5753 3981 5828 μυστηρίῳ
