4214 6442
243 354 334 420 1θὶ

1508 352 1845 412 ANNALIU

1951 351 2139 409 PARS
2188 352 2232 407 l.
3382 345 3481 408 ἱεῧὲ

235 470 415 540 ἡμῶν,
447 470 520 532 ὡς
551 469 806 523 ἀδύνατον
838 468 1102 538 παρθένον
1138 470 1319 520 τεκεῖν
1363 473 1458 520 καὶ
1498 467 1655 528 αὖθις
1687 470 1804 535 μεῖ-
1836 506 1846 534 Α

1951 473 2152 519 nstrum
2182 465 2491 526 irridercnt,
2527 462 2677 531 quasi
2742 461 2858 515 fieri
2930 469 3162 529 nequeat
3222 471 3281 515 ut
3309 472 3475 529 pariat

243 578 323 612 θαι
358 561 672 631 παρθένον,
738 559 938 630 μυρίας
998 560 1062 611 ἐκ
1120 558 1219 628 τῆς
1276 556 1491 626 φύσεως
1548 558 1802 627 ἀφορμὰς

235 648 372 714 πρὸς
416 649 515 718 τὴν
547 647 732 700 πίστιν
764 648 875 700 τῶν
906 645 1226 715 παραδόξων
1257 646 1542 717 προλαϐὼν
1574 646 1805 699 κατεσά-

235 738 380 791 λετο.
438 738 547 791 Καὶ
594 737 739 790 οὕτω
782 740 881 808 μὲν
933 740 1306 808 περὶτούτων
1361 742 1388 792 ό
1439 739 1612 807 μέγας
1644 737 1807 790 Βασί-

235 827 418 891 λειοςο
451 829 500 880 οἱ
526 829 582 881 δέ
614 846 679 896 γε
706 830 805 893 τὰς
836 832 1027 899 φύσεις
1056 829 1166 883 τῶν
1196 831 1353 893 ζώων
1377 828 1807 898 διασκεψάμενοι

232 922 424 988 τριετῆ
453 921 643 990 χρόνον
667 921 795 984 τοὺς
830 922 1009 990 γῦπας
1041 924 1369 992 ἐγκυμονεῐν
1398 920 1804 990 τερατεύονται.

237 1012 350 1072 Καὶ
382 1011 497 1074 πῶς
537 1011 724 1065 άκουε.
751 1013 863 1066 Οὐκ
892 1013 1039 1065 ἐστιν
1064 1016 1272 1083 apem
1301 1013 1453 1081 γῦπα
1486 1009 1804 1064 θεάσασθαι·

238 1101 635 1166 ἀσυνδυάστως
691 1103 803 1171 γὰρ
866 1103 1061 1167 αὐτοὺς
1119 1104 1326 1156 τίκτειν
1379 1103 1535 1171 νόμοι
1597 1100 1810 1169 φύσεως

196 1231 201 1234 .
240 1192 740 1262 παρακελεύονται,
776 1196 903 1250 ὅθεν
962 1197 1055 1248 καὶ
1112 1196 1221 1249 πᾶν
1253 1196 1314 1246 τὸ
1358 1195 1513 1263 γένος
1563 1193 1746 1249 αὐτῶν
1776 1195 1810 1263 ἡ

238 1281 336 1331 τοῦ
390 1280 582 1350 θήλεος
644 1282 807 1350 φύσις
866 1283 1167 1352 ἠνέγκατο.
1214 1282 1397 1351 Ὅπερ
1454 1282 1813 1350 ἐπιστάμενοι

243 1370 425 1438 γῦπες
453 1372 549 1425 καὶ
598 1372 699 1442 τὴν
746 1374 988 1444 ἐρημίαν
1038 1373 1273 1451 δεδιότες
1309 1374 1418 1426 τῶν
1466 1373 1693 1437 τέκνων,
1732 1373 1812 1434 είς

240 1466 502 1533 ἐπιγονὴν
539 1465 687 1519 ἇπαν
728 1466 790 1519 τὸ
840 1467 994 1535 γένος
1029 1467 1409 1537 στρατεύεται,
1438 1467 1532 1519 καὶ
1561 1466 1729 1537 δρῶσί
1762 1484 1813 1521 τι

241 1554 488 1623 σόφισμα
524 1553 772 1623 ἄριστον.
824 1555 915 1625 Τῷ
966 1556 1105 1626 νότῳ
1173 1557 1269 1609 καὶ
1313 1557 1421 1624 γὰρ
1478 1557 1813 1627 ἀντίπρωροι

242 1643 527 1698 πέτανται.
573 1641 635 1695 El
689 1643 743 1695 δὲ
782 1644 855 1714 μὴ
904 1644 1053 1707 νότος
1095 1647 1205 1712 εἴη,
1260 1645 1339 1715 τῷ
1370 1648 1625 1714 συγγενεῖ
1671 1645 1816 1715 εῦρῳ

246 1732 484 1787 ἀπλοῦσι
550 1735 652 1798 τὰς
710 1737 1026 1805 πτέρυγας.
1082 1732 1203 1789 εἷτα
1263 1738 1525 1806 κεχήνασι
1578 1738 1671 1791 καὶ¹
1722 1736 1814 1791 τοῦ

1916 556 2067 626 virgo
2093 565 2148 610 et
2178 553 2541 609 nihilominus
2574 553 2726 623 virgo
2758 564 2999 611 maneat.
3034 567 3100 607 ex
3144 552 3260 622 ipsa
3291 564 3477 605 natura

1914 646 2059 701 Deus
2086 646 2247 702 nobis
2276 654 2486 701 tantum
2511 661 2621 701 non
2650 644 2892 699 infinitas
2924 645 3293 715 suppeditavit
3325 662 3479 701 occa-

1916 742 2101 795 siones
2136 737 2375 793 faciundi
2404 738 2565 793 fidem
2608 738 2776 792 rebus
2831 736 3165 804 castcroquin
3229 737 3483 791 absurdis

1916 841 1973 884 et
2004 838 2205 885 nostra:
2234 830 2485 899 opinioni
2522 844 2627 882 non
2663 826 3141 897 respondentibus.
3180 828 3291 883 Hoc
3326 829 3483 883 modo

1918 924 1986 975 de
2020 921 2103 976 his
2129 921 2363 975 Basilius
2398 919 2641 975 disserit.
2675 919 2871 973 (luctari
2929 934 3081 983 vero,
3128 920 3221 989 qui
3264 934 3489 975 naturas

1917 1012 2233 1066 animalium
2270 1023 2587 1080 perspectas
2618 1011 2843 1072 habent.
2883 1011 3129 1064 vultures
3162 1019 3274 1065 toto
3316 1012 3487 1065 trienv

1920 1105 2014 1156 nio
2047 1115 2263 1171 gestare
2308 1112 2527 1155 uterum
2577 1101 2890 1170 prodigiose
2955 1100 3198 1156 tradunt.
3257 1102 3488 1168 Quinam

1923 1193 2100 1249 istuc?
2130 1192 2293 1247 Audi.
2333 1193 2527 1247 γυιων
2558 1207 2675 1245 mas
2721 1191 2903 1245 nullus
2934 1191 3293 1261 conspicitur.
3359 1194 3492 1246 Nam

1922 1284 2128 1353 absque
2154 1284 2321 1338 duum
2354 1284 2743 1352 conjunctione
2774 1282 2999 1351 gignere
3050 1282 3117 1335 de
3173 1283 3495 1352 prmsctiptu

1922 1384 2131 1427 natura:
2164 1372 2363 1428 solent.
2406 1370 2526 1437 Quo
2581 1371 2641 1424 fit
2700 1381 2760 1424 ut
2788 1386 2982 1425 eorum
3044 1372 3298 1427 universa
3349 1374 3495 1427 natio

1922 1464 2187 1519 consistat
2216 1463 2271 1523 in
2301 1461 2542 1516 feminis.
2575 1461 2689 1514 Hoc
2720 1476 2844 1515 cum
2878 1476 2988 1514 non
3032 1461 3289 1531 ignorent
3322 1466 3499 1517 tuitu-

1926 1571 2033 1621 res,
2065 1554 2323 1609 orbitatis
2357 1562 2507 1609 metu
2536 1552 2699 1613 simul
2740 1552 2983 1607 universi
3012 1553 3077 1606 ad
3114 1554 3487 1609 l'ctifieandum

1929 1646 2222 1717 quamdam
2285 1646 2435 1698 velut
2485 1642 2889 1713 expeditionem
2930 1645 3259 1708 suscipiunt.
3311 1646 3409 1700 Hic
3439 1648 3483 1700 si

1928 1737 2115 1790 nullus
2140 1739 2221 1790 eis
2248 1748 2370 1790 sese
2406 1734 2606 1789 Auster
2637 1733 2851 1795 oll'crat,
2869 1733 2935 1787 ad
2966 1746 3255 1804 cognatum
3291 1736 3498 1790 Eurum

249 1822 569 1892 πνεύματος
631 1824 999 1894 ἐμφοροῦνται
1058 1824 1391 1891 είσρέοντος,
1431 1826 1524 1878 καὶ
1574 1826 1821 1880 τίκτουσι

1951 1831 2038 1883 ilas
2065 1827 2405 1897 sxpandunt.
2474 1826 2605 1879 Inde
2661 1840 2759 1894 per
2786 1825 2900 1880 oris
2927 1825 3138 1879 hiatum
3199 1838 3363 1880 vento
3418 1827 3507 1881 ἰη-

247 1915 388 1980 (diu,
426 1920 499 1985 μὴ
529 1915 710 1984 μέντοι
743 1932 806 1981 γε
839 1915 924 1968 ὡά
955 1916 1255 1985 ὑπηνέμια.
1298 1916 1389 1969 Διδ
1418 1916 1668 1971 πλείστου
1700 1919 1826 1989 χρό-

247 2026 342 2061 νου
363 2009 538 2062 δεῖται
571 2010 603 2078 ἠ
645 2008 809 2077 φύσις
857 2009 997 2079 πρὸς
1034 2008 1177 2072 ζὼου
1206 2009 1636 2081 τελεσιουργίαν’
1671 2009 1828 2079 χαλε-

247 2101 352 2153 πὺν
404 2101 515 2171 γὰρ
576 2103 669 2159 καὶ
738 2101 860 2154 λίαν
907 2100 1148 2170 ἐργῶδες
1193 2103 1260 2171 τῇ
1296 2098 1457 2168 φύσει
1482 2102 1743 2154 ούσιῶσαι
1769 2101 1828 2154 τὸ

249 2191 470 2262 πνεῦμα
501 2194 597 2246 καὶ
631 2194 769 2262 πρὸς
823 2191 965 2258 ζῶον
1020 2192 1427 2262 πλαστουργεῖν
1460 2191 1520 2245 τδ
1565 2192 1828 2245 λεπτότα-

246 2303 364 2341 ⁴τον.
432 2285 685 2340 Ἐπειδὰν
742 2285 924 2338 τοίνυν
975 2285 1201 2346 ἀκούεις
1264 2286 1358 2337 καὶ
1417 2285 1483 2338 σὺ
1533 2285 1831 2356 συναφείας

247 2373 384 2426 ἄνευ
439 2372 816 2440 ἐγκυμονῆσαι
858 2372 958 2442 τὴν
1018 2372 1345 2441 Πάναγνον,
1387 2375 1655 2445 πρότερον
1691 2376 1830 2446 αὐτῇ

161 2472 169 2480 '
248 2460 572 2529 Ιινεύματος
636 2461 797 2528 ἁγίου
859 2462 1287 2525 ἐπισκιάσαντος
1346 2457 1441 2515 xit
1495 2464 1589 2516 τοῦ
1626 2465 1832 2534 Κυρίου

248 2554 399 2606 κατά
434 2552 526 2606 τὸν
580 2556 873 2625 προφήτην
924 2554 1033 2607 ἀπὸ
1091 2554 1309 2626 Θαιμάν
1378 2556 1612 2626 ἦξαντος
1640 2597 1654 2619 ,
1708 2557 1836 2627 μηδ’

252 2646 395 2708 ὅλως
426 2645 645 2698 ἀπίστει
674 2646 753 2715 τῷ
786 2646 1102 2716 πράγματι,
1129 2646 1231 2700 κᾶν
1270 2648 1414 2717 μέγα
1437 2648 1514 2718 τῷ
1544 2649 1657 2702 όντι
1690 2649 1837 2702 δοκεῖ

254 2740 357 2792 καὶ
387 2737 717 2808 παράδοξον⁹
754 2738 848 2789 ἐπὶ
880 2737 991 2806 γὰρ
1022 2736 1203 2808 τούτῳ
1234 2739 1329 2791 καὶ
1385 2738 1419 2807 ή
1471 2737 1622 2807 παρὰ
1670 2737 1837 2807 φύσιν

250 2830 368 2884 τῶν
396 2830 587 2899 γυπῶν
614 2830 884 2898 κυοφορία
904 2829 1232 2899 θαυμασίως
1254 2827 1397 2884 οὕτω
1417 2828 1496 2901 τῷ
1525 2829 1645 2899 Θεῷ
1673 2846 1841 2901 προη-

254 2922 576 2992 τοίμασται.
612 2924 850 2991 Λέγεται
900 2923 1011 2992 γὰρ
1068 2923 1149 2976 ὅτι
1205 2921 1504 2992 γενόμενος
1565 2921 1764 2990 ἔγκυος
1809 2923 1837 2974 ό

178 3015 187 3021 ’
252 3017 371 3085 γὺψ
393 2998 692 3087 πορεύεται
721 3017 802 3079 είς
834 3014 935 3085 τὴν
969 3014 1227 3086 Ἰνδικὴν,
1254 3016 1349 3068 καὶ
1380 3014 1561 3067 λαῦὼν
1600 3014 1750 3067 λίθον
1780 3014 1842 3067 τὸ

255 3107 603 3178 καλούμενον
637 3107 886 3161 εὐτόκιον
932 3108 1118 3161 ἐπάνω
1156 3105 1323 3160 αὑτοῦ
1355 3104 1591 3176 κάθηται
1618 3105 1841 3175 συνεχό-

1929 1920 2133 1975 ﬂuente
2167 1920 2467 1990 replentur,
2501 1927 2555 1974 et
2578 1918 2856 1982 animalia,
2888 1932 2996 1971 non
3051 1933 3153 1973 ova
3208 1919 3508 1974 subventa-

1930 2027 2030 2067 nea
2059 2011 2311 2084 gignunt.
2359 2011 2491 2077 Quae
2519 2025 2686 2067 causa
2744 2018 2829 2065 est
2857 2010 3215 2080 quamobrem
3270 2012 3511 2065 maximo

1932 2106 2201 2174 temporis
2232 2102 2408 2173 spatio
2439 2112 2638 2158 natura
2677 2102 2845 2172 hujus
2879 2101 2947 2155 ad
3005 2102 3264 2157 animalis
3293 2103 3513 2159 absolu-

1933 2196 2142 2251 tionem
2177 2195 2442 2266 indigeat.
2485 2195 2621 2250 Nam
2655 2194 2875 2250 difﬁcile
2901 2203 2957 2249 ct
2977 2210 3272 2265 operosum
3301 2206 3385 2253 est
3414 2212 3515 2250 na.

1933 2297 2069 2343 tura;
2099 2288 2167 2344 de
2196 2296 2362 2343 vento
2389 2288 2683 2358 quamdam
2717 2288 3018 2343 essentiam
3066 2287 3285 2345 allicere
3337 2291 3516 2359 deque

1936 2394 1996 2433 re
2025 2379 2185 2448 longe
2217 2379 2575 2435 subtilissima
2604 2386 2660 2433 et
2713 2381 2841 2434 exili
2908 2396 3129 2450 prorsus
3185 2382 3387 2437 animal
3420 2382 3519 2435 tin-

1935 2483 2086 2538 gere.
2115 2468 2254 2524 Cum
2286 2469 2458 2541 igitur
2508 2469 2702 2525 audies
2737 2469 3019 2542 Virginem
3079 2472 3227 2527 illam
3285 2474 3520 2543 purissi-

1939 2575 2080 2614 mam
2114 2561 2322 2630 absque
2352 2561 2467 2616 ullo
2506 2561 2607 2615 viri
2661 2563 3003 2617 commercio
3036 2564 3316 2634 gravidam
3350 2563 3521 2620 fuisse

1940 2651 2162 2717 factam,
2205 2666 2332 2707 cum
2369 2653 2522 2721 prius
2551 2668 2672 2707 eam
2697 2661 2921 2709 sanctus
2946 2654 3037 2710 ille
3070 2654 3318 2725 Spiritus
3342 2657 3523 2709 inum-

1942 2742 2161 2798 brasset
2192 2759 2255 2797 ac
2280 2744 2577 2810 Dominus,
2640 2746 2719 2799 uti
2760 2755 2910 2800 vates
2942 2746 3209 2815 loquitur,
3265 2747 3333 2801 de
3368 2747 3526 2801 Thmv

1943 2848 2101 2889 mane
2124 2834 2386 2896 venisset,
2429 2849 2774 2903 nequaquam
2822 2836 2953 2890 huic
3008 2837 3087 2892 rei
3142 2835 3306 2892 ﬁdem
3359 2837 3527 2891 dero-

1944 2931 2092 2993 gato,
2157 2923 2381 2978 tametsi
2434 2939 2633 2994 reapse
2670 2940 2865 2996 magna
2920 2927 3173 2982 videatur
3231 2926 3427 2998 .etb3
3458 2930 3527 2982 ah

1943 3014 2207 3084 Opinione
2243 3014 2530 3069 hominum
2564 3016 2898 3072 abhorrens.
2958 3019 3094 3073 Nam
3151 3034 3216 3075 ea
3258 3020 3327 3074 de
3359 3034 3528 3076 causa

1947 3107 2226 3162 vulturum
2274 3123 2497 3177 quoque
2555 3094 2840 3178 conceptio
2893 3118 3002 3164 tam
3059 3110 3463 3167 admirabiliter
3498 3128 3528 3167 a

257 3217 427 3269 μενος
465 3199 639 3263 ὠδῖσι,
665 3199 759 3251 καὶ
800 3196 976 3261 οὕτως
1013 3196 1324 3252 ἀποτίκτει.
1369 3195 1430 3251 ’0
1470 3196 1657 3264 μέντοι
1690 3195 1835 3259 λίθος

1951 3200 2062 3254 Deo
2095 3209 2178 3255 est
2206 3200 2479 3255 instituta.
2515 3190 2778 3257 Traditur
2805 3211 2988 3256 autem
3039 3205 3416 3259 monumentis
3440 3204 3533 3257 lit-

260 3290 570 3362 περιφερὴς
600 3290 674 3354 ὼς
727 3289 955 3358 κάρυον,
989 3290 1085 3342 καὶ
1122 3287 1442 3358 κινούμενος
1468 3283 1604 3357 ἦχον
1632 3289 1842 3358 ἐκπέμ-

255 3401 353 3437 πει
413 3385 491 3447 ὡς
543 3383 761 3445 κώδὼν,
806 3378 1020 3434 ἔνδοθεν
1079 3380 1269 3451 ἐτέρου
1305 3379 1455 3433 λίθου
1493 3380 1837 3450 κινουμένου.

255 3475 394 3527 Φασὶ
439 3475 498 3528 δέ
549 3475 644 3529 καὶ
690 3473 848 3528 τοῦτο
882 3471 1015 3539 περὶ
1063 3471 1260 3541 γυπὸς,
1313 3471 1395 3524 ὅτι
1450 3469 1607 3542 μύρῳ
1647 3470 1841 3541 ῥοδίνῳ

254 3564 503 3637 χρισθεὶς
542 3563 902 3633 ἀποθνήσκει.

1949 3301 2191 3346 terarum
2225 3292 2526 3356 vulturem,
2571 3300 2933 3362 posteaquam
2962 3295 3302 3363 conceperit,
3348 3295 3407 3348 in
3442 3291 3531 3348 ln-

1953 3381 2101 3437 diam
2137 3397 2260 3438 sese
2295 3382 2575 3449 conferre,
2615 3391 2955 3453 nactumqne
3006 3385 3268 3456 lapidem,
3308 3402 3474 3457 quem
3508 3401 3534 3438 a

1951 3470 2222 3528 facilitate
2250 3481 2446 3543 partus
2474 3490 2639 3543 quem
2674 3474 2902 3546 adiuvat
2964 3476 3262 3532 Eutoeium
3314 3489 3536 3542 vocant,

1950 3564 2004 3617 in
2030 3578 2097 3618 eo
2127 3579 2184 3619 se
2216 3566 2551 3635 parturigine
2599 3576 2854 3621 vexatum
2885 3567 3192 3633 collocare,
3234 3582 3401 3640 atque
3444 3570 3539 3623 illo

256 3659 431 3715 modo
454 3673 671 3729 parere.
726 3656 891 3727 Lapis
966 3654 1083 3724 ipse
1144 3651 1416 3709 rotundus
1464 3662 1570 3718 est,
1623 3654 1883 3708 avellana:
1920 3654 2081 3709 nucis
2114 3656 2310 3719 instar,
2382 3666 2438 3711 et
2482 3672 2777 3712 succussus
2838 3659 2890 3712 in
2944 3674 3153 3715 morem
3186 3662 3541 3719 tintinnabuli

257 3771 456 3812 sonum
487 3754 624 3817 edit,
656 3760 807 3808 moto
837 3752 988 3807 intus
1010 3751 1120 3806 alio
1144 3750 1347 3820 lapide.
1374 3750 1707 3806 Pet-hibetur
1730 3750 1836 3805 hoc
1873 3752 2039 3806 etiam
2089 3752 2157 3806 de
2189 3753 2433 3821 vulture,
2488 3754 2637 3822 quod
2717 3765 3001 3824 unguento
3068 3771 3295 3813 rosaceo
3339 3773 3543 3828 perun-

257 3864 385 3911 ctus
421 3851 711 3905 moriatur.

342 3944 665 4015 Θαυμάσειε
710 3941 755 3994 δ’
790 3940 855 3993 ἂν
901 3956 987 4002 τις
1032 3941 1130 3992 καὶ
1184 3938 1245 3991 τὸ
1292 3938 1404 3992 τῶν
1453 3939 1709 4009 κοράκων
1738 3938 1849 3991 τῶν

261 4034 678 4104 διαληφθέντων
728 4031 827 4083 οὐκ
884 4031 1137 4083 ἔλασσον.
1193 4028 1508 4083 Πεπόνθασί
1560 4046 1611 4082 τι
1676 4027 1849 4091 πάθος

262 4129 387 4197 ὥρᾳ
419 4124 610 4195 θέρους
638 4121 688 4173 οἱ
715 4120 979 4190 κόρακες,
1022 4121 1084 4172 τὸ
1112 4119 1170 4172 δέ
1198 4118 1371 4181 πάθος
1403 4119 1523 4171 ἐστὶ
1555 4119 1711 4188 ῥύσις
1743 4134 1847 4185 γαο

266 4219 454 4289 στρός.
513 4211 797 4268 Ἐντεῦθεν
846 4211 1084 4279 ποταμοὶ
1141 4212 1238 4265 καὶ
1292 4212 1467 4278 πηγαὶ
1518 4212 1614 4264 καὶ
1662 4210 1852 4280 λίμναι

263 4306 424 4361 οὐδέν
455 4321 509 4356 τι
540 4301 730 4372 χρῆμα
774 4300 915 4357 κατά
937 4318 1001 4368 γε
1039 4300 1102 4351 τὸ
1145 4299 1303 4371 θέρος
1342 4304 1455 4363 τοῖς
1488 4300 1737 4370 κόραξιν,
1764 4300 1855 4353 ῐνα

278 4399 356 4469 μὴ
389 4395 472 4465 τῷ
508 4394 661 4464 ὑγρῷ
689 4394 725 4463 ἡ
768 4391 869 4461 τῆς
922 4391 1163 4462 γαστρὸς
1196 4394 1355 4461 ῥύσις
1399 4392 1555 4462 σχοίη
1582 4393 1857 4447 ἐπίτασιν.

2026 3936 2102 3989 De
2128 3934 2309 3990 corvis
2336 3950 2559 4006 quoque
2593 3953 2702 3994 non
2733 3938 2834 3993 abs
2864 3953 2921 3992 re
2950 3938 3078 4007 quis
3116 3940 3362 4007 miretur,
3395 3945 3543 4012 quod

1963 4027 2234 4081 hactenus
2260 4026 2515 4083 indicatis
2547 4043 2656 4082 non
2688 4038 2774 4084 est
2826 4028 3083 4084 inferius.
3154 4028 3368 4088 [Estivo
3400 4043 3543 4093 tem-

1962 4130 2095 4185 pore
2128 4116 2283 4171 corvi
2344 4117 2584 4185 qundam
2640 4119 2833 4173 morbo
2873 4119 3153 4175 laborant.
3209 4121 3257 4175 Is
3316 4126 3545 4180 morbus

1962 4207 2174 4262 ventris
2234 4217 2321 4262 est
2356 4207 2707 4277 profluvium.
2739 4210 3106 4276 Quamobrem
3145 4210 3317 4275 ﬂuvii,
3347 4213 3547 4283 fontes,

1969 4308 2158 4369 stagna
2182 4314 2279 4369 per
2305 4310 2548 4355 :estatcm
2588 4302 2727 4356 nulli
2759 4312 2889 4355 sunt
2924 4304 3109 4357 corvis
3144 4306 3288 4369 usui,
3353 4321 3423 4360 ne
3451 4323 3549 4374 per

1968 4389 2259 4446 humorem
2295 4392 2505 4448 ventris
2536 4393 2628 4450 illa
2659 4392 2833 4448 .lluxio
2862 4396 3034 4465 magis
3054 4396 3224 4450 ctiam
3266 4397 3545 4468 adaugeav

272 4493 459 4544 ἰσασι
489 4489 669 4541 τοίνυν
706 4484 800 4541 καὶ
849 4484 1062 4555 διαίτης
1092 4483 1292 4555 τέχνην
1327 4483 1376 4537 οί
1407 4484 1664 4553 κόρακες,
1693 4485 1753 4538 ού
1787 4485 1846 4539 τὰ

1968 4491 2081 4535 tur.
2116 4482 2191 4536 De
2215 4498 2324 4551 quo
2352 4484 2563 4539 scilicet
2588 4484 2919 4554 intelligitur
2949 4486 3121 4539 etiam
3151 4486 3328 4541 diaetae
3374 4490 3547 4545 ratio-

284 4579 696 4649 Ἱπποκράτους
732 4575 1225 4639 παιδευθέθτεςῶὐ
1268 4578 1335 4630 τὰ
1370 4578 1669 4648 Χείρωνος,
1705 4576 1767 4629 οὐ
1794 4576 1863 4630 τὰ

271 4670 567 4740 Μαχάονος
614 4667 907 4738 φάρμακα,
957 4652 1257 4719 κάντεῦθεν
1324 4665 1425 4736 μὲν
1480 4665 1648 4735 ὁρῶσι
1698 4682 1865 4723 ποτα-

274 4761 436 4834 μοὺς,
479 4758 596 4813 ἀλλ’
631 4759 783 4829 ὅμως
825 4757 1006 4809 πίνειν
1044 4755 1289 4817 ἐκείνοις
1324 4755 1429 4807 οὐκ
1466 4754 1712 4817 ἐνεστιν,
1752 4753 1866 4807 ἀλλ’

270 4847 363 4911 οἷα
394 4851 668 4905 Τάνταλοι
711 4847 1081 4917 κολαζόμενοι
1124 4847 1463 4917 δριμυτέραν
1496 4846 1655 4918 δίκην
1685 4846 1864 4928 ταῦτα

276 4940 725 5013 εἰσπράττονται.

350 5114 670 5185 Θαυμάζειν
713 5131 773 5167 σε
804 5112 953 5177 ἀξιον
986 5114 1078 5167 καὶ
1104 5112 1197 5165 διά
1223 5113 1275 5166 τί
1314 5113 1583 5184 τῆς-ᾠδῆς
1608 5116 1659 5167 οἱ
1689 5116 1864 5168 τέττι-

288 5229 377 5281 γες
420 5215 480 5265 ἐν
513 5211 664 5280 μέσῳ
710 5208 863 5278 θέρει
908 5208 1278 5277 ἀπάρχονται.
1332 5208 1547 5279 Ψυχροί
1577 5225 1724 5272 τ.νες
1766 5209 1865 5277 τὴν

283 5306 455 5375 εύσιν
506 5304 557 5357 οί
603 5304 872 5370 τέττιγες,
917 5300 998 5354 διὸ
1046 5301 1142 5353 καὶ
1190 5301 1331 5370 μετὰ
1386 5300 1605 5371 θερινάς
1658 5301 1868 5374 τροπάς

287 5399 634 5469 ὶπάρχονται
680 5394 781 5464 τῆς
820 5394 991 5464 ᾠδῆς,
1041 5396 1133 5447 καὶ
1172 5393 1323 5463 ἡλίου
1367 5395 1754 5464 ἀπαρχομένου
1778 5396 1870 5449 τὸν

175 5549 186 5557 ,
285 5491 502 5549 εαυτῶν
548 5488 770 5560 μετίασι
813 5487 1063 5541 κέλαδον.
1112 5486 1227 5555 Ἐφ’
1258 5479 1302 5552 ᾧ
1356 5488 1452 5539 καὶ
1512 5488 1867 5559 μεσημϐρίας

280 5583 426 5635 εἰσὶν
465 5578 822 5649 ᾠδικώτεροι.
865 5576 928 5630 'll
974 5580 1157 5648 μέντοι
1219 5577 1409 5647 θήλεια
1480 5576 1664 5641 τέττιξ
1725 5580 1862 5631 πολὺ

282 5672 607 5743 ψυχροτέρα
632 5668 727 5722 τοῦ
764 5651 997 5739 ’ἄρρενος
1025 5664 1159 5722 οὖσα
1196 5665 1459 5720 σιωπῶσα
1486 5667 1734 5735 ὲφιζάνει
1760 5670 1871 5731 τοῖς

288 5764 569 5835 ἱένδρεσι,
602 5763 671 5815 τὰ
715 5760 1038 5831 Πυθαγόρου
1093 5759 1285 5831 ὥσπερ
1335 5759 1646 5828 διδαχθεῖσα
1692 5760 1871 5824 διδάγ-

1968 4587 2090 4626 nem
2117 4572 2221 4627 sibi
2254 4574 2676 4630 convenientem
2715 4590 2909 4630 corvos
2933 4589 3041 4630 non
3070 4576 3348 4647 ignorare,
3375 4593 3553 4646 quan-

1968 4678 2135 4733 quam
2175 4679 2282 4721 nec
2315 4664 2672 4735 Hippocratis
2720 4682 2827 4720 nec
2862 4665 3129 4720 Chironis
3160 4682 3263 4723 nec
3298 4668 3553 4727 Machao-

1968 4757 2053 4811 nis
2112 4756 2361 4811 remedia
2410 4756 2677 4813 discendo
2718 4770 2975 4829 percepta
3041 4769 3287 4817 teneant.
3340 4760 3553 4817 Idcirco

1969 4845 2169 4901 ﬂuvios
2196 4846 2420 4917 quidem
2454 4848 2766 4913 intuentur,
2825 4850 2921 4904 sed
2957 4849 3185 4905 haurire
3243 4850 3311 4906 de
3345 4852 3413 4904 iis
3453 4868 3554 4906 ne-

1969 4944 2204 5001 queunt,
2233 4949 2568 5005 gravemque
2596 4936 2739 4991 hanc
2767 4937 2907 4992 adeo
2935 4953 3152 5007 ptenam
3185 4939 3365 5004 luunt,
3392 4943 3550 5011 quasi

1974 5024 2189 5079 Tantali
2224 5026 2449 5095 quidam
2488 5028 2725 5082 multati.

2043 5113 2287 5169 Meretur
2331 5115 2523 5171 ethoc
2570 5117 3021 5181 admirationem,
3080 5119 3442 5186 quamobrem
3471 5121 3553 5174 ci-

1972 5206 2119 5259 cadas
2143 5216 2364 5259 cantum
2391 5221 2553 5261 suum
2581 5216 2769 5262 astate
2792 5208 2970 5263 media
3000 5210 3238 5279 primum
3266 5210 3550 5279 incipiant.

1974 5298 2246 5353 Nimirum
2278 5306 2475 5352 natura
2525 5299 2737 5370 frigida:
2769 5309 2920 5360 sunt.
2984 5315 3092 5370 qua
3135 5300 3205 5355 de
3232 5316 3397 5355 causa
3428 5311 3554 5370 post

1973 5390 2227 5445 aestivum
2258 5390 2558 5449 solstitium
2593 5391 2829 5447 canendi
2889 5392 3099 5448 faciunt
3143 5394 3396 5461 initium;
3454 5411 3555 5448 nec

1976 5483 2082 5538 nisi
2107 5494 2301 5537 exorto
2328 5485 2443 5538 sole
2476 5493 2749 5555 strepunt,
2787 5487 3023 5555 ipsoque
3058 5487 3292 5541 meridie
3316 5488 3552 5542 maxime

1976 5586 2103 5628 sunt
2130 5590 2369 5630 canorae.
2421 5576 2487 5632 Et
2518 5577 2739 5645 quidem
2799 5575 3017 5631 femella
3076 5593 3201 5631 cum
3264 5579 3427 5647 longe
3481 5579 3552 5631 sit

1982 5682 2135 5720 mare
2162 5665 2438 5737 frigidior,
2478 5668 2779 5721 arboribus
2809 5668 3085 5722 taciturna
3117 5668 3343 5732 insidet,
3394 5672 3551 5737 quasi

1980 5762 2024 5815 si
2060 5760 2383 5831 Pythagora:
2452 5760 2761 5834 disciplinis
2792 5773 2936 5819 esset
2988 5762 3216 5819 imbuta.
3246 5764 3347 5831 Qui
3396 5764 3453 5819 fit
3488 5776 3547 5820 ut
