4214 6442
257 388 355 448 MS

1492 391 1858 452 ΛΝΝᾹΗΙῘΞ

1953 398 2134 455 PARS
2177 400 2220 461 ῐ.
3394 408 3489 459 ἱεῖς,

246 502 306 551 τὸ
353 502 540 568 ὄρνεον
576 499 629 551 εἰ
682 517 811 554 ποτε
878 498 1093 567 φύσεως
1160 499 1375 570 ἀνάγκη
1438 501 1572 568 πρὸς
1601 502 1858 571 sum.“

1953 522 2159 566 mtuam
2194 512 2259 566 ad
2289 512 2729 582 coniunctionem
2759 508 3112 579 pertrahitur,
3145 512 3295 577 quasi
3321 522 3483 577 qum-

247 589 642 653 συνδυάζεσθαι
700 590 1019 644 καθέλκοιτο
1051 632 1066 655 ,
1131 590 1228 644 ἅτε
1278 592 1343 661 δὴ
1398 591 1498 661 τὴν
1555 593 1808 646 ἐντεῦθεν

248 679 440 749 ἀηδίαν
466 682 766 749 παριστῶν.
802 682 863 734 ΕΙ
892 683 949 734 δὲ
979 681 1154 734 ταῦτα
1186 682 1359 744 οὕτως
1400 682 1536 752 ἔχει,
1569 687 1620 736 τί
1650 685 1811 752 ποιήο

249 786 415 839 σομεν
445 773 642 841 ήμεῖς;
676 774 727 826 oi
756 773 899 842 λόγῳ
941 774 1040 842 μὲν
1069 774 1445 844 τετιμημένοι,
1482 777 1601 837 ταῖς
1629 776 1687 827 δὲ
1718 774 1810 827 τοῦ

250 861 368 930 βίου
404 866 546 916 κατὰ
570 862 827 918 τοσοῦτον
861 865 1076 932 ἡδοναῖς
1116 865 1531 934 ὲμπεδούμενοι.

321 955 434 1007 Καὶ
482 956 613 1025 περὶ
674 957 772 1027 μὲν
813 957 909 1010 τοῦ
968 957 1292 1022 πελεκάνου,
1342 951 1403 1011 οὗ
1454 958 1545 1011 καὶ
1591 958 1619 1011 6
1651 958 1816 1014 Δαϐὶδ

254 1047 529 1116 μέμνηται
566 1050 769 1117 λέγων’
807 1068 825 1101 ι
850 1049 1155 1118 Ὠμοιὼθην
1188 1050 1447 1103 πελεκᾶνι
1481 1050 1756 1121 ὲρημικῴ,
1788 1067 1807 1100 ι

249 1140 302 1191 τί
339 1140 446 1210 χρὴ
474 1141 569 1194 καὶ
598 1140 777 1209 λέγειν
805 1157 820 1207 ;
859 1141 1030 1195 Τοῦτο
1067 1144 1128 1195 τὸ
1168 1143 1370 1211 πτηνὸν
1398 1143 1456 1194 ἐν
1489 1144 1686 1213 ἄκραις
1718 1143 1816 1194 πέ-

250 1253 407 1306 τραις
444 1238 684 1306 πήγνυσι
714 1239 813 1308 τὴν
850 1239 1068 1305 καλιὰν,
1092 1241 1219 1300 τοὺς
1260 1239 1581 1302 ἐπιϐούλους
1624 1238 1819 1307 ἐκφεύ-

251 1344 369 1393 γειν
399 1328 488 1380 διὰ
535 1329 815 1397 φροντίδος
869 1331 1215 1399 ποιούμενον.
1281 1331 1419 1383 Ἀλλ’
1454 1333 1481 1383 6
1534 1330 1819 1392 ἐπίϐουλος

250 1417 373 1483 δςρις
404 1418 570 1486 ἡνίκα
597 1418 689 1470 τὸν
728 1418 941 1487 πατέρα
976 1418 1173 1488 μικρόν
1224 1435 1275 1470 τι
1301 1419 1410 1471 τῶν
1444 1417 1653 1470 τέκνων
1686 1420 1820 1470 ἀπο-

253 1510 465 1563 πτάντα
500 1511 783 1578 θεάσηται,
819 1511 916 1580 τῆς
967 1511 1258 1580 ἐπιϐουλῆς
1298 1512 1638 1580 παραχρῆμα
1691 1511 1823 1578 ἐφά-

255 1618 468 1656 πτεται.
501 1604 607 1656 Καὶ
633 1602 819 1669 ἐπειδὴ
857 1603 931 1673 μὴ
967 1603 1356 1672 προσεγγίζειν
1417 1605 1481 1672 τῇ
1525 1602 1690 1672 καλιᾷ
1729 1600 1821 1655 δύ-

255 1709 434 1753 ναται,
460 1694 554 1746 τὸν
602 1693 682 1746 ἰὸν
732 1694 917 1757 αὐτοῖς
947 1695 1151 1764 ὲπιχέει
1194 1695 1292 1747 καὶ
1327 1694 1632 1766 πόρρωθεν·
1666 1710 1823 1764 περι·

258 1785 544 1853 σκοπήσας
581 1787 690 1857 γὰρ
732 1788 994 1858 πρότερον
1044 1789 1165 1841 ὅθεν
1224 1788 1465 1841 είιπνὲει
1522 1790 1551 1840 6
1600 1788 1821 1856 ἄνεμος,

1919 603 2044 656 dam
2082 604 2209 658 inde
2260 604 2364 657 sibi
2419 604 2642 674 ingratre
2688 603 2767 657 rei
2816 602 3067 655 accidere
3119 601 3475 663 signiﬁcaret.

1920 696 2051 762 Quae
2080 697 2125 751 si
2159 711 2287 749 vera
2320 705 2471 759 sunt,
2490 697 2622 765 quid
2654 710 2775 758 nos,
2800 708 3007 763 quaeso,
3035 692 3229 745 facturi
3256 708 3445 744 sumus
3466 696 3484 743 ’ἰ

1920 787 2013 855 qui
2054 786 2322 840 beneﬁcio
2378 786 2609 840 rationis
2638 785 2816 839 ornati
2853 783 3216 837 nihilominus
3246 783 3369 835 vitae
3401 799 3494 835 vo-

1921 879 2224 947 luptatibus
2257 879 2380 948 plus
2408 892 2567 946 {equo
2598 891 2788 930 sumus
2820 875 3053 929 addicti.

1991 967 2133 1032 Quid
2166 968 2233 1021 de
2259 968 2518 1036 pelecano
2535 968 2826 1021 dicemus?
2859 966 3017 1034 cujus
3045 966 3096 1019 in
3122 964 3352 1019 Psalmis
3379 965 3493 1018 suis

1925 1058 2157 1113 Davides
2186 1058 2351 1112 etiam
2378 1058 2628 1112 meminit
2661 1077 2674 1113 :
2720 1059 2949 1112 «Factus
2976 1073 3133 1118 sum,
3187 1057 3285 1116 ait,
3350 1058 3497 1124 pele-

1925 1165 2063 1204 cano
2093 1149 2340 1204 solitario
2366 1150 2673 1204 similis".i
2727 1149 2857 1204 Avis
2888 1150 3004 1202 haec
3035 1149 3263 1201 summis
3292 1149 3344 1200 iu
3374 1162 3497 1201 sco-

1925 1243 2069 1312 pulis
2101 1241 2289 1296 nidum
2316 1243 2575 1305 exstruit,
2612 1242 2850 1295 sollicite
2886 1242 3211 1294 incumbens
3243 1242 3295 1293 in
3332 1240 3382 1292 id
3437 1253 3497 1292 ut

1929 1334 2280 1388 insidiatores
2315 1334 2474 1387 vitet.
2508 1334 2713 1388 Verum
2751 1348 2980 1400 serpens
3011 1331 3301 1385 insidiator
3327 1330 3493 1383 etiam

1930 1439 2123 1493 magno
2151 1438 2215 1477 ex
2246 1424 2538 1477 intervallo
2570 1424 2721 1476 virus
2746 1437 2905 1476 suum
2937 1424 2989 1475 in
3017 1423 3193 1489 pullos
3220 1422 3340 1484 eius
3368 1436 3499 1474 evo-

1930 1516 2048 1568 mit.
2083 1514 2444 1583 Posteaquam
2506 1515 2651 1567 enim
2705 1513 3095 1582 circumspexit
3132 1511 3273 1565 unde
3306 1519 3501 1565 ventus

1928 1610 2121 1679 spiret.
2162 1608 2229 1659 ab
2258 1621 2321 1660 ea
2375 1613 2527 1675 parte
2573 1620 2786 1660 veneno
2841 1604 3021 1657 amato
3076 1604 3358 1657 interitum
3419 1603 3501 1655 cis

1936 1697 2114 1751 al'l‘ert.
2145 1695 2252 1767 45
2281 1695 2420 1749 Tum
2460 1710 2590 1749 vero
2620 1704 2776 1763 pater
2807 1710 2971 1764 supra
3008 1694 3156 1763 ipsos
3199 1695 3414 1749 volans.
3446 1700 3502 1744 et

1932 1787 2171 1840 naturali
2218 1785 2456 1854 quodam
2488 1785 2754 1840 instinctu
2810 1785 2981 1839 factas
3037 1784 3267 1837 insidias
3298 1783 3503 1850 depre-

258 1851 521 1931 κάκεῖθεν
582 1851 914 1951 έμξρυσησας
961 1880 1147 1942 αὐτοῖς
1202 1882 1295 1933 τὸν
1350 1880 1449 1943 ίὸν,
1504 1851 1825 1946 ἐπάγει-τὸν

1953 1875 2220 1939 tendens,
2276 1890 2386 1942 quo
2441 1883 2604 1944 pacto
2661 1888 2991 1942 recuperare
3057 1874 3225 1927 vitam
3292 1872 3504 1941 possint

198 2032 201 2035 λ
257 1969 497 2041 ὄλεθρον.
541 1970 685 2023 Ἀλλ’
734 1975 763 2024 6
812 1973 994 2040 πατὴρ
1030 1974 1265 2036 ἐπιπτὰς
1314 1971 1474 2034 αὖθις
1505 1973 1688 2034 αὐτοῖς
1734 1973 1829 2024 καὶ

261 2060 513 2126 φυσικοῖς
569 2076 680 2113 τισι
728 2061 907 2130 λόγοις
957 2061 1056 2133 τὴν
1112 2063 1411 2133 ἐπιϐουλὴν
1445 2062 1645 2116 συνιῶν
1690 2058 1829 2115 οἶδεν

259 2142 420 2210 αὖθις
446 2148 570 2202 ὅθεν
593 2149 1014 2204 ἁναϐιώσαιντοθ
1049 2151 1190 2204 κατὰ
1227 2150 1476 2220 κορυφῆς
1505 2149 1615 2218 γὰρ
1648 2148 1830 2201 αὐτῶν

258 2236 447 2305 ἠρέμα
502 2238 886 2307 πτερύσσεται,
935 2241 1172 2303 καὶτὰς
1214 2241 1457 2311 πλευρὰς
1485 2238 1832 2310 ἑκατέρωθεν

259 2328 618 2399 ἐπιπλήσσων
644 2333 765 2393 ταῖς
813 2331 1073 2397 πτέρυξιν
1110 2334 1339 2402 αἵματος
1384 2332 1568 2395 αὐτοῖς
1612 2331 1832 2402 ῥανίδας

260 2424 479 2492 ἀφίησι,
507 2424 804 2479 κάντεῦθεν
842 2427 892 2478 οἱ
925 2423 1219 2489 τεθνεῶτες
1270 2426 1480 2479 νεοττοὶ
1514 2422 1832 2494 παραδόξως

261 2515 722 2572 ἀναϐιώσκουσιν.

345 2606 640 2676 Ἐπίγνωθι
664 2608 782 2673 οῦν,
823 2612 1100 2682 ἀγαπητὲ,
1136 2612 1282 2676 τίνος
1318 2614 1505 2667 ἕνεκεν
1535 2613 1568 2684 ἠ
1600 2613 1836 2682 παράδο-

265 2699 353 2763 ξος
388 2698 531 2770 αῦτη
570 2702 697 2771 περὶ
732 2703 799 2756 τὰ
830 2703 1032 2771 ἔγγονα
1075 2705 1154 2775 τῷ
1205 2705 1466 2757 πελεκᾶνι
1495 2705 1833 2773 συμπάθεια.

263 2791 688 2861 Σκιαγραφῆσιιι
719 2793 831 2861 γὰρ
877 2796 906 2847 6
954 2793 1162 2864 Κύριος
1196 2795 1267 2848 τὰ
1318 2796 1440 2848 καθ’
1472 2796 1625 2865 ἡμᾶς
1656 2796 1836 2849 πάντα

262 2883 369 2935 κάν
399 2883 476 2953 τῷ
502 2884 691 2954 πτηνῷ
716 2885 891 2953 τούτῳ
923 2886 1093 2939 θέλων
1123 2888 1410 2955 ἀνέκαθεν,
1439 2890 1523 2941 ὅτι
1554 2906 1615 2942 τε
1649 2888 1835 2959 παρὰ-

184 3037 192 3042 λ
263 2975 442 3039 δεισος
480 2976 727 3033 ἔκτισται
780 2982 876 3034 καὶ
917 2980 1110 3052 ὅτιπερ
1146 2982 1204 3035 ἐν
1255 2982 1402 3051 αὐτῷ
1430 2984 1478 3036 οἱ
1509 2982 1838 3052 πρωτόπλα-

266 3084 382 3121 στοι
411 3068 685 3124 τέθεινται
712 3111 726 3135 ,
773 3073 856 3126 ὅτι
903 3075 930 3127 6
962 3075 1150 3142 νοητὸς
1183 3074 1307 3143 ὄφις
1350 3076 1442 3128 τδν
1475 3075 1707 3146 ψυχικὸν
1736 3077 1835 3129 αὐ-

262 3162 378 3223 τοῖς
434 3161 777 3231 προὺξένησε
809 3164 1062 3231 θάνατον,
1098 3166 1194 3218 καὶ
1236 3166 1319 3218 ὅτι
1370 3165 1723 3237 φιλόστοργος
1747 3163 1835 3219 οἷα
1865 3203 1907 3261 C

266 3253 453 3324 πατὴρ
488 3254 583 3307 ἐπὶ
613 3256 871 3312 τεθνεῶσι
902 3258 1093 3311 παισὶν
1123 3260 1152 3311 6
1187 3258 1415 3328 ποιητὴς
1439 3260 1662 3313 πάντων
1705 3258 1838 3322 Θεὸς

266 3345 355 3399 ἐπ’
387 3347 571 3410 αὐτοῖς
620 3349 1068 3420 ἑπικὰμπτεται,
1114 3350 1448 3420 χρηματίζει
1499 3369 1559 3405 τε
1604 3350 1674 3404 τὰ
1714 3352 1840 3405 καθ’

267 3442 417 3509 ἡμᾶς
444 3440 736 3511 ἄνθρωπος
766 3443 863 3496 καὶ
909 3443 1089 3498 πάντα
1132 3442 1201 3497 τὰ
1252 3442 1420 3497 λοιπὰ
1453 3444 1837 3514 καταδέχεται,

267 3534 360 3588 ἰπὶ
387 3534 626 3603 σταυροῦ
671 3534 990 3588 τελευταῖον
1039 3536 1291 3606 ὑψοῦται,
1330 3536 1426 3589 καὶ
1462 3538 1562 3607 τῆς
1598 3536 1841 3605 πλευρᾶς

268 3624 435 3677 αὐτοῦ
481 3624 806 3695 ζωήῤῥυτον
852 3622 992 3695 αἷμα
1042 3625 1227 3695 ἐκχὲει
1265 3628 1344 3690 είς
1390 3626 1697 3680 ἀνάπλασιν
1730 3626 1842 3679 τῶν

268 3719 720 3788 πρωτοπλὰστων
750 3718 977 3771 ἐκείνων
1004 3719 1114 3772 τῶν
1144 3718 1224 3784 τῷ
1277 3718 1340 3787 ἰῷ
1371 3718 1715 3788 τεθνηκότων
1744 3719 1840 3772 τοῦ

269 3811 472 3879 ὄφεως,
502 3810 763 3880 τοιαύτην
792 3811 870 3880 τῷ
902 3801 1160 3864 πελεκᾶνι
1218 3809 1570 3880 συμπάθειαν
1616 3812 1746 3879 περὶ
1774 3809 1845 3864 τὰ

270 3905 471 3971 ἔγγονα
510 3901 631 3954 κατ’
659 3902 834 3972 ἀρχὰς
871 3901 1222 3972 ἐνεφύτευσε.
1256 3900 1356 3953 Διὰ
1379 3900 1489 3972 γὰρ
1541 3899 1701 3953 τοῦτο
1749 3904 1844 3954 καὶ

270 3993 437 4045 Δαϐὶδ
467 3990 756 4063 προλαϐὼν
788 3990 996 4058 ἐλεγενο
1031 4010 1049 4043 ι
1073 3990 1383 4061 Ὢμοιώθην
1422 3992 1682 4045 πελεκᾶνι
1715 3993 1844 4062 ὲρη⁴

274 4084 445 4154 μικῷ.
492 4103 511 4137 ι
573 4083 819 4138 Πελεκὰν
871 4084 982 4153 γὰρ
1021 4084 1184 4148 αὐτὸς
1235 4084 1264 4136 6
1300 4083 1557 4154 Χριστὸς,
1596 4087 1761 4141 καλιὰ
1817 4089 1846 4140 6

272 4175 625 4244 παράδεισος,
688 4176 892 4229 νεοττοὶ
949 4176 999 4230 σί
1059 4174 1498 4245 πρωτόπλαστοι,
1556 4166 1845 4242 ἐπίϐουλος

270 4266 396 4336 ὄφις
431 4266 593 4330 αὐτὸς
623 4267 650 4319 6
684 4266 953 4331 διὰϐολος,
995 4267 1072 4330 ίὺς
1100 4266 1338 4338 ὄφεωςή
1374 4268 1438 4321 ὲκ
1465 4266 1561 4320 τοῦ
1595 4268 1845 4321 διαϐόλου

273 4358 496 4419 πάντως
547 4357 754 4428 ἀπάτη,
787 4358 1018 4421 θάνατος
1068 4361 1097 4411 6
1146 4359 1210 4412 ιιι
1253 4355 1345 4413 τοῦ
1377 4359 1510 4413 Θεοῦ
1543 4360 1845 4431 χωρισμὸς,

275 4448 590 4518 συμπάθεια
643 4450 883 4519 πατρικὴ
920 4450 953 4518 ὴ
1011 4448 1105 4503 τοῦ
1165 4449 1303 4503 Θεοῦ
1351 4451 1522 4519 Λόγου
1576 4452 1645 4504 δι’
1701 4453 1849 4523 ἡμᾶς

1930 1965 2209 2033 cognitum
2243 1964 2436 2017 habet.
2472 1963 2605 2017 Nam
2637 1964 2840 2018 leniter
2869 1978 3035 2031 supra
3087 1964 3305 2015 illorum
3336 1963 3504 2015 verti-

1931 2071 2049 2111 cctn
2075 2056 2188 2109 alas
2236 2055 2577 2125 expandens,
2638 2062 2695 2109 et
2741 2054 2944 2109 feriens
3001 2054 3263 2123 utrinque
3309 2054 3502 2116 latera,

1932 2156 2112 2218 guttas
2139 2148 2192 2202 in
2229 2163 2326 2202 eos
2353 2148 2636 2215 sanguinis
2668 2146 2931 2201 demittit.
2994 2144 3115 2211 Quo
3172 2146 3317 2199 farto
3365 2160 3501 2199 nova

1934 2247 1988 2293 et
2048 2238 2329 2308 inopinata
2383 2238 2621 2308 quadarn
2690 2240 2905 2293 ratione
2963 2237 3098 2307 pulli
3158 2236 3284 2291 vita:
3347 2237 3505 2292 resti-

1937 2340 2190 2387 tuuntur.

2006 2611 2120 2665 lloc
2147 2609 2482 2678 exemplum,
2518 2608 2718 2663 dilecte
2749 2606 2848 2671 (ili,
2903 2604 3065 2659 velim
3097 2603 3229 2657 mihi
3259 2601 3515 2658 conside-

1937 2719 2047 2759 res.
2080 2703 2449 2769 Quamobrem
2485 2702 2660 2756 indita
2715 2710 2799 2754 est
2843 2700 3107 2769 pclecano
3169 2698 3513 2751 admirabilis

1938 2796 2056 2850 haec
2088 2810 2212 2864 erga
2253 2794 2500 2849 soholem
2545 2792 2798 2847 allectio?
2848 2791 2986 2846 Cum
3021 2791 3193 2844 multo
3228 2797 3355 2842 ante
3404 2788 3512 2838 υθ-

1938 2888 2124 2941 minus
2177 2886 2283 2940 bac
2338 2886 2393 2938 in
2431 2900 2531 2940 ave
2592 2884 2758 2938 vellet
2812 2883 3126 2952 eXprimerc
3163 2888 3359 2933 cuncta
3394 2894 3516 2946 qua:

1940 2979 2099 3033 nobis
2126 2977 2472 3041 acciderunt,
2503 2976 2652 3045 quod
2688 2974 2949 3029 nintirum
2983 2973 3275 3042 paradisus
3323 2970 3518 3023 condi-

1939 3080 2028 3125 tus
2056 3068 2147 3134 sit,
2209 3068 2355 3137 quod
2416 3068 2468 3120 in
2505 3065 2876 3136 eocolloeati
2913 3065 3167 3118 homines
3213 3063 3287 3116 illi
3323 3062 3512 3131 primi,

1940 3162 2086 3230 quod
2124 3160 2461 3215 intellectilis
2513 3159 2605 3213 ille
2668 3173 2897 3228 serpens
2936 3157 3105 3211 animi
3152 3165 3384 3210 mortem
3435 3155 3518 3208 eis

1941 3252 2334 3317 conciliaverit,
2401 3252 2546 3321 quod
2581 3251 2765 3321 opifex
2812 3251 3059 3305 omnium
3096 3250 3264 3302 Deus
3291 3259 3519 3317 paterna

1941 3346 2326 3402 benevolentia
2355 3346 2506 3400 velut
2536 3360 2664 3413 erga
2698 3342 2840 3397 ﬁlios
2872 3352 3075 3406 motus,
3107 3343 3273 3395 homo
3310 3343 3515 3403 factus,

1941 3438 2124 3492 omnia
2152 3450 2469 3507 perpessus,
2503 3436 2726 3492 tandem
2757 3435 2812 3488 in
2857 3449 3077 3488 crucem
3120 3433 3371 3486 sublatus
3422 3434 3517 3495 sit,

1943 3533 2095 3600 quod
2131 3529 2200 3586 de
2230 3530 2405 3585 latere
2436 3544 2535 3583 suo
2590 3528 2917 3598 sanguinem
2974 3526 3254 3589 elfuderit,
3320 3542 3511 3579 verum

1945 3626 2071 3679 vitae
2103 3626 2306 3689 rivum,
2369 3622 2437 3677 ad
2474 3622 2782 3691 primorum
2817 3620 3102 3673 hominum
3161 3618 3519 3673 instauratio-

1944 3733 2095 3777 nem.
2127 3718 2222 3786 qui
2259 3730 2477 3771 veneno
2506 3713 2783 3783 serpentis
2810 3711 3068 3767 exstincti
3110 3711 3350 3769 fuerant,
3400 3711 3519 3779 ipsa

1946 3823 2131 3862 rerum
2167 3806 2327 3861 initio
2362 3806 2523 3860 talem
2551 3819 2679 3874 erga
2709 3804 2954 3857 sobolem
2985 3818 3139 3856 suam
3170 3800 3516 3855 affectionem

1947 3903 2205 3972 peleeano
2263 3897 2485 3953 inserit.
2556 3896 2693 3950 Nam
2743 3903 3035 3965 propterea
3110 3909 3206 3962 per
3261 3893 3518 3947 Davidcm

1946 3996 2119 4050 multo
2152 4002 2278 4046 ante
2317 3990 2501 4046 verbis
2528 3988 2616 4042 his
2645 4002 2778 4042 usus
2796 3998 2923 4041 est:
2958 3987 3186 4041 «Factus
3221 4001 3341 4040 sum
3378 3987 3520 4053 pele~

1948 4105 2086 4146 cano
2111 4088 2359 4143 solitario
2395 4084 2645 4139 similis.»
2678 4084 2890 4138 Etenim
2940 4083 3235 4151 pelecanus
3267 4092 3354 4137 est
3407 4082 3523 4150 ipse

1947 4181 2220 4242 Christus,
2249 4178 2416 4233 nidus
2444 4176 2758 4247 paradisus,
2831 4174 2964 4245 pulli
2999 4175 3236 4243 primum
3313 4174 3523 4228 conditi

1950 4271 2222 4335 homines,
2259 4282 2489 4337 serpens
2521 4265 2814 4321 insidiator
2860 4266 2977 4334 ipse
3031 4264 3309 4327 diabolus,
3372 4262 3527 4316 virus

1949 4363 2226 4433 serpentis
2260 4360 2414 4415 fraus
2446 4359 2672 4422 diaboli,
2709 4373 2857 4412 mors
2890 4371 2919 4411 a
2956 4357 3067 4410 Deo
3095 4356 3405 4424 diremptus
3446 4365 3530 4409 at-

1952 4470 2058 4526 que
2086 4453 2380 4524 separatio.
2411 4460 2640 4520 paterna
2666 4449 2882 4504 aﬂ'ectio
2914 4448 3008 4503 Dei
3078 4448 3352 4502 sermonis
3383 4448 3524 4502 facta

276 4541 715 4612 ὲνανθρώπησις.
763 4542 827 4594 Ἢ
849 4541 905 4595 δὲ
937 4542 1049 4595 τῶν
1080 4543 1314 4595 νεοττῶν
1347 4543 1587 4613 ὕπερθεν
1623 4545 1851 4599 ἐπιπτέ-

1959 4546 2130 4601 nostri
2167 4559 2333 4599 causa
2379 4554 2591 4598 natura:
2645 4542 2901 4596 humana:
2950 4540 3273 4608 assumptio,
3316 4539 3524 4593 alarum

281 4632 432 4702 ρυξις
485 4635 519 4702 ἠ
575 4634 663 4685 ἐπὶ
697 4633 931 4701 σταυροῦ
980 4634 1074 4687 τοῦ
1117 4634 1358 4703 Χριστοῦ
1388 4636 1495 4688 τῶν
1524 4637 1850 4707 πρωτοπλοὶ-

280 4741 423 4777 στων
452 4716 660 4778 ἄνωθεν
688 4726 1056 4795 ἀπαιὼρησις,
1088 4727 1343 4797 πλευρῶν
1367 4726 1660 4798 ἐπίπληξις
1693 4730 1726 4796 ἠ
1754 4732 1852 4800 τῆς

281 4818 437 4882 θείας
463 4818 612 4886 νύξις
644 4819 909 4891 πλευρᾶς,
950 4822 1047 4875 καὶ
1078 4823 1388 4877 τελευταῖον
1421 4826 1534 4887 τοῖς
1559 4824 1853 4879 τεθνεῶσιν

280 4910 575 4974 ὲπιστάζον
621 4906 760 4980 αἷμα
810 4913 1149 4984 ζιυήῤῥυτοιν
1194 4916 1242 4967 εί
1277 4913 1353 4984 μὴ
1384 4915 1495 4984 γὰρ
1527 4914 1852 4987 ζωήρρυτον

280 4998 373 5073 ἧν,
404 5003 505 5055 οὐκ
538 5003 602 5056 ἂν
633 5006 750 5068 τοῖς
782 5006 936 5060 κάτω
959 5008 1239 5077 κειμένοις
1270 5009 1565 5076 ὲγαρίσατο
1599 5008 1696 5078 τὴν
1728 5010 1860 5063 ἀνά-

282 5114 499 5150 στασιν.
548 5098 743 5162 Καλῶς
775 5094 869 5153 οὖν
902 5100 1058 5169 ἔλεγε
1108 5102 1197 5154 διὰ
1241 5103 1336 5155 τοῦ
1371 5105 1661 5173 προφήτου
1689 5105 1718 5156 6
1746 5104 1859 5158 Κύ-

285 5203 421 5257 ριος·
458 5207 477 5239 ι
524 5187 830 5261 Ὠμοιώθην
858 5191 1115 5245 πελεκᾶνι
1148 5182 1422 5264 ὲρημικῷς
1463 5213 1483 5247 r

354 5365 520 5434 Λέγει
557 5367 613 5420 δὲ
652 5370 713 5421 τὺ
760 5371 899 5424 κατὰ
943 5372 1156 5426 ΛουκΞα
1190 5371 1527 5442 Εὖαγγέλιον
1574 5376 1704 5446 περὶ
1752 5376 1859 5431 τῶν

284 5458 537 5526 κοράκων
587 5462 756 5514 ὅτιού
808 5464 1122 5533 σπείρουτιν
1175 5466 1295 5520 οὐδὲ
1349 5466 1674 5536 θερίζουσιν,
1723 5471 1752 5521 6
1798 5469 1856 5524 δὲ

280 5551 417 5612 Θεὸς
445 5550 634 5621 τρέφει
681 5554 838 5610 αὐτά.
870 5555 1027 5619 Τίνος
1060 5559 1245 5612 ἕνεκεν
1283 5562 1518 5614 ἐνταῦθα
1549 5561 1657 5615 τῶν
1687 5562 1858 5631 κορά-

281 5659 397 5695 κων
435 5642 495 5707 ag
526 5644 790 5716 ὀνόματος
836 5650 1149 5722 μέμνηταις
1187 5653 1417 5721 Λέγεται
1463 5653 1558 5708 οὖν
1592 5655 1673 5709 ὄτι
1708 5671 1860 5727 μισο-

359 5813 403 5845 ⁸⁷
446 5814 588 5870 Psal.
621 5829 694 5885 ct,
735 5815 786 5872 8.
868 5818 905 5849 "’
940 5817 1073 5875 an.
1114 5834 1211 5887 xu,
1244 5820 1334 5875 Ἦ.

1952 4653 2119 4708 supra
2154 4636 2332 4706 pullos
2359 4632 2624 4704 expansio
2684 4632 2888 4687 Christi
2921 4647 3085 4700 supra
3115 4629 3368 4684 conditos
3404 4630 3528 4684 illos

1953 4730 2192 4798 primum
2227 4726 2479 4781 homines
2509 4725 2565 4778 iu
2600 4740 2820 4778 crucem
2849 4723 3111 4787 sublatio,
3140 4726 3369 4776 laterum
3409 4724 3530 4791 pui-

1953 4822 2096 4876 satio
2127 4819 2298 4875 diviui
2327 4818 2520 4871 lateris
2550 4816 2800 4886 punctio,
2830 4832 2994 4886 quam
3034 4826 3222 4870 secuta
3274 4826 3359 4870 est
3403 4832 3532 4869 sau-

1954 4912 2136 4984 guinis
2186 4912 2312 4965 vitze
2364 4910 2572 4963 fontem
2621 4908 2957 4963 continentis
3019 4909 3341 4964 destillatio.
3414 4910 3534 4964 Nisi

1956 5004 2105 5060 enim
2134 5003 2384 5057 vivilicus
2405 5011 2572 5065 esset,
2608 5001 2899 5071 prostratis
2930 5003 3397 5056 resurrectionem
3433 5002 3533 5054 im-

1960 5097 2150 5169 partiri
2210 5110 2319 5149 non
2364 5105 2569 5163 posset.
2626 5095 2811 5162 Itaque
2867 5108 2966 5162 per
3023 5103 3207 5147 vatem
3253 5092 3536 5148 'Dominus

1958 5189 2224 5259 praeclare
2252 5186 2389 5242 dixit
2423 5203 2438 5240 :
2478 5204 2497 5237 ι
2537 5184 2738 5239 Factus
2794 5198 2916 5239 sunt
2968 5184 3234 5255 pelccano
3287 5184 3539 5238 solitario

1957 5278 2167 5334 similis.
2184 5266 2225 5329 »ν

2036 5370 2408 5438 Perscriptum
2456 5377 2541 5423 cst
2590 5366 2642 5421 in
2694 5365 2985 5433 Evangelio
3014 5361 3224 5418 Lucae“
3258 5380 3312 5424 ξι
3346 5364 3545 5417 Consi-

1968 5470 2157 5520 derate
2186 5478 2399 5526 corvos,
2451 5463 2543 5532 qui
2582 5477 2760 5532 neque
2788 5470 2979 5516 serunt
3014 5469 3442 5529 nequemetunt,
3486 5469 3543 5513 et

1970 5560 2108 5613 Deus
2160 5556 2520 5612 nihilominus
2557 5570 2651 5610 eos
2677 5555 2789 5609 alit.
2833 5571 2851 5605 ι
2885 5552 3253 5619 Quamobrem
3282 5551 3386 5606 hoc
3422 5552 3544 5606 loco

1971 5649 2296 5709 nominatim
2360 5664 2650 5706 corvorum
2720 5645 2778 5703 lit
2849 5644 3050 5703 ntentio
3107 5645 3130 5697 ?
3180 5643 3544 5715 perhibentur
