4214 6442
268 401 367 463 Ῑίθῖλ

1491 414 1892 475 ΑΝΝΑΙΛΗΜ
1935 414 2123 470 PARS
2172 415 2212 470 Ι.

3383 353 3532 467 ἓν).

345 522 481 572 Ἀλλ’
511 523 627 574 οὐδὲ
662 528 820 578 τοῦτό
871 543 925 578 σε
960 530 1357 598 παραδραμεῖν,
1393 533 1663 598 ἁγαπητὲ,
1693 533 1809 600 βού-

1880 551 1894 586 ι
1990 531 2096 601 47
2137 531 2213 584 Ne
2250 531 2349 582 hoc
2385 529 2602 597 quidem
2652 525 2870 580 silentio
2914 521 3188 592 prwterirc
3221 536 3436 590 possum
3465 561 3476 581 ,

257 611 446 680 λομαι,
478 615 910 685 παραδοξότερον
945 622 1036 672 καὶ
1075 623 1306 688 μάλιστα
1347 624 1455 674 τῶν
1481 625 1655 677 ἄλλων
1682 625 1762 687 ὃν,
1792 626 1820 677 ὃ

261 703 388 768 περὶ
436 700 648 769 ὄρνιθος
676 704 768 756 τοῦ
818 708 1156 776 καλουμένου
1214 711 1449 778 μέροπος
1497 715 1524 764 6
1575 714 1819 776 Αἰλιανδς

259 790 481 854 ἱστορεῖ,
521 792 746 862 «Μέροψ
793 813 810 845 ι
857 797 1032 862 λέγων
1089 816 1106 848 ι
1151 799 1210 851 τὸ
1254 802 1441 866 δρνεον
1467 803 1546 863 εἰς
1575 803 1820 856 τούπίσω

261 880 512 934 πέταται.
548 901 564 934 ι
595 885 703 937 Καὶ
731 886 911 938 ἔπεισί
959 905 1048 956 μοι
1085 888 1386 958 θαυμάζειν
1416 893 1515 960 τὴν
1546 894 1818 964 ἐπίσημον

253 972 534 1038 ἀναφορὰν
565 979 631 1045 ἢν
658 978 833 1031 ὲκεῖνο
857 981 978 1045 ἄγει
1007 981 1067 1034 τὸ
1095 982 1256 1044 ζῶον.
1676 1016 1677 1019 η

324 1063 397 1115 Τὸ
422 1063 478 1116 δὲ
516 1065 606 1117 τὸν
639 1067 972 1137 ἀλεκτρυόνα
1004 1073 1196 1134 νυκτὸς
1226 1073 1376 1144 ᾅδειν
1399 1076 1458 1127 ἐν
1489 1075 1818 1145 ὡρισμένοις

251 1159 467 1223 καιροῖς
487 1158 548 1209 ού
591 1159 696 1226 πρὸ
727 1161 922 1214 πολλοῦ
937 1165 1046 1232 ’τῆς
1071 1166 1164 1216 τοῦ
1198 1166 1348 1234 ἡλίου
1379 1169 1645 1238 ἀνατολῆς
1675 1170 1819 1233 τινὲς

251 1246 354 1310 μὲν
405 1247 836 1318 ἐφυσιολόγησαν
893 1252 1088 1320 οὕτως,
1136 1256 1217 1307 ὃτι
1276 1256 1609 1326 θερμότατον
1645 1259 1703 1314 ὃν
1760 1263 1819 1314 τὸ

248 1336 390 1397 ζῶον
435 1339 527 1392 καὶ
561 1340 739 1409 λίχνον
787 1345 913 1415 περὶ
953 1347 1052 1410 τὰς
1104 1348 1213 1400 τῶν
1259 1353 1474 1420 τροφῶν
1513 1353 1720 1423 ὀρέξεις
1752 1358 1814 1424 τῇ

251 1428 355 1494 μὲν
394 1431 619 1500 ὲμφύτῳ
646 1434 943 1505 θερμότητι
985 1441 1286 1511 ταχύτερον
1324 1444 1519 1496 πέπτει
1542 1449 1640 1514 τὴν
1673 1446 1815 1500 διδο-

250 1519 423 1589 μένην
455 1525 682 1593 τροφὴν,
717 1530 780 1597 τῇ
816 1529 872 1582 δὲ
926 1528 1136 1601 λιχνείᾳ
1175 1533 1275 1601 τῆς
1322 1534 1537 1602 φύσεως
1578 1554 1817 1606 προανα-

248 1617 419 1679 φωνεί
443 1615 541 1686 τὴν
576 1620 706 1686 περὶ
745 1619 918 1674 ταῦτα
955 1622 1155 1692 ὄρεξιν,
1187 1627 1352 1679 οἱονεὶ
1400 1631 1817 1700 προσκαλούμε-

247 1721 340 1767 νος
377 1708 470 1760 τὸν
497 1711 791 1773 σιτίζοντα.
830 1713 1048 1783 ’Έτεροι
1075 1716 1128 1768 δέ
1162 1735 1324 1784 φασιν
1347 1720 1430 1772 ὅτι
1461 1722 1555 1774 καὶ
1584 1723 1817 1777 ἕκαστον

245 1798 358 1851 τῶν
417 1800 654 1853 ἐνταῦθα
709 1804 878 1857 ὀντων
931 1808 1025 1858 καλ⁸
1083 1809 1385 1877 γινομένων
1442 1812 1657 1882 ἑκάστῳ
1707 1815 1815 1866 τῶν

245 1893 554 1958 φωστήρων
612 1894 916 1960 ἀνάκειται,
973 1896 1163 1966 ὥσπερ
1211 1899 1239 1950 ὀ
1297 1899 1466 1963 λωτὸς
1527 1903 1585 1955 τὺ
1652 1908 1818 1973 φυτὸν

244 1982 471 2050 ηλιακὸν
511 1987 677 2048 ἐστιν,
731 1987 852 2040 ὅθεν
906 1990 1252 2044 ἀνατέλλοντι
1302 1993 1401 2060 μὲν
1443 1995 1519 2064 τῷ
1568 2000 1818 2067 φωστῆρι

241 2074 472 2139 ὲξαπλοῖ
511 2077 577 2128 τὰ
621 2078 815 2145 φύλλα,
842 2079 1049 2135 δύνοντι
1088 2083 1146 2135 δὲ
1196 2085 1497 2141 συστέλλει.
1530 2087 1688 2141 Οῦτω
1720 2091 1820 2158 μὲν

241 2165 339 2220 οὖν
365 2170 460 2222 καὶ
498 2170 525 2221 ὀ
558 2171 874 2242 ἀλεκτρυὼν
916 2174 1020 2228 ὑπὸ
1067 2177 1166 2246 τὴν
1217 2177 1450 2247 ἡλιακὴν
1490 2181 1647 2245 τάξιν
1675 2183 1814 2238 ἐστί.

243 2260 431 2332 Ταύτῃ
479 2280 557 2316 τοι
616 2267 709 2318 καὶ
763 2267 899 2335 πρὸς
946 2268 1216 2340 ἀνατολὴν
1263 2273 1537 2327 ἐπανιόντι
1583 2274 1660 2344 τῷ
1703 2276 1817 2344 ἰδίῳ

241 2352 527 2424 ἀρχηγέτῃ
556 2355 883 2425 ἀπορῤήτως
914 2359 1006 2412 καὶ
1036 2361 1282 2428 φυσικῶς
1305 2363 1686 2430 ὲπιγὰννυται,
1721 2368 1817 2418 καὶ

243 2442 437 2513 ὥσπερ
491 2446 634 2516 ᾠδὴν
685 2448 836 2517 αὐτῷ
891 2450 1216 2520 ποιούμενος
1269 2454 1689 2526 ἀπολαμπρύνει
1755 2476 1815 2510 τε

239 2535 344 2603 τὴν
373 2537 556 2606 φωνὴν
586 2541 679 2590 καὶ
714 2541 854 2608 μέγα
885 2541 1004 2613 βοᾷ.
1050 2544 1157 2597 Καὶ
1181 2538 1329 2599 οῦτοι
1382 2551 1480 2617 μὲν
1506 2549 1680 2614 οὕτως
1703 2568 1716 2582 ·
1751 2555 1815 2607 σὺ

241 2627 324 2686 δὲ.
354 2627 628 2698 ἀγαπητὲ,
660 2633 758 2694 τὰς
800 2638 1057 2698 τοιαύτας
1085 2637 1268 2704 φωνὰς
1316 2642 1455 2707 μετὰ
1481 2642 1591 2694 τῶν
1629 2644 1817 2712 μύθων

243 2719 502 2788 ἀριθμεῖν
555 2722 630 2790 μὴ
676 2723 860 2777 δέδιθι.
906 2725 1010 2778 Τὸν
1069 2731 1178 2799 γὰρ
1225 2730 1560 2800 ἀλεκτρυόνα
1623 2738 1813 2800 νυκτὸς

243 2810 435 2876 ἔταξεν
472 2813 620 2883 ᾅδειν
649 2817 676 2866 ὀ
711 2817 966 2885 κηδεμὼν
1009 2819 1226 2872 πάντων
1275 2821 1428 2886 Θεὸς,
1461 2824 1536 2886 ὡς
1568 2825 1815 2880 ἐντεῦθεν

245 2903 395 2970 ἡμᾶς
444 2903 676 2966 ἄκοντας
719 2904 818 2972 τῆς
875 2906 1064 2975 κλίνης
1096 2909 1407 2977 ἐγείρεσθαι
1461 2912 1556 2964 καὶ
1613 2915 1686 2983 μὴ
1717 2916 1815 2985 τὴν

241 2990 414 3042 νύκτα
445 2993 863 3044 καταναλίσκειν
895 2994 1021 3063 ὃλην
1047 2997 1138 3048 ἐπὶ
1165 3000 1364 3061 κενοῖς,
1393 3001 1528 3051 ἀλλὰ
1557 3003 1685 3062 τοὺς
1716 3007 1813 3072 μὲν

241 3083 323 3142 εἰς
383 3082 647 3150 ἐργασίαν
713 3086 1104 3154 ἐκτρέπεσθαι,
1159 3090 1285 3151 τοὺς
1353 3090 1410 3142 δὲ
1472 3092 1608 3160 πρὸς
1661 3094 1812 3149 θείαν

1930 622 2115 675 multis
2148 621 2268 674 aliis
2301 620 2463 673 rebus
2481 616 2879 680 admirabilius,
2913 613 3054 682 quod
3080 612 3144 664 de
3187 627 3277 661 ave
3319 626 3478 676 quam

1928 726 2205 780 meropem
2237 719 2433 764 vocant
2466 708 2710 762 Elianus
2757 706 3034 759 memoria:
3075 701 3334 770 prodidit.
3371 701 3480 753 Mo-

1928 819 2073 871 rops,
2111 802 2310 871 inquit,
2345 803 2459 854 avis
2503 809 2800 853 retrorsum
2840 797 2982 849 volat
3008 836 3022 857 ,
3067 785 3225 863 quem
3263 793 3479 859 quidem

1929 902 2134 945 motum
2183 892 2534 958 volatumque
2588 889 2750 956 hujus
2791 885 3040 940 animalis
3091 883 3384 936 notabilem
3423 897 3483 930 ac

1927 984 2244 1036 inusitatum
2285 982 2426 1034 haud
2460 983 2556 1035 abs
2582 998 2638 1034 re
2669 980 2849 1032 mirari
2875 977 3042 1031 subit.

1995 1073 2112 1128 Jam
2141 1073 2285 1141 quod
2333 1073 2505 1142 gallus
2539 1072 2874 1140 gallinaceus
2928 1079 3091 1122 noctu
3125 1066 3288 1120 certis
3337 1065 3483 1115 Ιιυιὶς

1925 1175 2129 1228 cantet,
2162 1180 2266 1218 non
2302 1167 2532 1218 multmn
2561 1173 2684 1216 ante
2715 1163 2846 1216 solis
2874 1171 3079 1222 ortum,
3104 1160 3220 1228 ejus
3245 1157 3318 1210 rei
3352 1173 3481 1208 cau-

1926 1273 2039 1310 sam
2077 1258 2128 1309 in
2178 1257 2324 1310 hunc
2376 1255 2597 1309 modum
2638 1254 2882 1308 nonnulli
2912 1252 3276 1319 explicarunt.
3318 1249 3479 1300 Aiunt

1924 1350 2070 1402 enim
2122 1347 2320 1400 animal
2377 1348 2481 1401 hoc
2508 1365 2536 1401 a
2570 1356 2758 1400 natura
2787 1344 3174 1399 calidissimum
3211 1350 3266 1394 et
3291 1342 3342 1392 in
3379 1340 3486 1405 pri-

1927 1438 2030 1492 mis
2067 1439 2119 1490 in
2149 1437 2454 1505 appetendo
2496 1438 2832 1490 nutrimento
2863 1434 3079 1488 avidum
3133 1432 3202 1483 ob
3245 1431 3482 1482 calorem

1924 1531 2146 1599 quidem
2179 1530 2400 1585 insitum
2433 1532 2596 1584 citius
2651 1538 2936 1598 acoeptum
2987 1527 3303 1579 alimentum
3349 1538 3482 1576 con-

1925 1642 2180 1695 coquere,
2201 1627 2271 1680 ob
2298 1626 2611 1679 aviditatem
2633 1637 2762 1676 vero
2785 1630 2989 1674 natura:
3009 1619 3303 1687 appetitum
3325 1631 3482 1668 suum

1925 1720 2256 1789 significare,
2291 1718 2446 1787 quasi
2497 1725 2806 1785 pascentem
2860 1730 2917 1768 se
2956 1714 3148 1767 invitet
3176 1722 3226 1767 et
3260 1714 3481 1765 excitet.

1925 1813 2029 1866 Alii
2063 1815 2251 1865 volunt
2280 1825 2393 1865 rem
2431 1810 2732 1878 quamlibet
2756 1807 2918 1861 alicui
2953 1815 3103 1860 certo
3137 1806 3298 1859 sideri
3339 1805 3486 1856 dira-

1927 1915 2032 1957 tam
2058 1917 2200 1966 esse,
2238 1901 2397 1955 sicuti
2424 1902 2567 1955 loms
2593 1898 2759 1953 herba
2807 1897 3000 1952 solaris
3033 1907 3135 1950 est.
3179 1897 3295 1960 Quo
3336 1895 3393 1947 ﬁt
3430 1905 3486 1945 ut

1924 1993 2054 2046 huic
2086 1992 2342 2046 luminari
2384 1990 2652 2044 exorienti
2686 1988 2810 2040 folia
2845 2002 2941 2040 sua
2974 1986 3197 2055 pandat,
3243 2001 3364 2036 cum
3399 2000 3487 2036 ca-

1922 2085 2044 2139 dem
2073 2085 2264 2138 eodem
2309 2082 2589 2136 occidente
2617 2080 2922 2134 contrahat.
2956 2078 3044 2132 Sic
3074 2088 3129 2130 et
3171 2077 3342 2144 gallus
3377 2080 3488 2144 gal-

1922 2178 2164 2230 linaceus
2218 2174 2286 2228 de
2339 2176 2530 2226 borum
2584 2172 2839 2242 Opinione
2872 2171 2972 2223 sub
3013 2169 3179 2221 solem
3231 2168 3479 2220 refertur.

1919 2257 2290 2332 Quamobrem
2327 2261 2392 2316 ad
2441 2271 2623 2315 ortum
2655 2259 2919 2314 redeunte
2952 2259 3091 2311 duce
3131 2272 3227 2309 suo
3279 2256 3485 2308 ratione

1921 2355 2157 2428 quadam
2215 2354 2428 2408 occulta
2475 2363 2530 2407 et
2574 2352 2807 2405 naturali
2839 2349 3076 2419 ;gaudeI.
3131 2348 3300 2402 Simul
3332 2347 3482 2416 quasi

1922 2460 2142 2499 carmen
2165 2444 2215 2498 ei
2246 2443 2519 2512 quoddam
2557 2441 2847 2496 concinere
2882 2441 3044 2502 velit,
3072 2440 3275 2494 clarius
3299 2453 3485 2490 vocem

1923 2536 2198 2591 attollitet
2229 2535 2398 2589 altum
2427 2535 2648 2588 clamat.
2682 2534 2856 2599 Atque
2884 2532 3099 2584 illorum
3130 2529 3348 2599 quidem
3372 2529 3488 2581 ιιεο

1919 2635 2006 2681 est
2045 2626 2337 2680 sententia.
2375 2626 2455 2679 Τιι
2489 2640 2638 2687 vero,
2681 2626 2754 2677 mi
2798 2623 2869 2676 fili
2899 2663 2914 2688 ,
2951 2636 3112 2677 voces
3175 2619 3486 2692 huiusmodi

1923 2719 2134 2774 referre
2166 2720 2311 2772 inter
2351 2717 2562 2772 fabulas
2599 2732 2666 2770 ne
2695 2716 2955 2770 verearis.
2992 2716 3122 2769 Nam
3155 2716 3352 2785 gallum
3380 2716 3490 2783 gal-

1922 2813 2199 2865 linaceum
2239 2818 2403 2863 noctu
2459 2818 2660 2861 canere
2714 2807 2858 2860 Deus
2909 2805 3109 2874 jussit,
3164 2805 3256 2874 qui
3305 2803 3487 2857 omnia

1918 2902 2261 2971 providentia
2288 2916 2385 2956 sua
2409 2898 2812 2968 complectitur,
2846 2911 2903 2951 ut
2921 2898 3022 2950 hoc
3051 2897 3210 2950 modo
3231 2897 3309 2949 vel
3335 2898 3412 2949 im
3431 2897 3484 2948 ili

1918 2996 1984 3048 de
2015 2995 2216 3049 lectulo
2247 3008 2535 3062 surgamus
2579 3007 2678 3044 nec
2725 2991 2844 3044 sine
2873 2990 3051 3044 fructu
3101 2998 3312 3041 noctem
3348 2989 3486 3041 into"

1916 3099 2064 3152 gram
2115 3097 2521 3145 consumamus,
2567 3080 2658 3156 sed
2688 3079 2880 3148 partim
2907 3079 2970 3132 ad
3007 3093 3201 3148 operas
3234 3095 3332 3131 nos
3363 3095 3487 3131 cou-

240 3172 553 3240 διξολογίαν
592 3176 915 3229 ἀνίστασθαι
942 3193 956 3208 °
993 3178 1220 3232 τοιαῦτα
1266 3180 1376 3250 γὰρ
1409 3183 1507 3234 τοῦ
1542 3184 1677 3238 Θεοῦ
1720 3189 1809 3239 καὶ

1880 3206 1884 3259 ι
1921 3186 2214 3240 vertamus,
2242 3173 2436 3243 partim
2463 3173 2530 3227 ad
2565 3173 2656 3226 Dei
2707 3172 3128 3225 celebrationem
3160 3173 3484 3225 excitemur.

241 3266 332 3318 διὰ
363 3265 537 3332 λόγων
582 3269 673 3320 καὶ
699 3266 788 3320 διὰ
816 3268 969 3331 ζώων
998 3270 1099 3322 οὐκ
1123 3271 1478 3341 ἀναινομένου
1511 3275 1812 3332 παιδεύειν.

242 3361 353 3412 Καὶ
373 3361 643 3429 πρόσσχες
672 3362 749 3428 τῷ
771 3363 1073 3431 Σολομῶντι
1116 3365 1351 3433 λέγοντιο
1388 3369 1526 3422 «Ἴθι
1566 3372 1702 3440 πρὸς
1727 3374 1819 3428 τὸν

245 3452 534 3522 μύρμηκα,
567 3448 613 3507 ὧ
643 3453 861 3523 ὀκνηρέ.
901 3473 920 3506 ι

313 3543 555 3596 Γίνωσκε
605 3545 664 3597 δὲ
725 3547 817 3598 καὶ
876 3547 1053 3610 τοῦτο,
1083 3548 1164 3602 ὄτι
1215 3549 1316 3620 τὴν
1368 3553 1533 3621 μυῖαν
1585 3555 1817 3625 ’Δττικῷ

244 3632 424 3698 μέλιτι
454 3635 528 3702 μὴ
574 3635 933 3705 ἐπικαθῆσθαι
980 3653 1140 3706 φασι.
1182 3639 1387 3709 Θύμοις
1424 3645 1518 3696 καὶ
1565 3645 1673 3713 γὰρ
1717 3645 1818 3716 τὴν

253 3723 513 3793 ’Λττικὴν
553 3727 811 3794 κομῶσαν
838 3728 954 3782 ἔστι
986 3729 1310 3796 θεάσασθαι,
1351 3729 1432 3795 οἷς
1469 3736 1817 3802 ὲφιζάνουσιν

257 3815 507 3868 Ἀττικαὶ
535 3821 856 3888 συχνότερον
909 3822 1179 3889 μέλισσαι.
1225 3824 1511 3876 Ἐντεῦθεν
1558 3828 1651 3878 καὶ
1696 3827 1814 3896 δρι-

245 3905 494 3972 μυτέραν
525 3905 638 3974 ἔχει
684 3909 782 3978 τὴν
812 3909 1102 3978 ὄσφρησιν.
1139 3911 1229 3964 Διὸ
1263 3912 1520 3984 καθάπερ.
1547 3915 1677 3985 ἱερῷ
1705 3934 1814 3969 τινι

250 3995 488 4064 Ἀττικῷ
527 3999 659 4066 μυῖα
688 3998 785 4050 οὐκ
811 3996 1140 4070 ὲπικάθητάι
1179 4003 1376 4071 μέλιτι.

308 4270 556 4322 Γίνωσκε
592 4272 648 4323 δὲ
681 4269 818 4341 πρὸς
859 4271 1075 4334 τούτοις
1116 4273 1197 4327 ὅτι
1242 4278 1397 4341 μυῖαι
1427 4277 1522 4330 καὶ
1561 4278 1815 4347 μέλισσαι

237 4361 338 4413 καὶ
404 4360 698 4429 μύρμηκες
755 4361 860 4415 ὑπὸ
917 4364 1097 4417 ἐλαίου
1147 4367 1501 4431 ἀπόλλυνται,
1553 4370 1690 4423 διότι
1747 4373 1815 4425 τὰ

234 4454 649 4504 ἁναπνευστικᾶι
698 4456 858 4506 στενά
913 4455 1047 4524 ἔχει,
1104 4457 1162 4508 τὸ
1217 4458 1273 4510 δὲ
1322 4460 1504 4513 ἔλαιον
1550 4463 1811 4533 γλίσχρον

235 4544 545 4612 ἐμφράττει
573 4544 735 4599 αὑτά.
773 4545 1050 4612 Πάσχουσι
1103 4547 1159 4600 δὲ
1204 4549 1366 4602 τοῦτο
1398 4554 1492 4605 καὶ
1549 4555 1598 4604 ol
1653 4554 1806 4622 ὄφεις

235 4637 346 4688 ὑπὸ
395 4639 503 4689 τῶν
561 4637 881 4707 βαρυόδμιυν
911 4656 924 4669 ο
959 4640 1020 4692 τὸ
1065 4641 1171 4709 γὰρ
1227 4644 1358 4709 παρ’
1393 4647 1575 4705 αὐτοῖς
1619 4647 1804 4699 στενό-

234 4743 405 4796 πορον
463 4727 570 4778 τῶν
622 4729 1069 4782 ἀναπνευστικῶν
1117 4732 1490 4799 ὲμφράττεται
1547 4735 1650 4788 ὑπὸ
1704 4737 1804 4805 τῆς

229 4816 344 4869 τῶν
399 4815 764 4884 θυμιωμένων
816 4816 1146 4888 παχύτητος.
1196 4821 1320 4873 Ἐπὶ
1361 4823 1468 4892 γὰρ
1509 4825 1684 4894 τούτῳ
1715 4829 1808 4878 καὶ

229 4908 293 4958 τὸ
357 4907 462 4973 τῆς
535 4907 731 4975 ἐλάφου
810 4910 981 4978 κέρας
1061 4910 1410 4981 θυμιώμενον
1466 4915 1660 4984 φεύγει
1717 4919 1810 4969 καλ⁹

232 4999 444 5069 μᾶλλον
471 5001 500 5052 6
526 4999 648 5068 ὄφις
673 5018 685 5031 ’
721 5001 1073 5072 λειποθυμεῖν
1120 5004 1229 5075 γὰρ
1277 5007 1440 5059 αὑτὸν
1489 5007 1811 5077 ἀναγκάζει.

317 5175 450 5227 Ἐπὶ
499 5177 633 5228 πᾶσι
676 5178 731 5230 δὲ
766 5180 977 5242 τούτοις
1011 5185 1122 5243 τοῖς
1153 5184 1363 5252 ὀρνέοις
1398 5187 1692 5258 ούρηδόχον
1722 5190 1818 5242 κύ-

229 5280 352 5316 στιν
401 5266 497 5317 καὶ
534 5270 768 5337 νεφροὺς
816 5273 847 5339 ἡ
885 5271 1051 5339 φύσις
1100 5277 1200 5326 οἰκ
1245 5276 1465 5342 ἔδωκεν,
1499 5281 1580 5333 ὅτι
1609 5281 1816 5349 πολλῆς

225 5357 537 5424 ὑγρότητος
586 5357 693 5410 ἔδει
757 5361 892 5429 πρὸς
941 5363 1151 5431 γένεσιν
1198 5369 1306 5420 τῶν
1360 5369 1601 5438 πτερῶν.
1649 5371 1811 5426 Ἀλλὰ

226 5451 328 5501 καὶ
385 5450 446 5502 τὸ
493 5451 872 5520 γυμνάζεσθαι
907 5457 1049 5508 κατὰ
1092 5459 1191 5527 τὴν
1219 5461 1421 5528 πτῆσιν
1460 5459 1808 5523 ἐξαναλίσκει

223 5540 461 5608 ταύτην.
496 5542 722 5611 Ἔχουσι
770 5545 826 5598 δὲ
879 5548 973 5599 καὶ
1013 5550 1111 5617 τὴν
1149 5550 1352 5619 κόπρον
1405 5551 1654 5615 ἐξιοῦσαν
1709 5553 1806 5604 σὺν

223 5631 494 5700 ὑγρότητι
559 5634 620 5684 ού
690 5637 947 5708 μετρίως.
1012 5641 1357 5709 Καὶ-τούτου
1428 5645 1590 5713 χάριν
1638 5645 1803 5714 οὐρη-

304 5808 348 5839 ³³
384 5804 547 5862 Prov.
585 5824 659 5874 vn,
695 5810 747 5863 6.

1928 3271 2017 3321 Sic
2046 3269 2192 3323 enim
2227 3267 2510 3322 consuevit
2550 3266 2690 3320 Deus
2726 3273 2834 3317 tam
2864 3279 2960 3332 per
2991 3265 3292 3316 doctrinam
3323 3281 3483 3331 quam

1926 3360 2040 3428 ipsa
2072 3360 2236 3413 etiam
2267 3359 2522 3412 animalia
2559 3371 2660 3411 nos
2689 3356 2933 3410 erudire.
2972 3355 3111 3420 Quid
3154 3354 3372 3408 Solonio
3409 3357 3489 3408 ili-

1923 3460 2028 3512 cat,
2057 3449 2225 3504 audi:
2262 3469 2281 3502 ι
2318 3451 2396 3502 Ad
2444 3447 2748 3511 formicam,
2786 3447 2999 3518 ignave,
3038 3458 3086 3500 te
3115 3448 3302 3501 confer
3334 3450 3395 3500 3°.
3431 3468 3446 3497 ›

1993 3539 2108 3594 lloc
2154 3541 2317 3595 etiam
2353 3539 2729 3594 animadverte
2761 3579 2775 3604 ,
2836 3541 2979 3608 quod
3027 3554 3270 3594 muscam
3307 3541 3488 3594 Attico

1926 3632 2075 3686 melli
2129 3642 2327 3700 negant
2364 3630 2625 3684 insidere.
2656 3630 2790 3683 Nam
2831 3631 3017 3700 thymo
3041 3631 3272 3684 Atticam
3318 3633 3487 3686 abun-

1924 3723 2058 3778 dare
2089 3725 2359 3788 videmus,
2393 3723 2480 3776 cui
2508 3722 2690 3775 herbaa
2723 3730 2782 3775 ut
2816 3723 3112 3789 plurimum
3152 3739 3280 3792 apes
3302 3725 3488 3778 Attica:

1925 3813 2188 3868 insident.
2223 3814 2342 3878 Quo
2382 3814 2439 3866 fit
2497 3821 2556 3866 ut
2608 3814 2711 3866 mel
2769 3812 3008 3867 Atticum
3063 3815 3224 3867 etiam
3265 3814 3488 3868 odorem

1923 3906 2126 3960 habeat
2165 3907 2458 3960 acriorem.
2503 3905 2713 3959 Idcirco
2761 3906 2906 3958 melli
2965 3906 3179 3970 Attico,
3231 3915 3485 3975 tanquam

1921 4014 2098 4065 sacro,
2149 4013 2350 4053 musca:
2382 4013 2488 4050 non
2527 3997 2771 4052 insident
2811 4013 2828 4049 :
2860 3997 2950 4050 sed
2995 4006 3052 4049 ut
3102 3999 3334 4052 maxime
3364 4015 3487 4050 cum

1921 4090 2156 4157 Strepitu
2208 4088 2641 4150 circumvolent,
2674 4087 2741 4139 ab
2780 4087 3089 4156 direptione
3130 4095 3304 4140 tamen
3338 4088 3490 4142 labo-

1921 4192 2040 4230 rum
2073 4177 2189 4245 apis
2217 4177 2409 4230 Atticae
2441 4186 2718 4230 arcentur.

1992 4270 2191 4323 Praeter
2227 4270 2339 4323 ha-c
2375 4271 2513 4323 scire.
2553 4269 2761 4334 debes,
2811 4284 3025 4323 muscas
3049 4279 3104 4324 et
3130 4285 3257 4336 apes
3293 4281 3347 4323 et
3381 4272 3491 4322 fur~

1921 4363 2090 4415 micas
2115 4361 2235 4415 oleo
2264 4362 2557 4432 exstingui.
2581 4362 2712 4415 Nam
2743 4376 2866 4413 vasa
2887 4360 3090 4428 quibus
3114 4361 3397 4428 respiratio
3433 4364 3488 4414 lit

1921 4462 2048 4508 Sunt
2076 4453 2157 4506 eis
2183 4464 2439 4522 angusta,
2458 4468 2580 4522 quae
2601 4452 2669 4506 ab
2697 4452 2817 4506 oleo
2841 4459 3034 4504 nalura
3066 4451 3213 4504 lento
3248 4451 3488 4504 visi-oso—

1845 4533 1886 4588 D
1918 4560 2023 4612 que
2053 4544 2210 4598 facile
2241 4545 2624 4597 obstruuntur.
2677 4542 2826 4596 Idem
2888 4541 3238 4612 serpentibus
3290 4542 3488 4595 accidit

1909 4633 2278 4689 offerentibus
2309 4649 2370 4688 se
2400 4632 2565 4687 rebus
2599 4648 2829 4702 quarum
2868 4633 3047 4700 gravis
3078 4631 3330 4684 estodor.
3361 4631 3485 4683 Ete—

1910 4727 2020 4778 nim
2061 4727 2312 4794 angustia
2343 4736 2621 4778 meatuum
2650 4725 2704 4777 in
2748 4725 2828 4778 eis
2860 4723 3205 4792 respirationi
3237 4722 3478 4775 chIina-

1911 4827 2088 4871 torum
2148 4832 2246 4886 per
2301 4816 2580 4870 sufiituum
2626 4816 2931 4870 crassitiem
2979 4813 3304 4868 obstruitur.
3370 4813 3486 4877 Qua

1911 4910 2026 4976 ipsa
2053 4910 2120 4962 de
2163 4923 2327 4962 causa
2360 4908 2418 4961 fit
2449 4917 2506 4962 ut
2539 4923 2714 4962 cornu
2750 4907 3030 4962 cervinum
3050 4921 3277 4976 serpens
3305 4909 3486 4976 magis

1916 5002 2083 5054 etiam
2114 4996 2292 5070 fugiat
2338 5015 2500 5069 quam
2528 5015 2616 5054 res
2643 4999 2764 5054 illas
2792 4999 3047 5053 odoratas
3074 5015 3088 5052 :
3130 4999 3334 5069 quippe
3367 5014 3486 5054 ser-

1916 5103 2134 5162 pentem
2170 5092 2225 5147 id
2257 5109 2483 5163 prorsus
2513 5092 2811 5148 exanimat.
3501 5087 3504 5090 ’

1985 5184 2158 5254 Supra
2186 5183 2297 5255 48
2319 5184 2498 5237 omnia
2529 5183 2690 5237 nobis
2721 5182 2773 5235 in
2808 5183 2911 5235 hoc
2945 5181 3128 5242 etiam,
3163 5181 3261 5238 ﬁli,
3293 5192 3375 5233 est
3405 5184 3487 5233 iu-

1915 5278 2266 5343 quirendum.
2317 5276 2559 5330 Vesicam
2614 5275 2759 5328 illam
2814 5290 2918 5342 qua
2977 5274 3132 5324 urina
3191 5275 3482 5341 excipitur,

1917 5368 2155 5436 itemque
2207 5383 2367 5422 renes
2410 5367 2601 5422 avibus
2654 5366 2861 5421 idcirco
2910 5375 3099 5418 natura
3151 5381 3257 5417 non
3309 5365 3484 5424 dedit.

1916 5460 2062 5530 quod
2100 5459 2166 5512 ad
2204 5458 2585 5529 producendas
2619 5473 2826 5529 pennas
2880 5457 3050 5510 multo
3086 5457 3313 5510 humore
3348 5473 3487 5525 Opus

1913 5561 2052 5607 erat.
2102 5552 2278 5622 Atque
2323 5552 2487 5604 etiam
2527 5551 2644 5620 ipsa
2692 5550 2907 5602 volandi
2964 5548 3282 5602 exercitatio
3330 5548 3485 5603 facile

1912 5645 2199 5700 humorem
2255 5646 2309 5699 iu
2358 5643 2439 5698 eis
2491 5642 2748 5697 absumit.
2787 5642 3052 5695 l’ra‘lerea
3105 5656 3226 5694 eum
3277 5652 3483 5695 stercus
