4214 6442
725 382 838 464 ’115

1969 410 2020 466 Μ
2039 407 2389 466 ICUAELIS
2429 407 2685 466 ϐιγιῖάζ

3876 412 3978 471 illi

718 519 789 570 ob
828 518 1095 572 siccitatis
1133 520 1240 570 vim
1298 520 1522 573 nimiam
1557 519 2022 587 exstingueretur.
2074 518 2184 573 Hac
2227 519 2296 572 de

2409 520 2500 587 τῆς
2554 520 2854 589 ξηρότητος
2905 519 3403 589 ἀπονεκρούμενος.
3465 523 3661 588 Φευγει
3709 526 3892 574 τοίνυν
3946 524 3978 573 ό

721 625 884 660 causa
919 625 1146 676 serpens
1175 611 1252 664 sic
1305 618 1484 663 rotant
1537 609 1674 678 fugit
1729 623 1792 662 ac
1842 609 2012 674 vitat,
2064 609 2209 664 sicut
2235 618 2292 664 et

719 699 976 756 hiemem.
1018 711 1240 767 prepter
1276 701 1502 753 nimium
1539 699 1746 754 scilicet
1772 699 1965 768 frigus.
2083 695 2091 701 ’

790 790 881 842 Sic
909 793 1079 859 igitur
1103 792 1358 844 animalia
1388 801 1583 845 cuncta
1615 791 1746 859 quid
1777 791 2016 844 salutare
2043 790 2113 844 sit
2135 790 2288 858 ipsis,

715 881 846 947 quid
913 882 1132 935 exitiale
1163 922 1178 946 ,
1234 883 1512 951 cognitum
1551 882 1776 935 habent.
1821 881 1938 935 Jam
1993 896 2113 949 quae
2164 889 2293 934 sunt

717 974 862 1043 apud
895 991 957 1027 ea
992 991 1176 1028 rerum
1213 975 1524 1028 futurarum
1581 973 1864 1044 prmsagia,
1916 974 2066 1027 verbi
2098 973 2290 1042 gratia,

718 1067 786 1118 de
843 1067 986 1119 aeris
1024 1067 1326 1120 mutatione
1394 1069 1599 1134 (quam
1653 1065 1887 1119 obsecro
1945 1065 2290 1133 prudentiam

717 1159 1038 1209 rationalem
1090 1173 1308 1225 quoque
1374 1173 1480 1210 non
1537 1158 1880 1211 obscurant?
1926 1160 2043 1211 ovis
2087 1157 2296 1211 adven.

719 1257 867 1305 tante
929 1247 1108 1300 hieme
1172 1263 1331 1314 parce
1412 1247 1745 1300 nutrimento
1821 1247 2080 1310 vescitur,
2138 1247 2292 1315 quasi

716 1340 1008 1406 quamdam
1066 1341 1170 1393 sibi
1222 1352 1561 1394 commeatus
1607 1340 1819 1407 copiam
1874 1356 1972 1406 pro
2036 1349 2292 1393 secutura

720 1428 900 1497 inopia
934 1431 1302 1498 comparans).
1345 1430 1492 1494 Quin
1541 1430 1705 1483 etiam
1751 1430 2000 1484 homines
2039 1430 2290 1484 industrii

720 1532 1044 1576 terrestrem
1101 1522 1359 1575 ochinum
1404 1522 1518 1575 sive
1555 1523 1870 1575 erinaceum
1910 1522 2297 1588 respirationes

719 1613 823 1666 s‘bi
860 1614 1104 1681 geminas
1133 1614 1440 1681 excogitare
1465 1614 1578 1666 suis
1605 1614 1657 1666 in
1693 1613 1879 1667 lustris
1901 1614 2292 1668 observarunt.

719 1704 874 1769 Quod
921 1705 962 1755 si
993 1704 1301 1773 spiraturus
1327 1714 1412 1757 est
1455 1704 1660 1772 aquilo,
1691 1713 1900 1773 partem
1931 1705 2294 1774 aquilonalem

717 1793 993 1847 obstruit:
1022 1793 1166 1861 quod
1198 1794 1242 1846 si
1271 1804 1433 1846 vento
1455 1802 1668 1847 mutato
1696 1793 1788 1849 llat
1811 1802 2018 1859 auster,
2054 1794 2124 1849 ad
2155 1794 2299 1849 lora-

722 1909 844 1946 men
879 1894 1175 1947 obversum
1209 1891 1451 1962 aquiloni
1484 1909 1543 1947 se
1577 1893 1810 1948 confert.

793 1986 968 2039 Etiam
1002 1985 1277 2038 sentiendi
1310 2000 1642 2053 organorum
1677 1987 1732 2039 in
1757 1986 2087 2041 animalibus
2121 1989 2303 2043 excel-

722 2077 948 2130 lentiam
983 2074 1277 2145 quamdam
1298 2091 1530 2130 cernere
1562 2077 1725 2132 licet:
1762 2077 1971 2147 absque
2007 2094 2118 2148 quo
2139 2079 2298 2144 foret,

721 2182 894 2236 agnus
931 2168 1075 2220 inter
1128 2182 1261 2220 oves
1309 2168 1630 2223 innumeras
1659 2169 1836 2223 caulis
1885 2169 2124 2223 inclusas
2162 2172 2303 2225 exsi-

721 2260 897 2324 liens,
933 2261 1175 2315 Colorem
1208 2277 1510 2332 vocemque
1546 2263 1737 2316 matris
1782 2263 1926 2316 haud
1956 2272 2299 2334 agnosceret,

723 2366 827 2405 nec
861 2351 928 2404 ad
961 2368 1082 2406 eam
1118 2369 1175 2407 se
1207 2354 1452 2408 studiose
1495 2353 1800 2419 conferret,
1835 2356 2138 2424 praesertim
2177 2371 2301 2409 cum

725 2445 894 2498 ubera
929 2447 1095 2498 multa
1134 2447 1295 2500 valde
1326 2447 1562 2501 distenta
1593 2456 1928 2516 gravataque
1990 2457 2299 2516 praetereat.

723 2534 994 2588 Nimirum
1045 2544 1128 2590 est
1165 2537 1217 2589 in
1253 2537 1335 2592 eis
1366 2552 1561 2592 sensus
1606 2537 1806 2601 acrior,
1845 2552 2006 2606 quam
2044 2553 2144 2591 nos
2190 2539 2304 2592 exi-

722 2627 1012 2681 stimemus
1039 2645 1052 2680 :
1081 2644 1190 2697 quo
1227 2628 1345 2697 ipso
1375 2628 1632 2696 quaelibet
1663 2629 1731 2682 ab
1763 2629 1958 2682 alienis
1991 2644 2088 2682 sua
2116 2628 2306 2697 digno-
2338 2621 2347 2630 ’

724 2729 906 2772 scunt.
927 2719 1172 2772 Necdum
1194 2721 1410 2774 catulus
1436 2720 1629 2774 dentes
1651 2721 1836 2784 habet,
1857 2737 1921 2774 ac
1946 2721 2306 2776 nihilominus

722 2823 782 2863 σε
806 2809 1092 2864 laedentem
1111 2827 1206 2865 ore
1227 2812 1465 2866 vicissim
1488 2812 1793 2866 ulciscitur.
1826 2812 2073 2866 Necdum
2097 2827 2306 2867 cornua

723 2900 933 2953 vitulus
982 2902 1165 2966 habet,
1203 2918 1266 2956 ac
1300 2903 1664 2956 nihilominus
1706 2919 1817 2972 quo
1847 2903 1970 2956 loco
2009 2906 2108 2972 ipsi
2155 2921 2306 2959 arma

726 2993 838 3046 sint
875 2994 1157 3061 proditura
1210 2996 1387 3048 novit.
1450 2995 1816 3058 Quamobrem
1867 2994 2128 3063 praeclare
2169 2994 2309 3049 dixit

726 3089 1127 3157 Hippocrates:
1165 3107 1181 3139 ι
1208 3087 1540 3142 Auimalium
1565 3097 1756 3141 natura
1782 3088 1915 3140 nihil
1953 3087 2113 3141 habet
2143 3104 2172 3141 a
2213 3087 2309 3142 do—

725 3184 925 3242 Urina,
963 3181 1106 3232 velut
1128 3180 1452 3234 ascititium.

794 3273 956 3325 Canis
1005 3281 1184 3324 autem
1221 3271 1272 3324 in
1310 3271 1706 3324 reminiscendo
1748 3271 1997 3340 quemvis
2028 3270 2303 3325 hominem

723 3378 846 3432 erga
879 3363 1012 3416 bene
1035 3363 1100 3416 de
1126 3378 1182 3415 se
1220 3364 1444 3417 meritos
1475 3363 1743 3433 ingratum
1777 3363 1980 3431 pudore
2036 3378 2142 3415 non
2193 3361 2306 3415 alli-

723 3455 832 3508 fit?
861 3456 1078 3522 quando
1107 3454 1206 3523 51
1251 3469 1416 3507 canes
1461 3469 1568 3507 non
1599 3469 1801 3522 paucos
1852 3470 1954 3506 una
2002 3468 2125 3506 cum
2164 3453 2310 3506 heris

723 3548 836 3601 suis
868 3549 918 3598 in
953 3548 1245 3600 solitudine
1278 3547 1433 3600 caesis
1466 3547 1810 3608 occubuisse,
1847 3548 2153 3599 litterarum
2193 3561 2310 3597 mo-

727 3643 1000 3694 numentis
1037 3640 1303 3707 proditur.
1357 3639 1497 3703 Quin
1546 3639 1708 3692 etiam
1769 3638 1930 3707 aliqui
1968 3638 2168 3691 recenti
2204 3640 2305 3692 ad-

723 3736 835 3785 huc
902 3734 1141 3784 facinore
1221 3731 1591 3800 qnzerentibus
1660 3731 1955 3785 homicidas
2019 3745 2078 3784 se
2142 3731 2308 3784 duces

721 3824 939 3876 itineris
979 3825 1345 3892 pur-buerunt,
1396 3833 1563 3891 utque
1610 3824 1900 3900 facinerosi
1951 3823 2198 3876 homines
2254 3830 2310 3875 et

724 3919 953 3985 improbi
1012 3918 1076 3969 ad
1126 3916 1390 3985 supplicia
1464 3917 1936 3985 pertraherenlur.
1991 3914 2308 3970 eﬂecerunt.

723 4011 931 4064 Accidit
984 4010 1128 4062 enim
1193 4009 1503 4078 aquuando,
1559 4017 1616 4061 ut
1677 4007 1828 4062 canis
1886 4007 1942 4061 in
2011 4007 2313 4060 diversorio

724 4103 955 4172 quodam
981 4117 1045 4155 eo
1076 4111 1392 4171 conspecto,
1434 4101 1525 4170 qui
1554 4101 1746 4154 herum
1786 4100 1958 4170 ipsius
2014 4099 2314 4154 intereme-

729 4205 826 4254 rat,
864 4196 1126 4248 adversus
1151 4195 1328 4263 ipsum
1362 4179 1628 4263 perpetuo
1665 4193 1889 4256 latrans,
1943 4192 2316 4261 suspicionem

2327 1841 2375 1900 B

2395 608 2520 675 ὄφις
2543 608 2603 659 τὸ
2641 609 2885 677 πήγανον
2911 609 3180 673 ἐντεῦθεν,
3213 609 3355 663 καθά
3403 610 3576 680 δήπου
3608 613 3701 662 καὶ
3737 612 3828 664 τὸν
3858 629 3977 681 χειο

2399 699 2552 768 μῶνα
2579 700 2666 753 διὰ
2689 700 2786 770 τὴν
2820 696 3126 771 ὑπερϐολὴν
3159 702 3258 770 τῆς
3289 703 3649 772 ψυχρότητος.

2466 789 2622 842 Οὕτω
2647 789 2748 859 μὶν
2778 787 2873 845 οὖν
2904 791 2972 844 τὰ
3003 792 3118 858 ζῶα
3167 793 3346 846 πάντα
3393 793 3639 860 φυσικῶς
3677 791 3786 844 οίδε
3816 793 3878 844 τό
3907 809 3972 843 τε

2398 882 2664 950 σωτήριον
2686 881 2747 934 τό
2773 899 2827 934 τε
2843 882 3107 951 ὀλέθριον.
3143 883 3208 936 Al
3231 883 3288 935 δὲ
3333 885 3464 952 παρ’
3497 885 3682 946 αὐτοῖς
3713 881 3972 953 προγνώ-

2398 994 2510 1039 σεις
2541 977 2640 1044 τῆς
2669 979 2794 1046 περὶ
2827 978 2918 1030 τὸν
2959 979 3095 1048 ἀέρα
3127 978 3434 1046 μεταϐολῆς
3468 977 3628 1031 ποίαν
3661 977 3782 1046 οὐχὶ
3811 977 3977 1027 σύνε-

2398 1086 2482 1121 σιν
2514 1069 2738 1139 λογικὴν
2782 1071 3261 1139 άποκρύπτουσινς
3322 1071 3457 1122 ὅπου
3515 1086 3578 1136 γε
3614 1069 3674 1121 τὺ
3705 1069 3805 1136 μὲν
3829 1070 3972 1137 πρό-

2398 1161 2560 1212 ϐατον
2584 1161 2850 1229 χειμῶνος
2879 1161 3157 1229 προϊόντος
3185 1160 3402 1226 λάϐρως
3437 1157 3846 1226 ἔπεμϐάλλεται
3895 1159 3968 1224 τῇ

2397 1255 2570 1321 τροφῇ
2617 1252 2804 1322 ὥσπερ
2852 1253 3286 1320 ἑπισιτιζόμενον
3331 1249 3467 1319 πρὸς
3521 1249 3621 1316 τὴν
3667 1249 3971 1316 μέλλουσαν

2399 1345 2624 1398 ἔνδειαν.
2662 1347 2801 1415 Ἤδη
2856 1345 2914 1399 δέ
2967 1363 3052 1406 τις
3098 1346 3206 1398 τῶν
3253 1344 3560 1411 φιλοπόνων
3603 1341 3712 1411 (Ιῖ)
3745 1343 3838 1393 καὶ
3871 1339 3971 1392 τὸν

2398 1440 2650 1505 χερσαῖον
2684 1440 2860 1508 ὲχτνον
2893 1439 3124 1507 ἐτήρησε
3147 1436 3344 1498 διπλᾶς
3372 1433 3648 1496 ἀναπνοὰς
3673 1436 3738 1502 τῇ
3771 1431 3972 1483 ἑαυτοῦ

2399 1529 2692 1581 καταδῦσει
2743 1530 3225 1598 μηχανησάμενον,
3279 1527 3372 1580 καὶ
3423 1525 3711 1594 μέλλοντος
3769 1523 3970 1592 βορέου

2399 1622 2552 1672 πνεῖν
2586 1620 3011 1690 ἀποφράσσοντα
3057 1619 3156 1690 τὴν
3195 1617 3476 1687 ἀρκτῴαν,
3517 1618 3670 1668 νότου
3701 1615 3758 1667 δὲ
3803 1613 3975 1666 πάλιν

2403 1713 2828 1785 μεταϐάλλοντος
2857 1714 2935 1776 είς
2955 1712 3053 1783 τὴν
3082 1711 3448 1782 προσάρκτιον
3478 1707 3898 1778 μεταϐαίνοντα.

2484 1986 2645 2039 Ἀλλά
2676 1987 2770 2039 καὶ
2812 1986 2912 2057 τὴν
2951 1986 3058 2041 τῶν
3092 1985 3468 2054 αἰσθητηρίων
3504 1983 3828 2053 περιουσίαν
3872 1999 3980 2051 με-

2401 2077 2574 2148 γάλην
2601 2079 2750 2145 παρά
2778 2081 2886 2141 τοῖς
2921 2077 3080 2142 ζώοις
3113 2077 3212 2129 ἴδοι
3238 2094 3320 2138 τις
3345 2077 3434 2130 ἄν.
3469 2077 3529 2128 Εί
3569 2077 3644 2146 μὴ
3676 2075 3786 2145 γάρ
3815 2074 3983 2128 τοῦτο

2399 2165 2488 2238 ἦν,
2526 2170 2626 2222 οὐκ
2657 2170 2723 2222 ἀν
2745 2171 2960 2239 ἀρνειὸς
2987 2171 3045 2222 ὲν
3083 2170 3300 2239 μυρίοις
3328 2169 3622 2238 προϐάτοις
3651 2167 3759 2220 τῶν
3789 2168 3980 2236 σηκῶν

2401 2260 2760 2331 ἐξαλλόμενος
2830 2265 2933 2332 τήν
2986 2279 3047 2314 τε
3117 2261 3308 2332 χροιάν
3355 2262 3447 2314 καὶ
3504 2261 3690 2330 φωνὴν
3740 2261 3842 2329 τὴν
3875 2259 3983 2327 τῆς

2406 2357 2612 2425 μητρὸς
2667 2355 2882 2422 ἐπέγνω
2937 2353 3034 2407 καὶ
3093 2355 3230 2422 πρὸς
3281 2353 3496 2422 ἐκείνην
3552 2351 3832 2422 ἠπείγετο,
3882 2353 3986 2406 καὶ

2402 2447 2578 2500 ταῦτα
2651 2446 2823 2498 πολλὰ
2891 2443 3270 2514 παραδραμὼν
3337 2443 3544 2496 οὔθατα
3605 2442 3980 2512 βαρυνόμενα.

2408 2541 2564 2592 Ἐστι
2591 2541 2687 2591 καὶ
2733 2539 2841 2608 γὰρ
2891 2539 3024 2608 παρ’
3057 2539 3244 2598 αὐτοῖς
3285 2535 3540 2606 αἴσθησις
3568 2537 3667 2604 τῆς
3701 2533 3984 2602 ἡμετέρας

2404 2631 2768 2700 καταλήψεως
2805 2629 3065 2698 ὀξυτέρα,
3094 2627 3218 2682 καθ’
3267 2627 3336 2698 ἢν
3370 2627 3584 2695 ἑκάστῳ
3617 2626 3850 2693 πάρεστι
3885 2623 3983 2697 τοῦ

2404 2724 2606 2776 οἰκείου
2659 2723 2974 2790 διάγνωσις.
3009 2720 3175 2774 Οὔπω
3231 2722 3280 2772 οί
3340 2720 3552 2780 ὀδόντες
3604 2718 3681 2787 τῷ
3717 2717 3983 2781 σκύλακι,

2405 2816 2500 2868 καὶ
2557 2815 2706 2883 ὅμως
2754 2814 2842 2867 διά
2895 2813 2990 2865 τοῦ
3041 2814 3312 2882 στόματος
3359 2811 3627 2880 ἀμύνεται
3669 2811 3761 2862 τὸν
3808 2809 3984 2877 λυπή-

2409 2925 2597 2962 σλντα.
2625 2906 2792 2962 Οὔπω
2823 2908 2892 2960 τὰ
2922 2907 3128 2976 κέρατα
3163 2907 3239 2975 τῷ
3268 2907 3471 2975 μόσχῳ,
3513 2906 3607 2957 καὶ
3634 2900 3744 2956 οἵδε
3783 2902 3887 2955 ποῦ
3913 2903 3984 2954 τὰ

2408 3000 2550 3052 ὅπλα
2589 2999 2736 3067 αὑτῷ
2767 2999 3133 3066 ὶκφυήσεται.
3179 2995 3370 3058 Καλῶς
3417 2995 3510 3048 οὖν
3545 2997 3573 3048 ὀ
3610 2995 3984 3062 Ἱπποκράτης

2410 3095 2565 3162 ἔλεγε
2591 3110 2604 3122 ·
2640 3113 2658 3146 ι
2697 3093 2895 3155 Φύσεις
2928 3090 3084 3154 ζώων
3115 3090 3412 3145 ἀδίδακτοι.
3462 3107 3480 3140 ι

2478 3274 2552 3326 Τὸ
2602 3274 2659 3327 δὲ
2704 3270 2799 3325 τοῦ
2847 3271 3006 3334 κυνὸς
3057 3268 3488 3339 μνημονευτικδν
3530 3268 3652 3321 τίνα
3695 3267 3804 3319 τῶν
3850 3267 3990 3337 πρὸς

2404 3368 2532 3430 τοὺς
2563 3365 2861 3434 εὐεργέτας
2891 3361 3206 3433 ἀχαρίστων
3235 3362 3294 3412 οὐ
3327 3359 3719 3428 καταισχύνεις
3751 3360 3888 3411 ὃπου
3921 3375 3988 3426 γε

2408 3460 2503 3514 καὶ
2543 3456 2848 3526 φονευθεῖσι
2890 3454 3181 3516 δεσπόταις
3221 3451 3344 3505 κατ’
3371 3452 3606 3521 ἐρημίαν
3647 3450 3836 3502 πολλοὶ
3879 3450 3992 3502 τῶν

2410 3551 2590 3604 κυνῶν
2623 3545 3061 3606 ὲπαποθανόντες
3100 3540 3555 3611 μνημονεύονται.
3585 3538 3725 3607 Ἤδη
3757 3537 3814 3590 δέ
3845 3554 3993 3599 τινες

2413 3644 2506 3695 ἰπὶ
2537 3639 2726 3711 θερμῷ
2755 3638 2834 3708 τῷ
2864 3637 3027 3692 πάθει
3060 3638 3153 3687 καὶ
3182 3633 3367 3702 ὀδηγοὶ
3396 3633 3510 3693 τοῖς
3541 3631 3835 3699 ἑκζητοῦσι
3863 3630 3993 3694 τοὺς

2415 3735 2612 3804 φονίας
2657 3734 2927 3801 ἐγένοντο,
2973 3731 3066 3783 καὶ
3108 3728 3212 3781 ὑπὸ
3253 3728 3412 3793 δίκην
3449 3725 3679 3794 ἀχθῆναι
3721 3724 3848 3782 τοὺς
3888 3739 3993 3775 κα-

2407 3829 2676 3896 κούργους
2706 3824 2992 3893 ἐποίησαν.
3025 3821 3186 3874 Κύων
3217 3820 3328 3888 γάρ
3358 3835 3443 3880 τις
3472 3820 3529 3869 ὲν
3562 3816 3866 3884 πανδοχείῳ
3900 3816 3994 3866 τὸν

2409 3922 2574 3989 φονέα
2625 3917 2750 3971 ίδὼν
2793 3917 2887 3970 τοῦ
2931 3925 3123 3987 κυρίου
3169 3912 3370 3978 αυτοῦ,
3421 3909 3718 3964 κάντεῦθεν
3763 3908 3999 3976 ἀκρατεῖ

2410 4012 2532 4064 κατ’
2558 4010 2728 4063 αὑτοῦ
2765 4009 3113 4079 χρησάμενος
3145 4005 3340 4072 ὑλακῇ,
3374 4001 3475 4054 οὐκ
3507 3999 3722 4067 ἀγαθὴν
3755 3997 3998 4064 ὑποψίαν

2412 4102 2581 4155 ἔδωκε
2617 4105 2730 4165 τοῖς
2770 4103 2899 4171 περὶ
2936 4099 3123 4164 αὑτοῦ,
3167 4097 3251 4166 ἐφ’
3277 4091 3320 4163 ᾧ
3359 4095 3452 4146 καὶ
3493 4094 3572 4155 είς
3618 4091 3799 4161 κρίσιν
3837 4089 4000 4144 αὐτὸν

2416 4192 2651 4261 ἀχθέντα
2681 4193 2756 4253 ὡς
2788 4189 3100 4259 κακοῦργον
3131 4186 3422 4238 ἐκόλασαν.
3908 4184 3918 4187 ”

726 4291 794 4342 de
831 4290 1048 4343 homine
1085 4289 1376 4342 'sinistram
1438 4295 1704 4342 moveret.
1765 4285 2133 4352 Quamobrem
2162 4285 2208 4338 is
2241 4284 2311 4339 ad
2354 4285 2898 4355 tribunal.deductus,
2924 4283 3108 4335 habita
3138 4275 3437 4344 qumstioue
3465 4289 3562 4329 ceu
3590 4286 3714 4325 reus
3746 4270 3960 4323 lat-inm

729 4384 804 4437 ris
830 4394 1001 4435 morte
1034 4383 1294 4437 multatus
1331 4390 1434 4435 est.

799 4481 995 4548 Aspice
1027 4495 1157 4534 vero
1194 4479 1322 4532 mihi
1352 4479 1441 4531 Dei
1472 4475 1817 4545 sapientiam.
1851 4472 2166 4528 Catnivoris
2197 4471 2313 4526 ani-
2349 4479 2390 4530 ο

731 4571 962 4624 malibus
991 4570 1181 4624 dentes
1214 4579 1398 4622 acutos
1437 4567 1604 4630 dedit,
1652 4565 1796 4634 quod
1844 4563 2042 4617 talibus
2072 4563 2151 4617 eis
2181 4576 2319 4630 opus

729 4672 894 4726 esset,
931 4677 1024 4730 pro
1061 4661 1376 4714 nutrimenti
1408 4661 1636 4722 ratione,
1676 4672 1785 4724 quo
1834 4657 2131 4709 alerentur.
2188 4652 2320 4718 Quae

734 4771 862 4806 vero
895 4755 1114 4807 dimidia
1154 4770 1218 4808 ex
1277 4761 1425 4822 parte
1467 4752 1722 4805 dentibus
1750 4759 1958 4802 armata
1991 4756 2050 4802 et
2110 4748 2316 4800 instru—

731 4862 813 4900 «ια
864 4858 1010 4910 sunt,
1076 4847 1140 4900 iis
1189 4847 1383 4899 multas
1419 4856 1580 4914 atque
1636 4843 1812 4914 varias
1860 4842 2316 4895 nutrimentorum

735 4951 878 4989 wint
905 4938 1199 5003 ανηειιεωδ
1229 4945 1282 4988 el.
1307 4935 1607 4989 conditoria
1639 4933 1870 5003 paravit.
1920 4931 2055 4985 Nam
2085 4946 2208 4983 cum
2251 4929 2320 4982 ab

733 5030 890 5084 initio
938 5031 1332 5082 nutrimentum
1401 5043 1508 5080 non
1545 5028 1674 5080 satis
1730 5025 2157 5087 comminuatur,
2217 5023 2320 5076 hoc

732 5140 812 5177 es
841 5124 1006 5183 dedit,
1043 5132 1102 5174 ut
1147 5123 1288 5190 quod
1326 5121 1746 5189 deglutiverunt,
1823 5132 2040 5171 rursum
2098 5124 2322 5186 agerent

735 5230 953 5270 Μειδυῐῆ
1015 5230 1122 5283 quo
1184 5230 1280 5284 per
1340 5203 1764 5266 ruminationem
1809 5209 2204 5272 uiollilicatum,
2267 5206 2319 5259 in

739 5325 897 5361 llalilll
943 5307 1219 5360 nutriendi
1269 5306 1520 5360 animalis
1551 5305 1726 5358 cedat.

810 5400 980 5454 Etiam
1034 5400 1199 5452 artttis
1250 5399 1378 5467 ipsis
1431 5398 1572 5451 inter
1620 5411 1677 5449 se
1737 5393 1997 5448 diﬂerunt
2048 5390 2322 5445 animalia.

737 5495 870 5547 Nam
909 5509 1004 5563 iro
1035 5493 1215 5547 indole
1241 5507 1302 5545 ac
1338 5491 1581 5545 moribus
1614 5488 1948 5551 animorum,
1977 5484 2327 5556 quemadmo-

738 5592 863 5638 dum
904 5593 951 5637 el
983 5582 1304 5638 Aristoteles
1345 5581 1587 5650 scripsit,
1612 5579 1938 5650 corporibus
1963 5591 2178 5646 quoque
2211 5584 2325 5629 tum

742 5681 959 5745 liguras,
1007 5688 1117 5730 tum
1157 5676 1506 5745 operationes
1552 5672 1696 5726 Deus
1747 5671 2018 5725 concedit.
2066 5667 2197 5738 Ejus
2249 5667 2324 5719 rei

819 5851 926 5917 ΗΞ)
979 5847 1310 5916 Ποίανοίιχὶ
1348 5886 1360 5901 .
1400 5887 1409 5896 .
1445 5884 1455 5896 .

2504 4466 2645 4521 Ἀλλ’
2675 4467 2776 4534 δρα
2828 4464 3022 4532 σοφίαν
3073 4458 3245 4524 Θεοῦ,
3293 4458 3410 4520 πῶς
3463 4457 3574 4518 τοῖς
3627 4454 4003 4522 σαρκοφάγοις

2421 4561 2580 4627 ζώοις
2618 4560 2760 4624 ὀξεῖς
2799 4558 2927 4619 τοῦς
2969 4555 3189 4616 ὀδόντας
3234 4551 3506 4620 ἐνήρμοσε
3536 4565 3548 4578 ·
3593 4547 3852 4599 τοιούτων
3894 4547 4005 4613 γὰρ

2418 4653 2572 4724 χρεία
2606 4647 2675 4722 ἦν
2709 4651 2892 4712 αὐτοῖς
2928 4647 3065 4716 πρὸς
3095 4645 3156 4698 τὸ
3189 4644 3284 4713 τῆς
3318 4642 3524 4711 τρυφῆς
3559 4638 3714 4698 εἶδος.
3750 4636 3818 4690 ’Δ
3853 4636 3908 4687 δὲ
3946 4636 4006 4698 ἐξ

2420 4745 2672 4816 ἡμισείας
2698 4742 2967 4794 ὥπλισται
2989 4740 3102 4798 τοῖς
3127 4735 3330 4797 ὀδοῦσι,
3359 4731 3581 4792 πολλαῖς
3609 4729 3700 4781 καὶ
3727 4724 4005 4786 ποικίλαις

2419 4837 2725 4907 ἀποθήκαις
2769 4833 2876 4886 τῶν
2920 4829 3138 4898 τροφῶν
3185 4823 3602 4895 παρεσκεύασε·
3650 4819 3739 4871 διὰ
3786 4817 3898 4887 γάρ
3945 4817 4007 4868 τὸ

2427 4930 2575 5000 παρά
2616 4930 2714 4997 τὴν
2757 4924 2980 4994 πρώτην
3023 4921 3097 4992 μὴ
3142 4918 3454 4988 ἀρκούντως
3499 4908 4005 4967 καταλεπτύνεσθαι

2427 5025 2524 5091 τὴν
2553 5019 2782 5090 τροφὴν,
2813 5017 3014 5069 ἔδωκεν
3043 5014 3225 5074 αὐτοῖς
3254 5010 3314 5062 τὸ
3343 5006 3647 5061 καταποθὲν
3679 5002 3844 5056 πάλιν
3876 5003 4006 5052 ἀνα-

2428 5089 2851 5182 πεμπάζεσθαι,
2911 5105 3053 5159 ὥστε
3108 5099 3476 5155 καταλεανθὲν
3532 5094 3608 5164 τῷ
3666 5089 4005 5164 μηρυκισμῷ

2432 5221 2690 5277 προσοικε
2704 5203 2777 5254 ,οὗ
2788 5201 2910 5253 σθαι
2939 5197 3016 5268 τῷ
3048 5214 3139 5267 τρε
3150 5192 3386 5262 ξρομένῳ.

2509 5383 2670 5439 Ἀ).λά
2700 5382 2794 5434 καὶ
2823 5381 2932 5441 τοῖς
2965 5378 3147 5436 ὅπλοις
3179 5373 3359 5432 αὐτοῖς
3390 5367 3457 5420 τὰ
3489 5367 3600 5432 ζῶα
3630 5363 3765 5433 πρὸς
3795 5360 4006 5428 άλληλά

2425 5476 2719 5544 διενήνοχε.
2756 5469 2912 5523 Κατά
2937 5468 3004 5520 τὰ
3033 5466 3137 5536 ήθη
3165 5464 3274 5533 γάρ
3305 5460 3413 5513 τῶν
3442 5457 3660 5528 ψυχῶν,
3685 5452 3964 5544 καθάῗκαι
3983 5453 4008 5501 ὁ

2439 5541 2822 5637 Ἀριστοτέλης
2862 5561 3020 5631 φησὶ,
3054 5559 3269 5611 δίδωσιν
3299 5557 3326 5606 ὀ
3356 5553 3486 5613 Θεὸς
3520 5551 3611 5602 καὶ
3642 5547 3738 5643 τὰς
3768 5543 3864 5597 τοῦ
3901 5541 4008 5643 ad):

2430 5679 2598 5732 ματος
2625 5659 2938 5719 διαπλάσας
2964 5670 3021 5708 τε
3050 5654 3143 5706 καὶ
3172 5646 3471 5720 ἐνεργείας.
3502 5639 3624 5697 Οἷον
3650 5639 3698 5692 τί
3723 5637 3904 5704 lino;
3931 5637 4008 5701 τῷ

1497 5890 1507 5901 .
1547 5848 1914 5914 φιλοτίμων.
1969 5841 2242 5894 Ῐίςδιηιιτα
2287 5852 2352 5891 ex
2393 5835 2454 5889 Υ.
2497 5843 2549 5886 ('t
2581 5830 2638 5884 F.
