4214 6442
254 390 355 458 ii?

1520 387 1920 451 ANNALIUM
1966 391 2155 452 PARS
2200 395 2245 454 ῐ.

3383 397 3483 460 HS

245 510 451 580 λαγιηῷ
483 512 580 565 καὶ
613 511 690 578 τῷ
723 511 904 579 ἐλάφῳ
937 511 1128 570 δειλοῖς
1159 506 1278 563 οὖσι
1315 507 1454 560 κατὰ
1488 508 1667 577 ψυχὴν
1698 507 1818 574 δρό-

1941 523 2042 561 me
2069 509 2310 577 exempla
2335 520 2513 563 sunto.
2563 509 2755 576 Lepori
2813 523 2866 564 et
2928 525 3109 573 cervo,
3163 509 3254 578 qui
3310 511 3492 565 :mimo

252 620 352 669 μον
395 601 591 654 ἔδωκεν
617 643 632 667 ,
676 603 763 655 ἵνα
802 603 900 664 τὰς
937 602 1045 654 τῶν
1087 599 1465 670 κυνηγοῶτων
1504 604 1689 669 χεῖρας
1728 601 1823 652 ἐκ·

248 693 514 759 φεὶγιοσι.
541 692 630 762 Τῷ
654 692 822 762 χοίρῲ
845 692 1082 761 θυμὼδει
1112 693 1205 746 καὶ
1231 693 1531 760 πολεμιστῇ
1557 689 1669 744 δντι
1694 691 1820 752 τοὺς

246 784 649 853 χαυλιόδοντας.
695 785 772 855 τῷ
810 784 997 854 ταύρῳ
1044 784 1210 853 κέρας
1254 783 1559 852 χαρίζεται,
1609 782 1703 835 καὶ
1745 781 1826 853 τῷ

249 874 426 927 λέοντι
459 875 676 937 ὀδόντας
709 878 801 927 καὶ
834 875 1050 944 ὄνυχας.
1085 874 1193 928 Καὶ
1230 874 1370 926 οὕτω
1407 874 1508 941 μὲν
1538 873 1606 925 τά
1644 872 1821 926 πάντα

250 966 582 1035 προσφόρως
609 966 922 1020 καθώπλισε
946 1005 962 1030 ,
991 966 1082 1020 τὸν
1109 967 1165 1019 δὲ
1195 965 1482 1035 ἄνθρωπον
1508 965 1715 1033 γυμνὸν
1744 967 1824 1025 εἰς

247 1059 343 1112 τὸν
381 1058 495 1125 βίον
527 1059 866 1127 παραγαγὼν
894 1061 961 1128 τῇ
1002 1057 1290 1128 περιουσίᾳ
1320 1057 1414 1110 τοῦ
1455 1058 1612 1124 λόγου
1653 1074 1825 1127 παρι-

254 1147 542 1216 μυθήσατο
562 1165 575 1178 ο
611 1150 668 1201 ιν
700 1149 808 1218 γὰρ
841 1149 918 1218 τῷ
950 1149 1094 1219 λόγῳ
1121 1149 1182 1200 τὸ
1215 1149 1431 1200 πάντων
1456 1147 1646 1217 ἄρχειν
1676 1147 1824 1216 αὖτῷ

253 1239 538 1307 πρόσεστι.
585 1241 684 1292 Διὰ
725 1240 881 1308 λόγου
924 1240 993 1293 τὰ
1038 1239 1218 1309 πτηνά
1262 1239 1321 1304 ἐξ
1365 1240 1524 1308 ἀέρος
1572 1241 1820 1306 κατάγει,

249 1331 378 1389 τοὺς
411 1329 601 1397 ἰχθύας
631 1328 690 1394 ἐξ
719 1331 926 1384 ὑδάτων
954 1330 1193 1384 ἀνέλκει.
1227 1331 1326 1384 Διὰ
1357 1330 1514 1395 λόγου
1547 1332 1614 1383 τὰ
1647 1333 1822 1385 πάντα

253 1425 401 1473 ποιεῖ
425 1421 528 1474 ὅσα
554 1423 687 1490 πρὸς
717 1419 974 1474 σύστασιν
999 1423 1097 1490 τῆς
1125 1421 1272 1491 ζωῆς
1285 1421 1473 1486 αὐτοῦ,
1499 1421 1698 1484 οἰκίας,
1718 1421 1822 1490 άμ-

254 1528 378 1580 φια,
415 1511 728 1582 περιὸολήν,
759 1512 940 1576 ὅπλον,
958 1513 1056 1566 καὶ
1074 1514 1176 1567 δσα
1203 1512 1447 1566 τοιαῦτα.
1481 1513 1639 1566 Κατὰ
1667 1512 1823 1566 τοῦτο

253 1603 350 1654 καὶ
376 1605 562 1672 χεῖρας
587 1602 738 1672 αὐτῷ
763 1601 994 1656 δέδωκεν
1015 1603 1044 1655 ό
1070 1602 1223 1667 Θεὸς,
1245 1602 1320 1666 ὡς
1342 1603 1592 1655 ὲντεῦθεν
1614 1601 1824 1656 ἀκωλύ-

254 1705 364 1756 τως
397 1693 488 1746 τὸν
522 1693 792 1764 προσόντα
827 1695 983 1762 λόγον
1016 1693 1165 1764 αὐτῷ
1207 1694 1387 1748 πάντα
1429 1692 1688 1763 πράττειν
1721 1691 1821 1745 ὃσα

255 1783 353 1833 καὶ
379 1781 649 1852 βούλεται.
673 1783 857 1854 Ταύτῃ
881 1801 963 1836 τοι
991 1785 1088 1839 καὶ
1111 1785 1138 1838 ὁ
1167 1783 1341 1853 μέγας
1368 1782 1646 1845 Βασίλειος
1671 1783 1730 1834 ὲν
1753 1784 1819 1852 τῇ

255 1872 339 1934 είς
385 1871 478 1924 τὸν
523 1874 807 1942 προφήτην
844 1873 1074 1926 Ἡσαΐαν
1121 1873 1390 1943 ἑρμηνείᾳ
1442 1873 1570 1942 περὶ
1617 1872 1824 1926 τούτων

257 1961 403 2016 οὕτω
445 1964 602 2030 φησι·
631 1982 649 2014 ι
681 1964 806 2028 Τοῖς
847 1966 945 2033 μὲν
981 1964 1195 2032 ἀλόγοις
1235 1963 1458 2018 εὔκολον
1492 1965 1688 2018 δέδωκε
1727 1965 1826 2036 τὴν

261 2052 406 2121 πρὸς
428 2052 491 2105 τὸ
517 2052 616 2124 ζῇν
646 2054 901 2124 ἀφορμὴν
919 2096 936 2120 ,
969 2055 1175 2123 τροφὰς
1203 2055 1543 2125 αὐτομάτους
1572 2055 1666 2109 καὶ
1697 2056 1824 2108 σκέ-

259 2160 375 2214 πην
405 2145 666 2213 αὑτοςρυᾶ,
702 2147 796 2198 καὶ
825 2147 892 2198 τά
925 2147 1031 2198 τῶν
1064 2147 1268 2216 τριχῶν
1299 2149 1391 2201 καὶ
1423 2147 1643 2216 πτερῶν
1677 2146 1827 2200 ἱνδύ-

264 2253 414 2306 ματα
445 2237 478 2307 ή
515 2237 690 2291 πάντα
723 2237 1085 2307 οῖκονομοῦσα
1116 2238 1345 2309 δύναμις
1378 2239 1666 2308 ἐχαρίσατο
1693 2254 1706 2268 ·
1736 2239 1827 2290 τὸν

258 2327 320 2381 δὲ
344 2327 628 2398 ἄνθρωπον
651 2329 858 2397 γυμνὸν
883 2348 955 2383 πα
965 2329 1282 2400 ραγαγοῦσα
1304 2331 1461 2399 λόγον
1486 2330 1685 2384 ἔδωκεν
1707 2331 1828 2384 ἀντὶ

263 2420 484 2473 πάντων
515 2419 682 2488 αὐτῷ,
711 2421 780 2473 δι’
802 2415 862 2476 οὗ
891 2422 947 2474 αί
976 2424 1291 2492 ποριστικαὶ
1323 2425 1717 2492 συνεστήσαντο
1742 2423 1830 2492 τέ-

260 2528 412 2582 χναι,
442 2513 849 2583 οῖκοδομητικὴ,
872 2515 1139 2584 ὑφαντικὴ
1164 2516 1259 2569 καὶ
1293 2517 1351 2568 αἰ
1386 2516 1591 2580 λοιπαὶ,
1624 2517 1685 2567 τὸ
1715 2518 1827 2578 τοῖς

263 2603 483 2672 σώμασι
513 2605 629 2658 δέον
659 2606 1079 2678 άναπληρούσης
1107 2609 1206 2677 τῆς
1237 2608 1413 2679 ψυχῆς
1440 2613 1506 2680 τῇ
1539 2607 1830 2679 περιουσίᾳ

260 2693 357 2746 τοῦ
387 2693 569 2761 λόγου.
607 2713 626 2748 ι
662 2691 787 2764 Εἶχε
821 2699 918 2764 μὲν
943 2695 1036 2750 οὖν
1066 2698 1602 2767 συνυπογεννηθῆναι
1629 2697 1707 2768 τῷ
1737 2699 1829 2750 ἁν-

262 2781 468 2852 θρὼπῳ
506 2787 572 2838 τὰ
611 2786 788 2839 πάντα
833 2786 968 2854 μετὰ
1009 2787 1103 2840 καὶ
1139 2787 1231 2838 τοῦ
1272 2787 1431 2855 λόγου
1478 2788 1646 2841 αὑτοῦ
1687 2788 1830 2842 κατὰ

263 2874 487 2928 πλείονα
513 2875 838 2946 φιλοτιμίαν.
870 2877 1013 2929 Ἀλλ’
1031 2878 1292 2947 οὐμενοῦν
1315 2880 1347 2949 ή
1370 2878 1463 2932 τοῦ
1488 2880 1646 2947 λόγου
1672 2882 1829 2950 χάρις

262 2965 514 3018 ἐντεῦθεν
544 2966 838 3022 ἐδείκνυτο.
874 2969 1152 3040 Ἀνάγκης
1176 2970 1282 3042 γὰρ
1319 2971 1394 3042 μὴ
1427 2970 1596 3041 οὓσης
1627 2972 1732 3025 τίνι
1766 2973 1832 3025 ἂν

160 3055 166 3060 ’
260 3056 295 3124 ή
340 3057 505 3109 αὐτοῦ
543 3058 795 3128 ἐνέργεια
835 3060 1081 3129 διάδηλος
1119 3062 1309 3130 γέγονε
1330 3079 1346 3127 ;
1388 3063 1544 3117 Κατὰ
1580 3063 1737 3116 τοῦτο
1775 3064 1832 3116 δὲ

1924 598 2266 654 formidolosi
2332 612 2480 663 sunt,
2532 603 2784 657 currendi
2853 603 3167 656 facultatem
3215 603 3380 656 dedit.
3438 618 3494 656 nt

1921 696 2240 737 venatorum
2275 701 2468 740 manus
2495 687 2778 755 ell'ugiant.
2830 689 2992 756 Apro,
3047 690 3138 759 qui
3169 699 3224 742 et
3282 692 3492 743 animo-

1922 792 2016 831 sus
2056 785 2111 831 et
2155 777 2445 831 admodum
2492 793 2706 846 pugnax
2761 789 2863 844 est,
2905 780 3098 834 dentes
3148 781 3400 835 exsertos
3435 796 3494 832 ac.

1923 869 2297 936 prominentes
2328 869 2495 922 dedit.
2536 870 2753 922 Cornua
2788 880 2966 929 tauro,
3034 871 3172 924 leoni
3219 874 3410 925 (1ι3111νδ
3443 881 3489 924 et

1924 973 2134 1027 ungues
2156 959 2400 1030 largitur.
2453 957 2645 1014 Omnia
2685 961 2920 1028 denique
2952 962 3118 1015 armis
3169 961 3378 1015 idoneis
3413 963 3499 1013 in-

1923 1053 2142 1106 struxit.
2175 1051 2358 1106 Solum
2406 1053 2680 1106 hominem
2727 1054 2931 1107 nudum
2964 1055 3018 1106 in
3081 1055 3244 1107 vitain
3298 1059 3500 1122 produ-

1925 1150 2072 1194 etum
2102 1140 2327 1196 rationis
2370 1143 2692 1197 excellentia
2732 1144 3065 1196 consolatur.
3099 1142 3231 1196 Nam
3267 1159 3388 1195 eum
3418 1160 3496 1194 ra-

1927 1231 2072 1285 tione
2099 1233 2452 1300 eonjnnctnm
2509 1242 2595 1287 est
2651 1234 2706 1287 in
2736 1248 2825 1287 res
2859 1234 3139 1286 universas
3191 1231 3501 1298 imperium.

1925 1318 2029 1374 Per
2057 1321 2324 1374 rationem
2355 1320 2518 1375 homo
2546 1323 2794 1376 volucres
2809 1338 2875 1377 ex
2900 1337 3027 1378 aere
3053 1322 3296 1387 deducit,
3329 1324 3504 1392 pisces

1924 1424 1991 1464 ex
2012 1408 2170 1478 aquis
2221 1412 2489 1478 extrahit;
2545 1427 2642 1482 per
2705 1413 2970 1468 rationem
3030 1413 3239 1483 reliqua
3295 1413 3508 1483 perlicit

1925 1501 2131 1566 omnia,
2188 1518 2532 1572 quaecunque
2591 1514 2720 1558 sunt
2754 1505 2820 1558 ad
2867 1505 2994 1560 vitae
3035 1505 3505 1559 conservationem

1928 1592 2029 1662 ipsi
2071 1595 2399 1660 necessaria,
2439 1605 2638 1660 vestes,
2700 1605 3034 1652 armaturam
3098 1597 3310 1666 aliaque
3358 1597 3507 1650 talia.

1928 1685 2223 1758 Propterea
2265 1704 2458 1743 manus
2501 1690 2666 1744 etiam
2700 1689 2850 1746 dedit
2908 1691 2958 1745 ei
2989 1689 3159 1752 Dens,
3209 1700 3268 1744 ut
3318 1705 3509 1744 earum

1927 1779 2174 1850 operatio
2203 1780 2463 1850 quidquid
2497 1781 2652 1835 vellet
2696 1781 2900 1849 absque
2957 1783 3068 1836 ullo
3120 1782 3513 1851 impedimento

1931 1871 2202 1927 ellieeret.
2240 1871 2559 1928 Disseritde
2586 1872 2670 1926 bis
2699 1872 2929 1928 Basilius
2957 1873 3010 1927 in
3048 1875 3399 1928 enarratione
3416 1890 3513 1930 sua

1933 1965 2075 2018 vatis
2106 1964 2258 2018 lsaize
2285 1963 2467 2018 verbis
2527 1965 2835 2034 huiusmodi
2867 1981 2880 2022 :
2919 1983 2938 2018 ι
2977 1964 3160 2019 Brutis
3225 1963 3400 2019 Deus’
3431 1967 3515 2020 vi-

1932 2053 2090 2109 vendi
2124 2055 2387 2108 rationem
2419 2052 2633 2108 facilem
2657 2053 2828 2119 dedit,
2853 2053 3110 2108 alimenta
3135 2054 3278 2108 ultro
3303 2054 3511 2120 oblata,

1933 2152 2136 2200 tectum
2174 2143 2440 2208 nativum,
2478 2144 2708 2212 pilorum
2768 2153 2930 2214 atque
2985 2158 3288 2214 pennarum
3350 2145 3514 2197 indu-

1933 2242 2116 2288 menta
2166 2235 2372 2288 eisdem
2431 2243 2669 2304 potestas
2695 2235 2804 2302 illa,
2825 2251 2946 2305 quae
2968 2247 3288 2290 cunctorum
3314 2246 3399 2290 est
3422 2253 3514 2306 gu-

1933 2324 2207 2380 bernatrix
2233 2327 2516 2394 ,largltur.
2570 2325 2805 2394 llomini,
2829 2342 2989 2396 quem
3041 2327 3246 2381 nudum
3281 2327 3510 2389 ereavit,

1935 2415 2178 2470 omnium
2212 2416 2328 2471 loco
2347 2416 2608 2472 rationem
2638 2417 2895 2480 tribuit,a
2918 2434 3025 2488 qua
3054 2434 3235 2472 rerum
3259 2418 3521 2488 paranda-

1936 2525 2058 2563 rum
2093 2517 2239 2564 artes
2272 2518 2399 2562 sunl
2424 2510 2706 2579 profectae,
2739 2519 2799 2564 ut
2828 2527 2890 2564 ea
2922 2527 3042 2580 qua:
3088 2511 3324 2566 exstruit
3352 2511 3518 2571 aedes.

1936 2612 1995 2656 ut
2025 2611 2260 2665 textura,
2297 2611 2355 2654 ut
2381 2609 2613 2666 exterae,
2666 2602 2954 2671 supplente
3021 2602 3282 2656 nimirum
3339 2603 3522 2656 animo

1937 2707 2034 2764 per
2065 2694 2293 2748 rationis
2312 2694 2694 2749 excellentiam
2746 2693 2850 2763 52
2880 2694 3022 2761 quod
3069 2694 3391 2762 corporibus
3429 2695 3526 2746 de-

1938 2793 2092 2839 est.)
2154 2785 2429 2840 Potuisset
2480 2785 2703 2855 quidem
2785 2786 2990 2839 homini
3040 2785 3285 2839 nascenti
3361 2787 3524 2839 etiam

1939 2885 2135 2946 praeter
2163 2877 2264 2931 alia
2301 2878 2542 2931 tribuere
2574 2876 2782 2937 omnia.
2812 2892 3000 2930 verum
3043 2877 3146 2930 hoe
3179 2877 3340 2931 modo
3366 2877 3526 2930 ratio-

1938 2969 2026 3022 nis
2049 2972 2218 3040 gratia
2249 2969 2688 3039 beneflciumque
2717 2985 2826 3023 non
2851 2969 3133 3025 cinxisset.
3170 2970 3305 3024 Nam
3346 2971 3390 3024 si
3443 2971 3525 3022 ni-

1940 3058 2016 3112 hil
2047 3061 2095 3113 ei
2123 3060 2498 3113 necessarium
2537 3059 2700 3125 foret,
2750 3069 2984 3128 quanam
3014 3075 3072 3114 re
3118 3061 3200 3113 vis
3251 3061 3370 3128 eius
3423 3059 3525 3112 de-

262 3150 415 3216 παρλ
452 3151 558 3212 τοῖς
595 3151 808 3217 ἀλόγοις
844 3151 1008 3216 ζώοις
1044 3154 1136 3206 καὶ
1170 3153 1452 3223 αἰσθήσεις
1477 3194 1493 3219 ,
1529 3154 1626 3208 ἅτε
1666 3154 1828 3222 λόγου

1941 3151 2141 3205 clarata
2173 3151 2396 3206 fuisset?
2442 3150 2645 3206 Eadem
2697 3153 2762 3205 de
2793 3167 2956 3206 causa
2995 3151 3172 3206 brutis
3201 3151 3529 3206 animalibus

265 3241 344 3311 μὴ
378 3242 525 3304 ὄντος
545 3285 560 3306 ,
593 3245 956 3312 τετράνωνται
979 3259 995 3276 ·
1025 3246 1088 3299 τὸ
1123 3247 1231 3316 γὰρ
1263 3247 1510 3302 ἐλλεῖπον
1539 3248 1633 3302 τοῦ
1669 3249 1828 3318 λόγου

259 3337 329 3403 τῇ
361 3334 648 3403 περιουσίᾳ
678 3336 786 3389 τῶν
815 3337 1123 3406 αίσθήσεων
1153 3341 1444 3407 πανσόφως
1470 3341 1498 3392 ὁ
1527 3341 1636 3393 τῶν
1661 3341 1831 3396 ἀπάν-

259 3441 374 3479 των
403 3426 832 3497 παρεμυθήσατο
862 3428 1148 3498 πρύτανις.

349 3600 489 3660 Ἀλλ’
515 3607 617 3676 δρα
653 3607 755 3661 κάν
792 3606 1002 3670 τούτοις
1039 3608 1136 3678 τὴν
1174 3609 1500 3677 κηδεμονίαν
1535 3607 1631 3661 τοῦ
1673 3609 1833 3662 Θεοῦ.

263 3699 495 3769 Μακρδς·
529 3701 557 3750 ὁ
589 3698 858 3768 τράχηλος
887 3702 984 3770 τῆς
1021 3701 1272 3770 καμήλου
1308 3702 1449 3764 τίνος
1490 3701 1710 3767 ἓνεκεν;
1749 3702 1836 3754 ἵνα

261 3795 376 3854 τοῖς
405 3795 558 3845 ποσὶν
585 3791 924 3861 ἑξισὰζηται,
953 3793 1044 3845 καὶ
1075 3794 1362 3863 ἐφικνῆται
1387 3793 1488 3862 τῆς
1521 3793 1751 3865 βοτάνης
1781 3794 1840 3859 ἐξ

262 3875 338 3954 ἦς
367 3883 567 3951 άποζῇ.
596 3881 738 3936 Ὅσα
768 3883 824 3934 δὲ
853 3883 961 3934 τῶν
995 3881 1149 3945 ζώων
1178 3883 1280 3936 οὐκ
1312 3883 1419 3936 ἀπὸ
1446 3883 1544 3952 τῆς
1572 3884 1709 3944 πόας
1741 3883 1842 3952 τὴν

265 3975 414 4046 ζωὴν
442 3974 572 4044 ἔχει,
598 3974 717 4027 οὐδὲ
749 3973 882 4044 πρὸς
910 3975 1012 4042 γῆν
1039 3974 1335 4037 κυπτάζειν
1362 3974 1841 4044 καταναγκάζεται

266 4063 364 4116 an
395 4062 460 4132 δὴ
491 4062 798 4133 σαρκοϐόρα
828 4063 979 4126 ὄντα,
1010 4062 1217 4134 βραχὺν
1243 4066 1336 4118 καὶ
1362 4067 1472 4128 τοῖς
1501 4063 1672 4135 ὤμοις
1700 4065 1844 4118 ἑνδε-

265 4153 469 4206 δυκότα
506 4153 631 4223 ἔσχε
665 4155 757 4206 τὸν
790 4154 1085 4224 τράχηλον.
1121 4156 1219 4209 Διὰ
1254 4155 1410 4210 τοῦτο
1443 4157 1540 4210 καὶ
1573 4158 1605 4226 ή
1644 4173 1843 4226 προνο-

267 4244 409 4312 μαία
441 4237 743 4313 δεδώρηται
773 4243 852 4313 τῷ
886 4245 1163 4314 ἐλέφαντι,
1194 4247 1293 4315 τὴν
1324 4244 1527 4316 βρῶσιν
1563 4249 1655 4300 καὶ
1687 4247 1844 4300 πόσιν

263 4339 389 4389 ἀντὶ
419 4335 511 4388 τοῦ
541 4336 812 4406 τραχήλου
844 4337 1165 4406 κομίζουσα.
1201 4338 1355 4391 Ἐπεὶ
1384 4338 1441 4390 δὲ
1473 4340 1552 4402 είς
1585 4338 1846 4409 ἔκπληξιν

151 4472 166 4484 ,
262 4427 375 4479 τῶν
399 4427 659 4498 ὁρώντων
679 4429 739 4479 τὸ
767 4427 928 4496 σῶμα
953 4429 1119 4482 αὐτοῦ
1148 4429 1242 4482 καὶ
1271 4429 1412 4482 πάνυ
1445 4429 1587 4497 μέγα
1612 4430 1843 4482 ἐσκεύα-

1931 3240 2040 3295 dati
2071 3250 2200 3295 sunt
2228 3255 2422 3295 sensus
2459 3240 2720 3304 acriores,
2751 3240 2964 3309 utiquee
2999 3242 3211 3294 ratione
3249 3250 3526 3296 carerent.

1935 3331 2223 3401 Sapienter
2253 3332 2397 3386 enim
2427 3332 2761 3401 gubernator
2791 3331 2898 3396 iille
2937 3332 3312 3386 universitatis
3367 3332 3530 3398 huius

1933 3422 2214 3478 defectum
2247 3432 2301 3476 et
2343 3423 2582 3492 inopiam
2617 3421 2845 3475 rationis
2905 3437 3168 3476 sensuum
3229 3421 3529 3476 acrimonia

1934 3513 2362 3582 praestantiaque
2393 3512 2790 3581 compensavit.

2006 3603 2283 3658 iliceti-am
2328 3604 2378 3657 in
2410 3604 2575 3658 rebus
2637 3619 2822 3659 curam
2878 3603 3389 3674 providentiamque
3433 3603 3530 3659 Dei

1937 3695 2316 3750 considerato.
2347 3695 2589 3765 Longum
2611 3696 2849 3750 eamelus
2881 3694 3082 3750 collum
3116 3694 3298 3749 habet.
3328 3695 3533 3760 Quam-

1937 3787 2165 3843 obrem?
2194 3797 2249 3842 ut
2288 3788 2453 3857 pedes
2512 3799 2774 3856 :equaret,
2829 3797 2992 3858 atque
3014 3787 3321 3857 pertingere
3350 3796 3532 3855 posset

1939 3879 2006 3934 ad
2039 3878 2234 3932 herbas
2264 3879 2462 3948 quibus
2483 3879 2716 3933 victitat.
2773 3877 3277 3948 Quweunquelvero
3321 3877 3533 3932 anima-

1941 3971 2011 4026 lia
2042 3971 2245 4025 victum
2269 3985 2297 4024 e
2327 3979 2469 4025 terra
2493 3986 2597 4025 non
2629 3971 2850 4036 habent,
2893 3986 2995 4024 nee
3036 3971 3100 4023 ad
3145 3979 3345 4024 terram
3371 3961 3538 4038 eapu‘

1943 4063 2233 4118 demittere
2277 4071 2552 4132 coguntur
2615 4064 2690 4118 uti
2728 4079 2849 4132 qua:
2907 4065 3169 4118 carnibus
3216 4074 3532 4131 vescuntur,

1945 4154 2110 4208 breve
2146 4153 2343 4208 collum
2375 4162 2429 4208 et
2467 4154 2610 4208 intra
2656 4154 2917 4209 humeros
2959 4156 3103 4210 velut
3160 4156 3401 4210 abditum
3437 4157 3536 4210 ha-

1947 4247 2098 4300 bent.
2124 4247 2420 4314 Pr0pterea
2457 4245 2738 4314 proboseis
2783 4246 3080 4316 elephanto
3111 4249 3235 4302 data
3263 4257 3371 4314 est,
3413 4263 3535 4317 qua:

1945 4336 2071 4390 eolli
2113 4337 2235 4390 loco
2307 4336 2489 4392 cibum
2558 4349 2718 4407 atque
2767 4348 2952 4408 potum
3013 4340 3062 4393 ei
3132 4340 3532 4394 subministrat.

1949 4427 2088 4494 Quia
2121 4443 2250 4481 vero
2299 4443 2498 4497 corpus
2558 4429 2680 4499 ejus
2722 4439 3099 4499 comparatum
3155 4431 3222 4484 ad
3267 4443 3536 4501 spectato-

265 4534 391 4580 στο,
427 4519 493 4570 δι’
519 4519 648 4570 αὐτὸ
681 4519 836 4572 τοῦτο
871 4520 964 4572 καὶ
997 4520 1361 4592 ἀδιάρθρωτοι
1395 4521 1560 4574 αὑτοῦ
1598 4522 1648 4572 oi.
1683 4521 1841 4584 πόδες

1950 4534 2067 4573 nun
2092 4519 2514 4573 admirationem
2548 4530 2601 4572 et
2630 4520 2819 4590 ingens
2865 4520 3156 4574 admodum
3193 4531 3298 4587 est,
3330 4524 3534 4576 ideirco

265 4611 522 4678 καθάπερ
553 4610 699 4672 τινὲς
739 4612 916 4672 κίονες
947 4612 1006 4662 τὺ
1050 4611 1215 4682 βάρος
1259 4612 1715 4683 ὑποστηρέζοντες
1741 4631 1753 4644 ’
1793 4617 1840 4668 εί

264 4700 376 4768 γὰρ
405 4698 581 4768 χαῦνα
609 4701 757 4770 αὐτῷ
788 4704 880 4755 καὶ
904 4702 1101 4772 δίυγρα
1132 4704 1367 4773 ὑπετέθη
1395 4705 1463 4758 τά
1491 4705 1662 4768 κῶλα,
1693 4725 1843 4758 συνε-

264 4797 382 4862 χεῖς
413 4793 476 4843 ἂν
504 4795 750 4860 ἐγένοντο
778 4793 882 4846 τῶν
907 4795 1124 4864 ἄρθρων
1149 4799 1204 4848 αἱ
1236 4797 1524 4866 ἐκτροπαί.
1561 4798 1722 4851 ’Λλλὰ
1749 4799 1843 4851 καὶ

262 4883 558 4952 τριακόσια
604 4884 696 4954 ἔτη
743 4885 1016 4954 ἱστοροῦσί
1050 4904 1193 4950 τινες
1239 4887 1388 4957 βιοῦν
1422 4889 1515 4941 τόν
1553 4889 1843 4958 ἐλέφαντα.

263 4978 343 5024 UO
376 4994 405 5040 μ
418 4972 576 5025 ἄλλον
601 4973 677 5035 δὲ,
703 4978 888 5043 φησὶν.
917 4978 1129 5045 ἄγαμαι
1157 4977 1245 5031 τὸν
1273 4979 1537 5048 ἐλέφαντα
1564 4985 1652 5034 τοί)
1685 4981 1847 5049 μεγέ-

264 5065 396 5126 θους
429 5064 646 5126 ἕνεκεν,
681 5067 773 5118 καὶ
803 5067 893 5120 τὸν
927 5067 1063 5136 μῦν,
1095 5069 1176 5121 ὅτι
1207 5071 1436 5140 φορεσός
1469 5073 1583 5124 ἐστι
1618 5073 1694 5142 τῷ
1726 5073 1842 5124 ἐλέ-

265 5173 456 5225 φαντι,
506 5156 696 5228 ὥσπερ
745 5159 808 5228 δὴ
860 5163 954 5214 καὶ
1002 5159 1062 5212 τὸ
1106 5159 1438 5215 λεπτότατον
1487 5164 1699 5234 ἄγαμαι
1748 5164 1844 5217 τοῦ

265 5251 535 5319 σκορπίου
570 5252 795 5320 κέντρον
825 5253 944 5314 πῶς
977 5252 1254 5306 ὲκοίλανεν
1283 5255 1473 5327 ὥσπερ
1508 5257 1667 5309 αὐλὸν
1697 5259 1725 5310 ό
1757 5275 1848 5310 τε-

264 5339 463 5410 χνίτης
487 5381 501 5404 ,
535 5341 678 5395 ὥστε
713 5342 782 5394 δι’
805 5342 968 5396 αὑτοῦ
1003 5344 1093 5398 τὸν
1131 5345 1208 5400 ἰὸν
1241 5349 1351 5410 τοῖς
1383 5350 1671 5417 τρωθεῖσιν
1708 5349 1846 5402 ἐνίε-

268 5430 418 5484 σθαι.
455 5431 615 5484 Ἀλλὰ
655 5435 751 5485 καὶ
793 5435 882 5488 τὸν
926 5434 1193 5503 ἐλέφαντα
1241 5437 1315 5508 μὴ
1360 5437 1625 5509 πρότερον
1667 5440 1845 5495 πίνειν

269 5515 545 5585 λέγουσιν,
579 5519 674 5572 ἐὰν
712 5521 785 5591 μὴ
820 5521 1030 5594 θολώσῃ
1064 5526 1128 5594 τῇ
1164 5527 1473 5599 προνομαίᾳ
1505 5529 1570 5582 τὰ
1605 5531 1842 5598 νάματα.

268 5609 432 5672 Τίνος
475 5610 694 5678 ἓνεκενς
737 5612 818 5666 ὅτι
863 5615 1301 5686 μορμολύττεται
1344 5621 1503 5674 σκιὰν
1546 5621 1744 5691 ἐλέφας
1790 5626 1847 5677 ἐν

270 5697 427 5750 ὕδατι
453 5700 552 5768 τὴν
578 5701 773 5756 ἑαυτοῦ
802 5703 1094 5773 θεώμενος.
1127 5709 1215 5761 Διὸ
1244 5711 1334 5762 καὶ
1359 5713 1482 5772 τοὺς
1513 5713 1700 5776 Ἰνδοὺς
1729 5715 1848 5767 ἐπι-

270 5790 464 5858 τηρεῖν
514 5793 774 5863 ἀσέληνον
823 5794 994 5851 νύκτα
1048 5800 1246 5866 φασὶν,
1300 5803 1532 5872 ὁπηνίκα
1586 5804 1844 5873 63:090-

1951 4608 2115 4677 pedes
2164 4609 2326 4661 etiam
2365 4608 2534 4677 ipsius
2563 4619 2752 4664 carent
2803 4610 3072 4676 articulis,
3128 4610 3284 4679 quasi
3321 4613 3536 4678 pondus

1949 4701 2224 4770 quoddam
2256 4700 2591 4754 sustinentes
2622 4718 2634 4755 :
2664 4716 2787 4753 nam
2842 4702 2886 4756 si
2915 4702 3170 4754 mollibus
3202 4711 3256 4755 et
3296 4703 3536 4756 humidis
3629 4686 3633 4690 ”

1951 4790 2212 4846 membris
2248 4791 2604 4856 inniteretur,
2640 4807 2921 4862 nunquam
2953 4807 3062 4846 non
3111 4793 3328 4847 articuli
3385 4793 3536 4848 laxa-

1953 4895 2160 4936 rentur.
2207 4882 2456 4936 'fradunt
2503 4883 2665 4936 etiam
2695 4883 2968 4946 nonnulli,
3018 4897 3112 4937 ccc
3174 4892 3318 4938 totos
3362 4899 3537 4936 annos

1952 4973 2302 5042 elephantum
2362 4974 2565 5028 vivere.
2637 4973 2822 5044 Neque
2887 4990 3016 5028 vero
3081 4975 3300 5045 magis,
3364 4976 3540 5044 inquit

1953 5065 2094 5119 idem
2122 5065 2375 5130 Basilius,
2418 5066 2768 5133 elephantum
2819 5066 2889 5120 ob
2919 5066 3040 5132 ejus
3107 5066 3539 5136 magnitudinem

1952 5159 2190 5212 admiror
2223 5174 2382 5226 quam
2416 5174 2624 5212 murem
2664 5173 2732 5212 ex
2763 5174 2848 5224 eo,
2885 5159 3028 5229 quod
3065 5159 3262 5214 terrori
3321 5159 3391 5212 sit
3425 5161 3538 5212 cie.

1953 5248 2196 5319 phanto?
2241 5247 2700 5316 quemadmodum
2750 5256 2806 5302 et
2849 5247 3277 5302 minutissimum
3335 5248 3540 5317 scorpii

1954 5341 2233 5397 stimulum
2265 5339 2451 5393 mirari
2478 5339 2647 5404 soleo,
2691 5356 2800 5410 quo
2856 5339 3067 5394 scilicet
3134 5351 3294 5408 pacto
3351 5354 3540 5391 rerum

1954 5429 2148 5486 artifex
2188 5444 2312 5483 eum
2341 5431 2744 5482 exenteraverit
2785 5430 2958 5483 in-‘tar
3009 5430 3292 5498 cujusdam
3369 5428 3538 5492 tibize,

1957 5531 2013 5575 ut
2049 5537 2143 5590 per
2180 5519 2357 5590 ipsum
2397 5521 2691 5573 vulneratis
2713 5519 2855 5573 virus
2886 5519 3209 5574 immitatur.
3244 5519 3542 5573 Perhibent

1957 5613 2083 5666 item
2120 5627 2227 5662 non
2289 5609 2439 5678 prius
2500 5610 2852 5680 elephantem
2911 5611 3098 5666 bibere
3149 5627 3311 5679 quam
3370 5625 3541 5680 aquas

1958 5703 2281 5774 proboscide
2372 5703 2693 5757 turbaverit.
2750 5703 3119 5770 Quamobrem
3173 5703 3353 5757 istuc?
3409 5706 3541 5773 quia

1958 5813 2108 5856 suam
2157 5795 2326 5864 ipsius
2360 5784 2689 5852 utnbram'in
2734 5812 2871 5866 aqua
2918 5795 3264 5868 conspiciens
3297 5811 3537 5865 οιριινυ·
