4204 6450
741 410 840 475 123
2000 403 2417 463 MlCHAELIS
2456 404 2713 464 ϐΙΧΟιΕ
3872 403 3970 463 124

740 523 893 588 lepus
922 531 1084 570 cursu
1134 515 1443 583 pedumque
1496 514 1778 569 celeritate
1826 527 2143 566 venatorum
2177 512 2351 571 insi-1

2453 512 2717 580 μύνεσθαι
2767 513 2889 574 τοὺς
2922 512 3261 583 λυπήσοντας
3284 528 3300 544 ⁶
3338 512 3533 565 οὐκοῦν
3559 514 3937 580 ἀποκριππτετε
3956 528 3973 561 ι

741 612 856 663 dias
886 611 1072 664 vitare.
1113 607 1204 661 Sic
1234 608 1393 660 etiam
1430 622 1590 660 cerva
1614 605 1768 659 novit
1793 605 2010 658 amissis
2037 605 2300 658 cornibus

2448 597 2501 656 ία
2528 619 2611 664 τις
2642 604 2747 656 τῶν
2780 605 3126 671 στρατιωτῶν
3156 604 3383 665 ἄνοπλος
3412 602 3599 665 δεδιὼς
3632 605 3977 670 παρατάττει

741 714 990 754 naturam
1024 701 1341 754 debiliorem
1396 698 1534 752 tueri
1570 713 1628 752 se
1680 706 1870 751 contra
1914 696 2169 750 laedentes
2200 694 2304 763 55

2448 695 2556 748 θαι.
2591 695 2741 764 Μόνη
2772 695 2827 749 δὲ
2856 696 2885 764 ἡ
2917 695 3113 764 ἔλαφος
3142 695 3506 748 ἀποϐάλλεται
3536 696 3605 748 τὰ
3641 694 3847 763 κέρατα
3875 696 3976 761 χά-

743 790 889 844 haud
924 806 1124 858 posse;
1198 798 1531 859 quapropter
1583 788 1732 841 abdit
1767 802 1848 849 se,
1908 786 2082 839 instar
2122 785 2306 838 militis

2451 802 2498 837 ιν
2528 785 2815 853 ὠφελείας.
2844 787 2919 849 ὼς
2959 786 3335 856 Ἀριστοτέλης
3366 789 3498 854 φησί
3518 800 3532 815 ⁸
3582 785 3745 853 βάρος
3778 788 3886 853 γὰρ
3917 784 3981 848 ἐξ

744 880 1028 948 cujusdam
1061 880 1310 944 inermis,
1338 878 1431 948 qui
1456 878 1597 932 hosti
1629 892 1686 931 se
1713 878 1951 945 objicere
1983 891 2089 929 non
2120 876 2304 931 audet.

2450 876 2656 946 νάγκης
2702 877 3040 944 κουφίζεται,
3073 878 3207 930 διότι
3236 877 3331 932 καὶ
3356 877 3526 930 ναστὰ
3550 877 3723 929 ταῦτα
3754 878 3824 930 δι’
3850 878 3981 931 ὅλου

746 970 1019 1024 Caeterum
1049 971 1195 1024 solus
1229 985 1429 1024 cervus
1464 966 1715 1023 utilitatis
1756 982 1867 1020 suae
1892 981 2054 1019 causa
2089 966 2309 1034 deponit

2448 967 2687 1034 υγχάνει.
2730 968 2852 1020 Τῶν
2911 967 2957 1020 δ’
3017 968 3193 1021 ἄλλων
3247 973 3316 1022 τὰ
3362 969 3565 1036 κέρατα
3615 971 3779 1038 μέχρι
3831 968 3986 1031 τινος

749 1070 977 1118 cornua,
1032 1057 1485 1124 quemadmodam
1537 1056 1860 1109 Aristoteles
1904 1054 2103 1120 inquit.
2176 1053 2307 1107 Nam

2448 1055 2596 1118 oua,
2634 1057 2702 1109 τὰ
2727 1056 2775 1108 δ’
2805 1055 2950 1127 ἄκρα
2983 1058 3180 1129 στερεὰ
3207 1055 3297 1111 διὰ
3333 1058 3396 1109 τὸ
3428 1039 3548 1120 ταῖς
3571 1056 3809 1126 πληγαῖς
3843 1074 3984 1126 χρη-

750 1160 915 1198 onere
969 1148 1117 1216 gravi
1171 1147 1484 1200 necessario
1536 1160 1595 1199 se
1648 1146 1809 1207 levat,
1851 1144 2066 1213 quando
2106 1158 2308 1199 cornua
2420 1146 2683 1214 σιμεύειν.

749 1255 1030 1294 cervorum
1100 1256 1323 1310 prorsus
1389 1254 1557 1295 vacua
1631 1256 1741 1294 non
1797 1240 2329 1310 sunt.fC:eterorum
2366 1242 2582 1310 quidem
2649 1244 2964 1298 animalium
3005 1260 3209 1300 cornua
3244 1252 3371 1299 sunt
3414 1244 3768 1314 aliquousque
3825 1258 3988 1308 cava,

750 1346 873 1383 cum
906 1338 1163 1385 extremae
1193 1342 1372 1400 partes
1404 1331 1668 1386 exsistant
1694 1332 1897 1394 solidae,
1925 1333 2123 1399 quibus
2153 1332 2362 1386 scilicet
2404 1333 2543 1387 ictus
2573 1336 2869 1403 excipiunt.

822 1419 935 1473 Hoc
964 1436 1178 1488 quoque
1205 1421 1537 1488 cognoscito,
1570 1421 1687 1489 ejus
1720 1423 1978 1475 aromatis
2003 1421 2145 1491 quod
2204 1437 2324 1475 mu-

2493 1425 2736 1478 Γίνωσκε
2766 1427 2822 1479 δὲ
2865 1427 3040 1490 τοῦτο,
3074 1427 3156 1481 ὅτι
3192 1429 3513 1497 γεννήτορες
3562 1427 3655 1481 τοῦ
3694 1427 3990 1495 ἀρὼματος

755 1527 908 1566 svum
930 1512 1183 1573 dicimus,
1203 1522 1451 1565 auctores
1472 1526 1590 1567 esse
1606 1526 1797 1566 cervos
1822 1513 1941 1567 illos
1962 1513 2053 1581 qui
2080 1523 2320 1566 montem

2448 1516 2625 1585 ιόσχου
2682 1518 2732 1569 οἱ
2780 1519 2839 1570 ἑν
2878 1518 3036 1585 Ἰνδίᾳ.
3069 1521 3357 1587 νεμόμενοι
3402 1519 3610 1588 ἔλαφοι.
3657 1517 3826 1574 Οὐδὲν
3878 1519 3990 1586 γὰρ

754 1600 921 1653 ludia:
946 1599 1236 1668 quemdam
1278 1600 1544 1654 incolunt.
1608 1601 1739 1654 Nam
1770 1601 2180 1656 celeberrimum
2214 1603 2319 1656 hoc

2451 1607 2605 1674 τερόν
2648 1608 2762 1660 lact
2806 1608 2867 1661 τὸ
2892 1609 3331 1680 πολυθρύλλητον
3363 1611 3522 1663 τοῦτο
3551 1611 3750 1681 ἄρωμα
3776 1611 3808 1679 ἢ
3848 1605 3992 1675 αἷμα

743 1704 942 1741 aroma
976 1687 1109 1741 nihil
1141 1697 1225 1742 est
1259 1689 1406 1744 aliud
1439 1705 1599 1757 quam
1629 1705 1917 1744 cervorum
1952 1691 2189 1761 sanguis,
2226 1692 2318 1760 qui

2448 1696 2615 1763 λάφου
2639 1699 3135 1768 ἐσπαργανωμένον
3172 1702 3229 1753 ὲν
3257 1700 3333 1768 τῷ
3354 1700 3585 1770 ὀμφαλῷ
3606 1717 3620 1731 ο
3652 1703 3779 1768 περὶ
3804 1702 3994 1767 μέντοι

754 1781 820 1833 de
856 1780 1111 1835 umbilico
1166 1790 1323 1849 rupto
1352 1780 1625 1850 profluxit.
1687 1781 1841 1837 llunc
1872 1783 1946 1837 illi
1977 1785 2236 1839 extremis
2267 1785 2319 1836 in

2448 1786 2491 1838 ῖὰ
2534 1787 2660 1857 τέλη
2693 1788 2786 1841 τοῦ
2823 1789 2984 1860 ἔαρος
3025 1792 3273 1860 ρίπτεται
3318 1791 3507 1862 ὥσπερ
3542 1810 3597 1844 τι
3642 1793 3987 1860 περίττωμα.

746 1874 1003 1940 partibus
1019 1873 1216 1925 montis
1252 1872 1503 1940 rejiciunt
1528 1873 1680 1941 quasi
1706 1873 1974 1941 quoddam
2002 1889 2343 1929 excremenw

2448 1878 2633 1939 Ξύῶδες
2674 1878 2827 1932 οὐδέν
2865 1896 2917 1932 τι
2974 1880 3142 1949 μέρος
3193 1882 3358 1934 αὐτοῦ
3397 1882 3824 1948 συλλεγόμενον⁹
3877 1880 3994 1932 ἀλλ’

752 1971 893 2014 tum.
942 1958 1197 2028 Cumque
1222 1960 1521 2030 colligitur,
1579 1960 1723 2014 nulla
1759 1974 1882 2030 pars
1933 1961 2050 2031 ejus
2102 1960 2323 2015 odorem

2454 1969 2644 2021 πειδὰν
2674 1971 2851 2039 χρόνῳ
2883 1972 3153 2042 ταμιευθῇ
3189 1974 3281 2025 καὶ
3312 1975 3388 2035 είς
3415 1974 3610 2042 ἑτέραν
3639 1973 3872 2041 ἤπειρον
3902 1989 3997 2038 με-

757 2060 973 2121 gratum
1019 2051 1201 2105 habet.
1264 2050 1461 2104 Verum
1500 2052 1590 2105 ubi
1645 2061 1767 2120 post
1818 2052 2078 2120 temporis
2106 2052 2325 2122 aliquod

2448 2061 2753 2130 ἀκομισθῆ,
2804 2061 3107 2129 τηνικαῦτα
3143 2064 3204 2117 τὸ
3256 2064 3455 2125 εὑῶδες
3512 2063 3728 2133 πνεῦμα
3776 2062 3997 2130 ἀφίησι.

753 2139 996 2209 spatium
1044 2140 1336 2209 inquiritur
1372 2149 1427 2195 et
1463 2142 1594 2194 alias
1634 2143 1699 2195 ad
1733 2151 1904 2197 terras
1938 2142 2174 2198 delatum
2221 2154 2323 2208 est,

2448 2150 2655 2217 λέγεται
2694 2151 2751 2205 δὲ
2789 2152 2870 2207 ὅτι
2900 2156 2932 2222 ή
2973 2153 3169 2222 ἔλαφος
3209 2154 3511 2223 θελγομένη
3541 2155 3657 2224 ἤχῳ
3691 2154 3871 2207 αὐλῶν
3904 2154 3999 2207 καὶ

754 2241 867 2286 ιυιιι
904 2231 1103 2286 deinde
1143 2231 1495 2301 fragrantiam
1538 2232 1683 2286 illam
1723 2233 1913 2302 spirat.
1977 2234 2145 2289 Aiunt
2188 2235 2317 2290 item

2448 2241 2711 2310 ιροτάλοις
2737 2244 2826 2295 τὸν
2854 2244 3020 2311 ἐγγὺς
3047 2244 3270 2314 τοξότην
3302 2245 3398 2314 οὐχ
3427 2248 3527 2315 ὁρᾷ
3557 2248 3650 2298 καὶ
3686 2245 3994 2308 τοξεύεται.

754 2336 991 2386 cervam,
1026 2322 1154 2377 dum
1190 2322 1443 2377 tibiarum
1522 2337 1657 2378 sono
1686 2331 1741 2377 et
1786 2323 2127 2381 tintinabulis
2172 2326 2320 2381 dele-

2448 2334 2587 2386 )ῦτω
2621 2337 2712 2388 καὶ
2740 2338 2901 2405 ἡμεῖς
2938 2337 3042 2390 ὑπὸ
3073 2337 3183 2390 τῶν
3220 2337 3311 2389 τοῦ
3341 2338 3546 2406 κόσμου
3577 2337 3825 2405 τερπνῶν
3860 2352 3999 2387 κατ-

757 2424 959 2477 ctatur,
1043 2421 1312 2467 astantem
1369 2428 1541 2482 prope
1590 2414 1927 2485 sagittarium
1950 2432 2059 2470 non
2102 2432 2332 2476 cernere

2448 2424 2749 2494 ιυλούμενοι
2816 2426 3052 2495 οὐδαμοῦ
3097 2424 3418 2495 συνορῶμεν
3449 2425 3539 2478 τὸν
3578 2424 3701 2479 καθ’
3727 2426 3878 2495 ἡμᾶς
3905 2424 4001 2476 ἀο⁸

759 2504 1083 2574 sagittisque
1113 2503 1336 2574 conﬁgi.
1373 2502 1465 2559 Sic
1493 2520 1601 2561 nos
1630 2521 1867 2576 quoque,
1916 2508 2044 2561 dum
2083 2509 2332 2579 volupta-

2448 2517 2616 2577 >ατοις
2674 2515 2850 2584 βέλεσι
2909 2515 3212 2587 χρώμενον.
3272 2515 3433 2569 Ἀλλὰ
3474 2515 3569 2568 καὶ
3616 2514 3854 2583 συνεχῶς
3912 2513 4007 2567 tu!

760 2595 906 2649 tibus
934 2596 1098 2664 hujus
1129 2594 1319 2649 mundi
1351 2595 1507 2664 quasi
1534 2596 1778 2651 modulis
1803 2597 2135 2665 quibusdam
2167 2598 2330 2653 tibia-

2448 2606 2613 2675 ἱρόμῳ
2642 2606 2744 2676 τὴν
2778 2606 2977 2675 ἔλαφον
3013 2605 3084 2659 τὰ
3103 2606 3274 2659 τέκνα
3298 2604 3597 2675 γυμνάζειν
3625 2603 3795 2671 αὐτῆς
3817 2602 3979 2666 λέγον
4002 2629 4006 2632 ι

754 2696 878 2733 rum
910 2681 1268 2746 oblectamur,
1302 2680 1673 2735 adversarium
1712 2691 1958 2737 nostrum
1991 2685 2156 2752 plane
2193 2702 2328 2742 nus-

2448 2711 2501 2746 ιι.
2541 2694 2711 2753 Τοῦτο
2740 2697 2796 2749 δὲ
2828 2697 3147 2766 ᾠκονόμησε
3182 2697 3399 2758 πάντως
3437 2698 3465 2748 ὁ
3485 2694 3617 2757 Θεδς
3642 2695 3768 2755 τοὺς
3790 2693 3998 2763 νωθρο·

748 2786 920 2838 quam
953 2772 1251 2836 cernimus,
1328 2772 1803 2841 inaspectabilibus
1839 2781 2029 2827 contra
2071 2791 2172 2831 nos
2210 2778 2327 2834 telis

2448 2785 2614 2854 τέρους
2650 2789 2936 2858 ἐντρέπειν
2964 2791 3165 2856 γονεῖς.

759 2870 1023 2916 utentem.
1085 2862 1352 2918 Praeterea
1392 2862 1619 2917 tradunt
1660 2878 1878 2918 cervam
1929 2864 2150 2920 assiduo
2186 2866 2330 2925 fetus
2368 2886 2498 2931 suos
2562 2892 2727 2933 cursu
2753 2893 3035 2935 exercere.
3093 2878 3274 2934 Voluit
3319 2880 3444 2948 .hoc
3512 2877 3736 2933 omnino
3768 2878 3845 2933 sic
3876 2875 4010 2947 ﬁeri

754 2958 924 3022 Deus,
954 2967 1014 3012 ut
1040 2957 1361 3027 parentibus
1394 2958 1602 3028 ignavis
1632 2960 1895 3026 pudorem
1936 2958 2226 3016 incuteret.

832 3050 931 3104 Hic
989 3065 1207 3120 quoque
1257 3047 1349 3102 Dei
1395 3047 1794 3120 providentiam
1843 3062 2141 3118 curamque
2192 3050 2327 3106 mihi

2513 3055 2656 3108 Ἀλλ’
2714 3058 2815 3127 ὅρα
2860 3058 3140 3114 κάνταῦθα
3189 3059 3521 3131 κηδεμονίαν
3552 3062 3725 3118 θεοῦ.
3782 3053 4010 3125 Ἐπε.δὴ

760 3140 1136 3196 considerato.
1192 3139 1329 3194 Cum
1358 3139 1556 3193 animal
1592 3139 1696 3193 hoc
1716 3139 1972 3193 timidum
2009 3140 2081 3193 sit
2111 3155 2174 3195 ac
2202 3158 2330 3210 pro-

2448 3147 2541 3217 γὰρ
2572 3150 2725 3202 τουτὶ
2773 3150 2833 3202 τὸ
2863 3150 3021 3215 ζῶον,
3050 3153 3082 3222 ἡ
3115 3153 3309 3221 ἔλαφος
3362 3155 3627 3224 δηλονότι,
3651 3158 3823 3210 δειλόν
3858 3163 4000 3221 ἐστι.

776 3242 965 3297 pterea
998 3244 1277 3298 nunquam
1325 3244 1435 3282 non
1476 3235 1666 3281 utatur
1716 3243 1905 3296 cursu,
1945 3229 2108 3284 talem
2155 3246 2331 3287 cervae
2360 3216 2402 3273 θ

762 3332 1099 3375 structuram
1166 3320 1311 3374 Deus
1374 3318 1577 3381 effecit,
1618 3328 1677 3371 ut
1727 3319 1870 3374 fetus
1912 3335 2041 3375 suos
2084 3322 2140 3375 in
2184 3330 2338 3376 utero

764 3412 901 3464 citra
955 3409 1256 3478 periculum
1298 3409 1467 3463 ullum
1516 3419 1693 3478 gestet
1740 3424 1803 3463 ac
1856 3411 2109 3465 retineat.
2189 3410 2342 3467 Patet

766 3500 872 3554 hoc
898 3500 967 3554 de
1000 3500 1104 3553 illis
1133 3499 1296 3554 etiam
1332 3515 1450 3568 quae
1477 3497 1599 3554 Jobi
1627 3499 1751 3554 libri
1781 3501 2157 3557 continentur.
2203 3502 2338 3557 Nam

766 3590 836 3644 ad
865 3590 1040 3644 virum
1078 3588 1229 3642 illum
1274 3589 1519 3655 beatum,
1568 3605 1693 3643 cum
1739 3591 2046 3661 disceptare
2076 3608 2198 3647 cum
2231 3593 2342 3649 Deo

765 3681 953 3743 vellet,
988 3680 1131 3733 inter
1167 3679 1271 3732 alia
1302 3678 1449 3732 Deus
1481 3678 1585 3733 hoc
1626 3695 1842 3749 quoque
1886 3682 2127 3752 profert:
2192 3681 2340 3737 «Tun

759 3769 1073 3824 observasti
1120 3779 1311 3838 partus
1355 3782 1663 3836 cervarum,
1705 3784 2009 3836 mensesve.
2041 3775 2341 3828 numerasti

762 3858 970 3927 quibus
1003 3866 1219 3912 uterum
1251 3856 1432 3911 ferunt
1452 3856 1567 3911 “?i
1614 3858 1748 3913 Mira
1776 3869 1924 3915 certe
1970 3877 2058 3916 res
2096 3873 2203 3927 eat,
2251 3864 2343 3934 qui

774 3948 869 3999 fiat
923 3956 985 4000 ut
1028 3962 1192 4001 cerva
1244 3946 1463 4017 fugiens
1523 3961 1588 4002 ac
1636 3957 1923 4018 tantopere
1976 3952 2177 4008 saliens
2234 3968 2343 4009 nou

771 4037 1028 4093 abortiat.

832 4151 955 4205 'lloc
989 4152 1154 4206 etiam
1191 4160 1384 4220 praeter
1411 4152 1517 4222 jam
1547 4150 1784 4207 indicata
1816 4153 1883 4207 de
1915 4167 2081 4209 cervo
2106 4170 2348 4212 comme-

758 4252 1036 4307 moratur,
1068 4246 1214 4311 quod
1246 4242 1459 4296 narium
1496 4244 1690 4313 spiritu
1721 4254 2011 4313 serpentes
2052 4260 2084 4301 e
2115 4245 2346 4306 latebris

754 4335 890 4389 suis
913 4334 1166 4388 extrahat
1194 4343 1357 4402 atque
1408 4335 1651 4389 devoret.
1712 4335 1921 4389 Veneni
1964 4348 2146 4393 autem
2195 4349 2344 4394 metu

770 4426 984 4481 cancris
1035 4426 1296 4493 vescitur,
1354 4441 1526 4497 eaque
1572 4427 1783 4482 ratione
1824 4428 2139 4485 detrimenti
2202 4432 2341 4487 nihil

774 4517 997 4584 accipit.

844 4608 1007 4662 Fiber
1037 4622 1159 4661 cum
1196 4621 1225 4659 a
1260 4607 1614 4662 venatoribus
1648 4618 1873 4679 urgetur
1899 4613 2353 4681 persequentibus

772 4700 955 4768 ipsum
997 4698 1313 4768 genitalium
1368 4698 1739 4752 membrorum
1791 4714 1978 4764 causa,
2011 4717 2200 4771 .seque
2242 4720 2352 4757 non

769 4802 1071 4843 evasurum
1102 4787 1487 4842 animadvertit
1513 4828 1530 4853 ,
1578 4789 1825 4857 praecidit
1871 4804 1936 4845 ea
1960 4830 1974 4854 ,
2000 4792 2353 4862 venalorique

775 4881 995 4950 objicit.
1038 4878 1244 4943 Quodsi
1288 4877 1588 4932 secundum
1620 4879 1725 4933 hoc
1754 4880 1895 4934 alius
1928 4881 2147 4951 quidam
2182 4899 2349 4938 vena-

775 4983 863 5024 tor
904 4970 1161 5024 eumdem
1198 4978 1574 5037 persequatur,
1610 4968 1863 5038 supinum
1896 4981 2071 5025 semet
2117 4972 2346 5041 abjicit;

774 5064 847 5115 de
880 5077 987 5128 quo
1012 5070 1237 5113 venator
1263 5059 1649 5112 animadverso
1674 5062 1997 5117 necessariis
2025 5078 2148 5117 eum
2179 5078 2353 5119 mem-

773 5153 893 5207 bris
923 5150 1170 5212 destitui,
1208 5152 1435 5203 missum
1473 5148 1626 5205 facit.

854 5243 961 5312 56
990 5240 1169 5306 Quaﬁl‘i
1203 5250 1258 5294 et
1288 5240 1391 5295 hoc
1420 5242 1579 5308 solet,
1632 5242 1983 5311 quamobrem
2020 5244 2075 5297 in
2108 5244 2345 5313 quadra.

770 5333 1010 5402 pedibus
1046 5346 1111 5386 ac
1165 5331 1391 5399 reliquis
1426 5331 1754 5387 animalibus
1793 5333 2110 5401 simpliciter
2147 5350 2209 5389 ac
2237 5335 2353 5404 ple-

769 5436 1010 5490 rumque
1068 5420 1212 5475 fetus
1271 5430 1567 5492 parentum
1632 5420 2044 5479 similitudinem
2114 5424 2356 5478 referant

771 5515 951 5585 magis
1008 5528 1170 5583 quam
1204 5514 1259 5567 in
1294 5514 1653 5568 hominibus!
1709 5514 1977 5579 Quoniam
2012 5515 2175 5570 homo
2204 5516 2355 5570 varie

764 5608 1063 5660 consuevit
1105 5604 1330 5661 aﬂ‘ectus
1363 5619 1486 5660 esse
1538 5604 1743 5671 animo,
1777 5606 1935 5661 etiam
1966 5608 2083 5676 ipso
2106 5620 2356 5662 venereae

842 5776 889 5804 “
920 5771 1024 5829 ὕοι)
1062 5785 1249 5830 xxxtx,
1291 5771 1337 5823 l.

2440 3242 2535 3293 καὶ
2568 3242 2656 3295 διὰ
2688 3242 2846 3294 τοῦτο
2876 3245 3076 3311 φυγαῖς
3101 3245 3187 3296 ἀεί
3227 3261 3357 3297 ποτε
3387 3247 3671 3316 κέχρηται,
3737 3264 4012 3318 προκατε-
4031 3246 4043 3258 ’

2449 3332 2717 3386 σκεύασεν
2748 3334 2917 3407 αὐτὴν
2945 3333 3119 3396 ὀΘεὸς
3146 3333 3285 3387 ὥστε
3323 3340 3723 3409 παρακατέχειν
3746 3342 4011 3409 ἀσφαλῶς

2443 3423 2500 3473 ιν
2551 3424 2619 3491 τῇ
2667 3423 2851 3491 μήτρᾳ
2900 3422 2967 3489 τὰ
3020 3423 3217 3489 ἔγγονα
3248 3424 3439 3495 αὐτῆς.
3477 3428 3586 3479 Καὶ
3621 3427 3779 3496 δῆλον
3811 3431 3870 3480 ὲν
3902 3433 4015 3491 τοῖς

2443 3512 2549 3565 τῶν
2582 3512 2986 3582 περιεχομένων
3009 3511 3085 3582 τῷ
3124 3513 3243 3567 Ἰὼϐ
3272 3515 3351 3584 τῷ
3399 3520 3653 3586 μακαρίῳ
3693 3520 3889 3589 ὲκείνῳ
3917 3523 4011 3573 ἀν-

2442 3605 2551 3675 δρί.
2605 3607 2922 3676 Τηνικαῦτα
2969 3609 3224 3678 κριθῆναι
3279 3612 3416 3678 μετὰ
3468 3610 3603 3663 Θεοῦ
3658 3612 3865 3680 ἐζήτει,
3925 3618 4020 3668 καὶ

2444 3697 2567 3750 τάδε
2600 3698 2733 3765 πρὸς
2765 3700 2874 3763 τοῖς
2919 3698 3100 3762 ἄλλοις
3138 3700 3324 3769 ἔλεγεν
3359 3703 3387 3754 ὁ
3435 3702 3599 3765 Θεός·
3636 3721 3655 3754 ι
3712 3699 4017 3774 Ἐφὺλαξας

2446 3789 2641 3851 ὠδῖνας
2679 3789 2915 3858 ἐλάφων,
2944 3790 3254 3861 ἠρίθμησας
3283 3792 3338 3844 δὲ
3365 3793 3539 3861 μῆνας
3565 3794 3745 3845 αὐτῶν
3785 3797 4020 3864 πλήρεις

2444 3876 2702 3943 τοκετοῦ;
2740 3897 2759 3931 2
2795 3878 2989 3948 Θαῦμα
3025 3880 3117 3931 καὶ
3155 3880 3263 3948 γὰρ
3295 3880 3407 3943 πῶς
3433 3882 3466 3950 ἡ
3512 3880 3709 3949 ἔλαφος
3737 3882 4021 3951 φεύγουσα

2448 3972 2543 4025 καὶ
2563 3970 2655 4022 ἐπὶ
2673 3970 2931 4024 τοσοῦτον
2964 3970 3189 4040 πηδῶσα
3223 3971 3321 4024 οὑκ
3356 3971 3694 4041 ἀμϐλώσκιι.

2516 4148 2659 4218 Πρός
2702 4163 2767 4215 γε
2813 4149 2923 4211 τοῖς
2970 4148 3285 4218 εἰρημένοις
3323 4149 3419 4201 καὶ
3456 4149 3615 4203 τοῦτο
3658 4151 3786 4220 περὶ
3816 4152 4021 4222 ἐλάφου

2447 4237 2717 4306 λέγουσιν,
2764 4240 2891 4307 ’ὄτι,
2912 4238 3022 4292 τῶν
3051 4239 3217 4309 ῥινῶν
3258 4240 3530 4310 πνεύματι
3576 4244 3840 4312 ἀναφέρει
3897 4248 4027 4309 τοὺς

2448 4330 2599 4400 ὄφεις
2644 4330 2750 4383 ἀπὸ
2782 4329 2877 4382 τοῦ
2917 4330 3126 4396 φωλεοῦ
3167 4332 3258 4384 καὶ
3314 4333 3613 4398 κατεσθίει,
3649 4335 3727 4403 τῷ
3767 4336 3922 4405 φόϐῳ
3968 4339 4026 4390 δὲ

2448 4422 2539 4475 τοῦ
2568 4422 2651 4477 ίοῦ
2685 4424 2974 4493 καρκίνους
3016 4422 3185 4474 ἐσθίει
3215 4423 3309 4476 καὶ
3340 4424 3401 4479 οὐ
3432 4424 3749 4493 βλάπτεται.

2534 4600 2593 4652 ὐ
2622 4601 2681 4653 δέ
2732 4617 2795 4667 γε
2826 4602 3047 4670 κάστωρ
3078 4602 3206 4655 ὅταν
3255 4601 3359 4654 ὑπὸ
3407 4601 3723 4670 κυνηγετῶν
3751 4602 4027 4674 διώκηται

2448 4689 2538 4743 διὰ
2565 4690 2634 4742 τὰ
2675 4691 2968 4759 γεννητικὰ
2999 4690 3166 4744 αὑτοῦ
3206 4691 3393 4760 μόρια,
3447 4690 3543 4743 καὶ
3572 4690 3682 4761 γνῷ
3716 4692 3800 4744 ὃτι
3853 4711 4029 4746 κατα-

2448 4780 2806 4848 λαμϐάνεται,
2838 4780 3030 4833 κόπτει
3076 4779 3248 4833 ταῦτα
3286 4780 3379 4833 καὶ
3414 4780 3597 4848 ῥίπτει
3641 4772 3735 4849 τῷ
3771 4784 4023 4853 κυνηγῷ.

2451 4870 2514 4923 Ei
2543 4870 2597 4921 δὲ
2629 4871 2724 4922 καὶ
2760 4870 2899 4938 μετὰ
2948 4869 3124 4924 ταῦτα
3174 4868 3306 4939 παρ’
3342 4870 3531 4937 ἑτέρου
3570 4870 3828 4923 διώκεται
3856 4889 4029 4941 κυνη-

2450 4960 2573 5029 γοῦ,
2611 4960 2795 5030 ῥίπτει
2845 4962 3037 5013 ἑαυτὸν
3069 4957 3294 5012 ῦπτιονο
3346 4960 3440 5012 καὶ
3471 4960 3669 5029 νοήσας
3698 4961 3957 5015 ἐντεῦθεν
3995 4966 4024 5015 ό

2453 5050 2685 5118 κυνηγὸς
2715 5052 2798 5102 ὅτι
2841 5053 3117 5118 ἀναγκαῖα
3168 5052 3268 5103 οὐκ
3312 5049 3449 5118 ἔχει,
3490 5051 3765 5119 ἀναχωρεῖ
3797 5050 3897 5103 ἀπ’
3928 5055 4026 5105 αὐ-

2449 5158 2568 5195 του.

2527 5234 2648 5285 Ἔτι
2676 5232 2731 5286 δὲ
2763 5233 2857 5287 καὶ
2903 5232 3059 5285 τοῦτο
3097 5232 3302 5300 ζητεῖς,
3337 5232 3614 5301 ἀγαπητὲ,
3644 5235 3789 5292 τίνος
3833 5233 4029 5287 ἕνεκεν

2451 5327 2544 5380 ἐπὶ
2580 5326 2688 5379 τῶν
2732 5326 3078 5394 τετραπόδων
3123 5325 3217 5378 καὶ
3255 5323 3361 5375 τῶν
3384 5318 3592 5376 ’λοιπῶν
3640 5323 3799 5387 ζώων
3836 5326 4031 5390 ἁπλῶς

2451 5419 2519 5472 τὰ
2551 5418 2747 5485 ἔγγονα
2778 5418 2887 5478 τοῖς
2922 5413 3171 5483 γονεῦσιν
3204 5415 3500 5483 ὁμοιότητα
3527 5413 3810 5482 φέρουσιν⁹
3846 5416 3945 5468 ἐπὶ
3975 5417 4033 5468 δὲ

2452 5511 2561 5564 τῶν
2588 5508 2893 5579 ἀνθρώπων
2929 5506 2989 5559 οὗ
3039 5505 3329 5569 τοσοῦτον;
3358 5505 3502 5557 Διότι
3534 5505 3562 5557 ὁ
3594 5504 3693 5574 μὲν
3738 5506 4034 5575 ἄνθρωπος

2455 5601 2739 5671 πολλαχῶς
2763 5597 3060 5653 διατίθεται
3085 5596 3181 5668 τὴν
3206 5596 3381 5667 ψυχὴν
3409 5596 3633 5673 ὲνίαῠτῷ
3659 5595 3735 5668 τῷ
3773 5595 3875 5665 τῆς
3909 5612 4035 5649 συν-
