4204 6450
197 391 297 455 ίΞὸ

1453 399 1852 461 ANNALIUM
1899 400 2088 460 PARS
2128 401 2177 462 ῐ.

3312 405 3410 468 1⁵26

191 512 384 579 αφείας
438 513 646 584 καιρῷο
677 514 856 579 καθὼς
878 515 969 570 οῦν
998 518 1025 570 ὃ
1073 532 1133 569 τε
1164 514 1343 586 πατὴρ
1386 516 1480 570 καὶ
1508 517 1550 587 ή-
1574 518 1756 588 μήτηρ

1858 515 2268 570 consuetudinis
2288 522 2549 585 tempore.
2573 514 2738 586 igitur
2761 521 2918 584 prout
2949 521 3054 569 tam
3081 523 3233 586 pater
3258 534 3417 589 quam

191 601 532 665 διατεθῶσιν,
563 605 703 658 οὕτω
730 606 1064 661 ποικίλλεται
1099 611 1194 661 καὶ
1223 608 1291 660 τά
1329 608 1643 676 τικτόμενα.
1675 607 1757 661 Τὰ

190 692 247 746 5t
277 692 438 747 λοιπά
475 694 590 758 ζῶα
628 695 815 750 καθότι
844 697 995 750 οὐδέν
1027 697 1212 769 ἕτερον
1249 698 1586 752 διανοοῦνται
1613 698 1754 752 κατά

191 803 252 853 γε
281 785 374 838 τὸν
399 787 497 855 τῆς
533 787 826 855 συναφείας
861 787 1074 857 καιρὸν,
1109 788 1247 842 κατά
1270 787 1427 841 τοῦτο
1451 789 1546 842 καὶ
1573 788 1641 841 τὰ
1669 787 1759 856 ιγ-

193 893 324 943 γονα
355 880 701 932 παντάπασιν
739 881 901 948 ὃμοια
945 881 1242 935 τίκτουσιν.
1288 883 1380 951 Μή
1416 880 1658 951 θαύμαζε
1701 880 1757 934 δι

194 967 310 1032 εἴγε
345 967 492 1036 παρὰ
532 968 643 1030 τοῖς
694 969 1004 1039 ἀνθρώποις
1038 971 1218 1034 αὐτοῖς
1259 971 1545 1040 ὁμοιώσεις
1574 987 1633 1024 τε
1664 970 1758 1022 καὶ

193 1055 551 1124 ἀνομοιώσεις
587 1058 724 1128 πρὸς
771 1061 894 1121 τοὺς
952 1062 1286 1132 γεννήτορας
1330 1062 1397 1115 τὰ
1461 1063 1759 1130 τικτόμενα

195 1145 478 1214 φέρουσιν.
514 1144 640 1200 υίον
679 1149 780 1218 μὶν
812 1151 921 1221 γάρ
953 1150 1065 1204 τῶν
1101 1153 1428 1222 σπερμάτων
1453 1153 1510 1205 tv
1530 1155 1597 1222 τῇ
1633 1153 1760 1206 ἀνα-

192 1235 392 1304 φύρσει
423 1238 518 1288 καὶ
546 1237 795 1308 ἀναμίξει
839 1242 1299 1311 ιπικρατέστερον
1327 1243 1576 1310 γένηται,
1619 1242 1760 1312 πρὸς

193 1327 372 1378 έκεῖνο
407 1329 501 1380 καὶ
535 1329 595 1380 τὸ
640 1329 732 1381 τοῦ
791 1329 1161 1401 πλαττομένου
1207 1329 1346 1395 εἶδος
1383 1333 1536 1402 φέρει
1581 1333 1680 1401 τὴν
1707 1335 1760 1385 ὁ-

199 1407 483 1488 μοιότητα.
519 1419 581 1472 El
606 1420 662 1473 ὁὶ
688 1419 757 1474 τά
790 1421 1080 1490 σπέρματα
1109 1423 1482 1493 συγκραθέντα
1525 1423 1613 1476 tn'
1637 1424 1758 1495 ίσης

194 1507 309 1576 ἔχει
341 1509 475 1577 πρδς
509 1509 738 1580 ἀλληλα,
776 1512 897 1566 τότε
923 1511 984 1564 τὸ
1013 1513 1304 1582 γενόμενον
1332 1513 1454 1583 ίσην
1482 1513 1598 1584 ιχει
1622 1515 1760 1583 πρός

191 1614 250 1650 τε
283 1601 344 1651 st
399 1599 529 1666 θῆλυ
570 1603 663 1656 καὶ
705 1603 765 1655 τὸ
799 1602 965 1673 ἀρρεν
1019 1605 1119 1674 τήν
1149 1603 1466 1673 ὁμοιότητα,
1511 1607 1759 1660 τουτέστι

193 1691 684 1761 πατρομητρόμοια
702 1692 770 1745 τά
788 1693 1103 1763 γεννώμενα
1129 1697 1395 1748 τίκτεται.
1418 1695 1686 1758 Πολλάκις
1702 1695 1759 1749 δι

190 1780 401 1849 καὶτῆς
423 1783 679 1848 γυναικὸς
702 1785 1003 1852 φαντασίαν
1025 1785 1083 1837 tv
1101 1787 1216 1849 ταῖς
1235 1785 1472 1854 ὁμιλίαις
1489 1786 1760 1858 λαϐούσης

189 1866 411 1939 τοῦδεή
457 1869 620 1938 τῆσδε
660 1872 794 1940 πρὸς
829 1872 889 1925 τὸ
935 1871 1241 1940 φαντασθὶν
1293 1871 1653 1937 ἀπεικάζεται
1700 1874 1760 1926 τὸ

190 1959 498 2028 γινόμενον.
525 1959 592 2014 Ὀ
625 1961 687 2031 δή
731 1963 824 2014 καὶ
871 1963 1108 2033 ἀῤῥητόν
1150 1980 1272 2016 τινα
1309 1965 1402 2018 καὶ
1447 1964 1760 2033 θαυμαστὸν

189 2045 306 2116 εχει
367 2047 459 2100 τὸν
516 2049 692 2117 λόγον.
726 2052 836 2104 Καὶ
873 2053 1034 2106 ἀκουε
1091 2051 1143 2105 τί
1179 2069 1313 2122 φησι
1372 2053 1759 2124 Διοσκουρίδης

193 2137 324 2207 περί
354 2155 497 2202 τινος
528 2139 889 2210 Στρατονίκου
921 2141 1019 2209 τῆς
1054 2142 1302 2207 Σικελίας
1351 2143 1597 2215 ἀρχηγοῦ
1628 2161 1761 2215 χρη-

191 2229 534 2298 ματίσαντος.
580 2232 814 2296 Ἐκεῖνος
837 2232 944 2302 γὰρ
984 2234 1078 2288 καὶ
1104 2235 1137 2304 ή
1163 2233 1330 2288 αὐτοῦ
1362 2234 1595 2304 σύζυγος
1621 2236 1757 2289 δυσ·

187 2321 352 2385 ειδείς
405 2322 502 2388 μιν
555 2323 735 2386 ὄντες,
816 2324 1100 2394 έφιέμενοι
1135 2326 1192 2379 δι
1250 2327 1482 2381 παιδίων
1537 2327 1759 2381 εὐειδῶν

195 2411 530 2478 χρηματίσαι
577 2413 921 2483 γεννήτορες,
967 2414 1209 2470 τοιοῦτόν
1263 2433 1315 2470 τι
1369 2418 1757 2488 ἑμηχανῶντο·

208 2495 428 2569 ἐώρων
449 2501 514 2554 τά
548 2501 758 2569 είδωλα,
789 2504 960 2573 ήγουν
998 2506 1137 2559 αὒτά
1173 2506 1242 2560 τά
1294 2507 1612 2577 ἀγάλματα,
1665 2510 1761 2564 xui.

197 2585 343 2640 οῦτω
380 2588 727 2658 μιγνυμένων
766 2592 946 2645 αὐτῶν
982 2593 1116 2662 πρὸς
1158 2595 1260 2665 τὴν
1289 2594 1396 2649 τῶν
1429 2597 1759 2668 ἀγαλμάτων

193 2675 453 2746 ὁμοίωσιν
507 2679 568 2730 τὸ
599 2679 799 2750 βρέφος
852 2682 1034 2746 αὐτοῖς
1085 2685 1452 2742 διεπλάττετο.
1505 2686 1674 2741 Τοῦτο
1705 2688 1760 2741 δὲ

193 2767 292 2819 καὶ
324 2768 417 2821 έπὶ
449 2769 625 2822 κυνῶν
672 2771 820 2824 ἔστιν
865 2772 992 2824 ίδεῐν
1017 2789 1035 2808 ο
1065 2773 1166 2842 τῆς
1217 2776 1328 2846 γάρ
1367 2777 1551 2844 ὀχείας
1579 2777 1760 2840 αὐτοις

190 2859 487 2929 γινομένης
515 2861 651 2930 πρὸς
675 2861 703 2914 ὁ
732 2862 857 2925 τοὺς
883 2857 1039 2926 ὦπας
1063 2865 1340 2934 ἀντερείσει
1368 2868 1429 2921 τὸ
1449 2867 1602 2938 θῆλυ,
1624 2870 1761 2938 πρὸς

189 2951 370 3003 ἐκεῖνο
397 2953 490 3004 καὶ
513 2953 545 3021 ή
572 2953 829 3022 ὁμοίωσις
859 2953 1090 3022 γίνεται.
1130 2957 1291 3010 Ἀλλά
1322 2958 1433 3028 γὰρ
1463 2959 1552 3013 τὸν
1583 2963 1760 3030 σοφώ·

119 3048 122 3051 ’
189 3056 358 3093 τατον
389 3041 626 3113 Γαληνὸν
655 3044 984 3115 εὑρίσκομεν
1009 3046 1086 3117 τῷ
1120 3049 1399 3118 κεφαλαίῳ
1442 3051 1578 3120 τῷδε
1608 3069 1760 3105 συνο-

1859 616 2031 660 mater
2089 605 2269 661 allecti
2321 606 2545 670 fuerint,
2593 605 2752 660 etiam
2785 621 2902 676 quae
2931 606 3224 677 gignuntur
3271 613 3419 664 varia

1857 706 1985 751 sunt
2016 712 2079 752 ac
2119 697 2354 752 diversa.
2411 697 2622 752 Caetera
2670 712 2801 752 vero
2847 698 3106 752 animalia
3153 707 3420 769 quatenus

1859 795 2108 856 tempore
2171 787 2430 842 coitionis
2480 788 2624 842 aliud
2684 787 2819 842 nihil
2872 789 3133 857 cogitant,
3193 800 3420 846 eatenus

1857 875 2022 930 etiam
2055 875 2201 930 fetus
2233 877 2456 931 omnino
2483 877 2583 931 sibi
2615 877 2932 931 consimiles
2955 889 3267 946 procreant.
3327 881 3422 935 Est

1859 973 1915 1020 et
1945 965 2046 1018 alia
2074 981 2262 1032 causa,
2292 965 2644 1033 quamobrem
2699 963 2895 1019 mirum
2947 966 3042 1019 tibi
3088 967 3259 1021 videri
3310 984 3417 1021 non

1859 1055 2053 1109 debeat
2093 1057 2372 1109 hominum
2429 1055 2671 1110 sobolem
2735 1058 2928 1124 partim
2979 1056 3182 1110 referre
3219 1059 3421 1127 partim

1859 1161 1965 1200 non
2024 1146 2230 1201 referre
2280 1157 2566 1216 parentum
2607 1146 3048 1200 similitudinem.
3105 1145 3237 1199 Nam
3301 1163 3425 1214 qua!

1861 1252 1988 1306 pars
2015 1237 2238 1292 seminis
2261 1237 2316 1290 in
2348 1237 2729 1291 commistione
2758 1237 2815 1290 fit
2848 1235 3134 1300 eﬂieacior,
3185 1237 3250 1292 ad
3301 1252 3419 1291 eam

1860 1327 2032 1381 forma
2067 1341 2286 1398 quoque
2337 1327 2483 1380 illius
2514 1329 2655 1396 quod
2696 1327 2914 1393 fingitur
2946 1325 3241 1381 adsimilari
3263 1327 3420 1384 solet.

1860 1417 2062 1484 Quodsi
2128 1419 2334 1471 semina
2395 1427 2694 1486 temperata
2759 1417 3033 1486 mistaque
3106 1433 3292 1487 parem
3366 1419 3419 1471 in

1861 1517 2153 1575 utramque
2186 1505 2394 1577 partem
2426 1509 2534 1561 vim
2591 1508 2847 1573 habeant,
2892 1517 3003 1562 tum
3046 1508 3096 1561 id
3127 1510 3267 1577 quod
3302 1524 3426 1576 prn-

1860 1607 2078 1654 creatur
2106 1614 2172 1652 ex
2201 1612 2356 1667 aequo
2389 1607 2494 1652 tam
2529 1596 2694 1650 maris
2723 1611 2885 1665 quam
2925 1596 3142 1650 femina:
3173 1596 3422 1650 similitu-

1861 1689 2042 1744 dinem
2065 1688 2249 1751 refert,
2272 1689 2374 1742 hoc
2387 1698 2488 1751 est,
2512 1687 2747 1758 gignitur
2759 1687 2978 1741 soboles
3000 1687 3139 1756 patri
3158 1687 3425 1754 matrique
3451 1681 3454 1686 ’

1862 1781 2061 1851 pariter
2102 1780 2314 1834 similis.
2383 1779 2772 1847 Saepenumero
2819 1778 2864 1832 si
2915 1778 3026 1832 sola
3079 1776 3280 1830 femina
3333 1777 3416 1830 vel

1865 1870 2028 1938 hujus
2072 1869 2157 1922 vel
2209 1869 2352 1922 illius
2405 1867 2849 1938 imaginationem
2898 1865 2952 1919 in
3006 1876 3129 1920 actu
3188 1879 3424 1919 venerea

1861 1960 2169 2029 concipiat,
2215 1957 2433 2013 soboles
2483 1958 2532 2011 ei
2591 1959 2650 2010 fit
2697 1957 2889 2011 similis
2927 1955 3085 2025 cujus
3138 1955 3424 2024 imaginem

1860 2051 2002 2120 apud
2036 2052 2280 2105 animum
2319 2049 2668 2104 informabat.
2717 2048 2847 2113 Qua:
2876 2063 2960 2102 res
2990 2045 3423 2116 inexplicabilem

1860 2142 2148 2213 quamdam
2183 2142 2493 2211 miramque
2542 2141 2810 2194 rationem
2866 2138 3045 2194 habet.
3104 2137 3241 2191 Audi
3293 2138 3424 2206 quid

1861 2235 2208 2292 Dioscorides
2258 2237 2325 2290 de
2374 2235 2609 2304 quodam
2656 2233 2970 2288 Stratonice
3027 2231 3227 2287 Sicilia:
3283 2234 3426 2288 duce

1861 2326 2059 2382 tradat.
2109 2325 2162 2380 Is
2191 2341 2312 2379 cum
2346 2324 2611 2380 deformis
2647 2336 2794 2379 esset
2837 2325 3131 2392 itidemque
3173 2323 3427 2393 uxor-{ip-

1861 2419 1996 2482 sius,
2029 2433 2092 2473 ac
2122 2417 2481 2472 nihilominus
2508 2417 2728 2489 gignere
2781 2417 2985 2471 liberos
3031 2416 3299 2470 formosos
3333 2429 3433 2469 ουρ

1859 2516 2072 2578 perent,
2093 2506 2407 2577 huiusmodi
2440 2505 2694 2576 quiddam
2745 2505 3125 2561 moliebantur.
3147 2504 3426 2574 [nspecta-

1862 2596 1994 2651 bant
2027 2597 2294 2667 imagines
2327 2604 2383 2650 et
2415 2596 2562 2665 picta
2599 2594 2914 2659 simulacra,
2947 2608 3179 2662 cumque
3227 2593 3424 2647 deinde

1862 2687 2050 2743 liberis
2085 2702 2303 2756 operam
2337 2685 2641 2747 dedissent,
2681 2680 2859 2737 infans
2888 2683 2955 2737 ad
3002 2683 3296 2753 imaginum
3347 2684 3425 2736 si-

1861 2779 2224 2834 militudinem
2261 2777 2636 2832 conformatus
2672 2775 2792 2828 fuit.
2837 2773 2950 2828 Hoc
2977 2784 3030 2828 et
3062 2774 3320 2828 caniculae
3348 2774 3429 2827 vi-

1862 2869 1991 2923 dere
2014 2877 2096 2922 est
2126 2867 2453 2921 usuvcnire:
2501 2878 2624 2918 cum
2668 2865 2813 2916 enim
2855 2849 3057 2917 coeunt
3093 2877 3277 2926 canes,
3315 2871 3432 2916 tum

1861 2959 2006 3026 quod
2039 2956 2232 3011 deﬁxis
2265 2955 2437 3011 oculis
2471 2954 2724 3008 canicula
2767 2962 3079 3016 contuetur,
3113 2953 3232 3022 ejus
3276 2954 3429 3007 simi-

1860 3047 2148 3101 litudinem
2190 3045 2332 3100 fetus
2365 3044 2552 3097 refert.
2600 3043 2888 3097 Consentit
2918 3042 3020 3096 hac
3062 3042 3115 3095 in
3142 3051 3294 3111 parte
3323 3057 3425 3094 no-

196 3132 553 3201 μολογοῦντα,
593 3137 690 3188 καὶ
714 3135 856 3189 οὕτω
881 3137 1024 3190 κατά
1063 3138 1214 3207 ῥῆμα
1250 3137 1478 3206 λέγοντα
1503 3154 1519 3171 ο
1549 3158 1567 3191 ι
1606 3140 1759 3208 Ἐμοὶ

1863 3138 2070 3192 hiscum
2105 3135 2454 3189 doctissimus
2505 3134 2596 3188 ille
2641 3133 2900 3197 Galenus,
2947 3133 3103 3201 cujus
3148 3133 3261 3185 haec
3312 3131 3427 3200 ipsa

188 3225 246 3278 δι
277 3227 376 3278 καὶ
397 3225 551 3292 λόγος
579 3241 662 3288 τις
692 3227 916 3298 ἀρχαῖος
938 3229 1209 3299 ιμήνυσεν
1232 3229 1313 3283 ὅτι
1349 3229 1457 3284 τῶν
1493 3232 1757 3302 ἀμόρφων

187 3334 276 3379 τις
348 3315 624 3368 δυναστῶν
694 3316 968 3388 εὔμορφον
1015 3319 1274 3387 γεννῆσαι
1337 3320 1504 3374 θέλων
1546 3323 1755 3376 παιδίον

187 3407 414 3477 έποίησε
451 3407 658 3477 γράψαι
699 3411 756 3461 tv
801 3407 1008 3462 πλατεῐ
1055 3409 1194 3479 ξύλῳ
1239 3412 1437 3474 εὑειδδς
1464 3412 1589 3466 ἀλλο
1625 3430 1757 3467 παιο

184 3476 342 3557 δίον,
389 3496 480 3546 καὶ
511 3476 663 3562 ελεγι
717 3498 781 3566 τῇ
832 3496 1054 3562 γυναικὶ
1109 3476 1274 3550 αὸτοῦ
1308 3501 1756 3570 συμπλεκόμενος

191 3584 330 3652 πρὸς
358 3584 564 3636 tmtva
594 3584 686 3637 τὸν
735 3585 904 3638 τύπον
965 3587 1066 3656 τῆς
1125 3587 1348 3658 γραφῆς
1387 3591 1541 3661 ὁρᾷν.
1584 3593 1648 3644 Ἦ
1700 3593 1758 3647 6t

187 3671 378 3733 emt;
411 3671 702 3740 βλέπουσα,
741 3673 836 3726 καὶ
867 3674 941 3738 ὡς
976 3674 1123 3729 ἔστιν
1154 3677 1330 3731 εἰπεῖν
1364 3678 1482 3732 δλον
1509 3681 1600 3733 τὸν
1631 3681 1756 3736 νοῦν

184 3765 368 3818 ικεῐσε
393 3764 894 3834 προσεπιφέρουαα,
917 3766 1039 3836 οὐχὶ
1055 3765 1132 3836 τῷ
1171 3771 1489 3840 γεννήσαντι
1518 3771 1654 3825 ἀλλὰ
1679 3773 1756 3842 τῷ

183 3853 559 3923 γεγραμμένῳ
574 3854 757 3922 ὅμοιον
773 3854 1007 3908 ἀπέτεκε
1023 3856 1081 3909 τὸ
1097 3858 1307 3912 παιδίον
1325 3861 1464 3914 κατὰ
1479 3861 1750 3933 τήνὸψινδ

261 3944 327 3997 Ei
364 3944 422 3997 δὲ
450 3944 546 3998 καὶ
587 3945 716 4015 περὶ
751 3944 967 4014 φύσεως
1004 3946 1183 4017 ὁφεων
1221 3949 1400 4019 βούλει
1442 3955 1638 4022 μαθείν
1669 3971 1757 4008 τι·

185 4053 323 4099 νων,
355 4037 383 4088 ὁ
415 4034 712 4106 Νίκανδρος
739 4038 845 4108 πρὸ
874 4037 979 4093 τῶν
1002 4039 1179 4094 ἄλλων
1204 4042 1403 4108 διδάξει
1444 4059 1528 4099 σε.
1551 4045 1757 4100 Αὐτίκα

185 4128 302 4197 γάρ
336 4127 396 4178 tv
413 4128 524 4189 τοις
555 4125 742 4179 ιπεσιν
772 4126 938 4181 αὐτοῦ
968 4130 1063 4182 καὶ
1090 4129 1214 4184 τάδε
1238 4133 1366 4202 περὶ
1397 4134 1502 4189 τῶν
1533 4134 1758 4204 έχιδνῶν

187 4219 422 4284 ίστορεί.
463 4215 528 4270 Ἦ
557 4215 756 4288 θήλεια
781 4217 894 4288 ιχις
928 4218 1014 4273 διὰ
1044 4219 1142 4274 τοῦ
1167 4223 1433 4291 στόματος
1473 4225 1644 4296 αὐτῆς
1673 4226 1758 4281 δε-

187 4309 398 4378 χομένη
432 4309 530 4377 τήν
565 4307 808 4379 κεφαλὴν
845 4309 938 4364 τοῦ
979 4310 1233 4381 ἄρρενος,
1262 4308 1355 4366 καῖ
1391 4314 1535 4369 οὕτω
1571 4333 1759 4371 συνευ-

185 4399 466 4470 ναζομένη
489 4403 707 4472 ἀναιρεῖ
722 4403 906 4460 αὐτόν.
936 4402 1027 4468 Είς
1043 4406 1324 4474 ἐκδίκησιν
1345 4405 1459 4475 οὖν,
1489 4410 1564 4475 ὡς
1584 4412 1751 4478 tetas,

1861 3227 2024 3282 verba
2055 3236 2215 3281 sunt:
2259 3225 2464 3279 «Etiam
2497 3223 2565 3279 de
2595 3224 2908 3278 narratione
2955 3223 3132 3293 prisca
3181 3223 3425 3277 intellexi

1857 3319 2033 3372 virum
2088 3318 2374 3387 quemdam
2433 3316 2770 3386 principem,
2823 3315 2912 3383 qui
2966 3315 3119 3368 vultu
3167 3315 3428 3370 deformis

1859 3418 2022 3471 esset,
2058 3422 2181 3462 cum
2211 3407 2380 3461 filium
2413 3420 2701 3476 procreare
2737 3404 3032 3459 formosum
3057 3405 3238 3470 vellet,
3272 3405 3426 3458 uxori

1859 3501 2166 3559 mandasse,
2223 3498 2435 3553 medios
2485 3498 2630 3551 Inter
2677 3496 2980 3567 amplexus,
3042 3495 3320 3566 eleganter
3366 3505 3426 3550 ut

1859 3603 2175 3658 expressam
2205 3588 2413 3659 pictura
2447 3589 2676 3643 formam
2714 3588 2867 3658 pueri
2912 3588 3200 3658 dil’genter
3238 3587 3422 3642 intue-

1859 3688 2042 3745 retur;
2070 3679 2214 3748 quod
2253 3695 2376 3736 cum
2410 3680 2498 3734 illa
2522 3679 2717 3735 deﬁxis
2746 3680 2800 3733 in
2831 3679 2972 3733 hanc
2995 3679 3168 3734 oculis
3195 3677 3420 3743 faceret,

1859 3783 2208 3841 mentemque
2254 3780 2445 3836 totam,
2482 3781 2539 3825 ut
2572 3771 2650 3826 sic
2711 3771 2922 3840 loquar,
2969 3785 3036 3826 eo
3062 3781 3422 3834 converteret,

1858 3876 1965 3915 non
1994 3860 2132 3930 patri
2155 3858 2252 3915 sed
2278 3859 2500 3930 imagini
2528 3860 2684 3930 pictas
2707 3859 3043 3915 consimilem
3073 3861 3218 3919 vultu
3252 3859 3422 3915 illium

1858 3953 1911 4006 in
1948 3951 2122 4007 lucem
2158 3951 2228 4006 ab
2257 3951 2368 4021 ipsa
2395 3952 2602 4006 editum
2639 3966 2812 4006 esse.»

1924 4040 2129 4109 Quodsi
2161 4042 2228 4097 de
2267 4053 2586 4112 serpentum
2631 4041 2991 4112 quorumdam
3034 4049 3227 4096 natura
3269 4041 3426 4111 cupis

1854 4135 2056 4207 aliquid
2089 4148 2442 4205 cognoscere,
2473 4133 2743 4188 Nicander
2776 4147 2938 4201 supra
2967 4145 3195 4186 caeteros
3231 4141 3283 4186 te
3325 4131 3426 4185 do-

1855 4227 2016 4283 cebit.
2050 4226 2238 4280 Tradit
2280 4225 2326 4278 is
2356 4223 2410 4277 in
2441 4223 2550 4278 suis
2584 4223 2924 4293 poematibus
2945 4221 3176 4292 primum
3215 4221 3331 4277 hac
3358 4222 3424 4275 de

1855 4317 2079 4387 viperis.
2156 4313 2394 4370 Femclla
2439 4313 2607 4370 maris
2657 4323 2819 4382 caput
2879 4313 3144 4366 insertum
3193 4313 3275 4366 ori
3325 4327 3424 4366 suo

1856 4408 2151 4477 recipiens,
2183 4422 2352 4475 eoque
2382 4413 2541 4475 pacto
2579 4419 2638 4458 re
2677 4419 2799 4458 cum
2829 4402 2946 4472 ipso
2976 4402 3183 4467 habita,
3215 4417 3420 4457 marem

185 4493 285 4547 τοῦ
329 4493 540 4563 πατρὸς
568 4494 854 4564 ἀναιροῦσι
898 4496 998 4566 τὴν
1044 4499 1258 4568 μητέρα
1305 4499 1375 4553 τά
1429 4502 1666 4570 ἔγγοναο
1696 4507 1755 4559 tv

1860 4507 2038 4554 necat.
2094 4497 2279 4567 Itaque
2306 4496 2637 4556 vindicandi.
2669 4494 3128 4565 quemadmodum
3161 4509 3293 4548 sane
3334 4497 3420 4547 vi-

184 4587 299 4656 γὰρ
339 4584 416 4654 τῷ
445 4585 539 4638 τοῦ
587 4587 814 4640 τοκετοῦ
852 4589 1028 4658 καιρῷ
1072 4589 1171 4660 τὴν
1203 4591 1468 4664 μητρῴαν
1494 4595 1758 4668 διαρῤήσ·

184 4695 346 4732 σουσι
387 4677 550 4748 νηδὺν
585 4680 680 4732 καὶ
719 4678 891 4742 οὕτως
925 4681 1260 4752 έξέρχονται.
1297 4685 1454 4740 Κατά
1479 4686 1638 4742 τοῦτο
1664 4690 1756 4743 καὶ

180 4773 209 4823 ὸ
239 4768 339 4822 τοῦ
376 4768 576 4838 Κυρίου
642 4768 954 4840 Πρόδρομος
1004 4773 1319 4841 γεννήματα
1368 4774 1592 4844 ιχιδνῶν
1627 4779 1756 4840 τοὺς

196 4859 493 4923 Ἰουδαίους
530 4859 733 4925 ικάλει,
767 4862 860 4915 ἀτε
891 4861 956 4931 δή
975 4864 1101 4926 τοὺς
1138 4865 1422 4935 προφήτας
1461 4868 1554 4920 καὶ
1585 4868 1754 4922 πατέ-

185 4967 294 5022 ρας
336 4951 517 5005 αὐτῶν
567 4953 1017 5016 ἀποκτείναντας.
1065 4955 1127 5008 Ei
1183 4955 1240 5008 δὲ
1279 4959 1405 5027 περὶ
1433 4959 1557 5022 τοὺς
1600 4957 1751 5028 ὁφεις

183 5043 366 5106 οὕτως
413 5041 547 5112 Ιχει.
588 5042 706 5106 πῶς
745 5045 962 5112 νοητέον
995 5045 1056 5098 τὸ
1090 5047 1441 5115 εὐαγγελικὺν
1487 5050 1649 5119 ῥητὸν
1691 5052 1752 5104 τὸ

180 5134 350 5202 λέγον
371 5148 390 5166 ο
428 5151 447 5184 ι
482 5133 700 5186 Γίνεσθε
735 5135 984 5204 φρόνιμοι
1014 5136 1088 5199 ὡς
1117 5139 1166 5190 oi
1187 5138 1358 5207 ὁφεις,
1385 5141 1476 5193 καὶ
1507 5142 1754 5212 ἀκέραιοι

178 5222 258 5285 ὡς
304 5221 362 5274 at
418 5223 783 5293 περιστεραί;
821 5241 840 5276 ι
877 5225 1114 5294 πονηρὸς
1172 5229 1270 5294 μὲν
1311 5227 1404 5281 οὖν
1429 5232 1456 5284 ὁ
1509 5230 1630 5298 ὁφις
1660 5237 1756 5286 καὶ

178 5313 450 5374 κάκιστος
499 5310 736 5379 ἀληθῶς,
793 5312 932 5368 ἀλλά
980 5315 1072 5368 καί
1127 5332 1249 5370 τινα
1303 5319 1566 5388 κέκτηται
1607 5323 1685 5385 είς
1723 5322 1759 5375 ὁ.

179 5401 412 5472 βλέπειν
447 5403 856 5473 εγκελενόμεθα
909 5406 1006 5460 καὶ
1047 5407 1222 5462 ταῦτα
1265 5412 1578 5481 μιμείσθαι,
1636 5414 1760 5468 tusi.

179 5492 278 5546 καὶ
311 5492 345 5562 ἡ
380 5492 604 5561 μέλιττα
651 5493 1016 5566 θανατηφόρῳ
1047 5496 1404 5565 εφιζὰνουσα,
1436 5500 1463 5552 ὁ
1495 5499 1594 5570 μὲν
1623 5503 1761 5573 χρή·

179 5595 346 5651 σιμον
383 5581 596 5634 εκεῐθεν
681 5583 989 5651 ἐκλέγεται,
1035 5584 1064 5637 ὁ
1129 5584 1186 5638 δὲ
1262 5586 1536 5657 χείριστον
1569 5589 1762 5662 ,ἐκεῖσε

249 5733 302 5773 ⁵³
356 5737 486 5792 Luc.
526 5755 608 5803 Ill,
643 5739 696 5793 7.
771 5739 817 5772 "
848 5703 1040 5794 Matth.
1075 5756 1128 5805 κ,
1161 5743 1246 5796 ίϐ.

1856 4590 2038 4652 detur,
2071 4589 2240 4658 patris
2274 4601 2435 4641 causa
2462 4585 2608 4640 fetus
2637 4583 2834 4639 deinde
2863 4591 3091 4637 matrem
3125 4581 3229 4653 57
3260 4581 3426 4635 vicis-

1855 4681 1957 4737 sim
1984 4679 2280 4740 occidunt;
2331 4691 2456 4731 nam
2491 4685 2736 4746 tempore
2762 4684 2956 4744 partus
2996 4673 3172 4727 alvum
3222 4683 3428 4725 mater-

1855 4787 1979 4827 nam
2016 4778 2376 4841 perrumpunt
2404 4777 2565 4839 atque
2604 4769 2676 4822 ita
2707 4767 2761 4820 in
2794 4768 2970 4820 lucem
3000 4763 3289 4834 prodeunt.
3348 4763 3428 4816 Ea

1854 4862 1922 4918 de
1953 4873 2120 4917 causa
2157 4861 2469 4916 Pracursor
2499 4859 2587 4913 ille
2623 4855 2837 4912 Domini
2859 4856 3077 4911 Judcos
3123 4853 3429 4924 viperinam

1855 4952 2096 5008 sobolem
2135 4951 2442 5021 appellabat
2464 4949 2531 5016 “,
2567 4958 2626 5004 ut
2652 4948 2744 5018 qui
2777 4955 2926 5002 vates
2981 4953 3270 5015 patresque
3297 4956 3428 4997 suos

1857 5043 2210 5099 occidissent.
2252 5041 2456 5107 Quodsi
2486 5054 2573 5093 res
2600 5039 2681 5093 sic
2712 5044 3021 5106 comparata
3049 5043 3151 5097 est,
3185 5046 3424 5101 quonam

1860 5144 2016 5206 pacto
2043 5135 2267 5189 verbum
2311 5132 2441 5186 illud
2486 5131 2862 5201 evangelicum
2911 5137 2996 5183 est
3045 5125 3426 5196 accipiendum

1859 5241 1968 5297 quo
1995 5223 2196 5281 dicitur
2221 5242 2239 5279 ε’
2291 5223 2456 5279 «Sitis
2491 5223 2657 5277 astuti
2693 5231 2751 5276 ut
2798 5226 3105 5290 serpentes,
3143 5225 3199 5271 et
3225 5215 3428 5271 sinceri

1856 5329 1918 5376 ut
1947 5320 2212 5376 columbae
2229 5319 2275 5352 “
2295 5320 2344 5374 τι
2399 5318 2684 5389 improbus
2710 5313 2928 5385 quidem
2957 5327 3020 5366 ac
3059 5309 3433 5380 nequissimus

1858 5420 1943 5468 est
1970 5426 2160 5466 revera
2193 5425 2456 5480 serpens:
2507 5409 2601 5463 sed
2653 5417 2831 5461 tamen
2868 5405 3112 5475 quadam
3159 5401 3324 5455 habet
3373 5400 3428 5454 in

1859 5518 1981 5575 quae
2017 5502 2274 5573 iubemur
2311 5502 2513 5556 intueri
2553 5515 2726 5568 caque
2765 5497 2988 5553 imitari.
3047 5494 3182 5549 Nam
3213 5503 3269 5547 et
3305 5492 3427 5560 apis

1861 5594 1907 5650 si
1941 5593 2125 5649 frutici
2149 5593 2362 5649 cuidam
2386 5592 2620 5649 insideat
2640 5591 2876 5648 letaliter
2901 5588 3091 5654 noxio.
3115 5584 3260 5642 ouod
3290 5583 3429 5640 utile
