4204 6450
749 399 850 464 127

2015 405 2070 463 Μ
2081 403 2433 464 ICIIAELIS
2471 405 2730 465 GLYC/E

3871 405 3982 469 128

746 525 832 570 est
871 514 996 571 inde
1024 516 1229 587 scligit,
1273 531 1416 585 quoo
1452 517 1652 572 malum
1684 517 1910 571 missum
1943 515 2092 571 facit.
2147 516 2318 584 Igitur

2421 516 2636 586 ἀφίησι.
2709 516 2949 588 Πρόσεχε
2983 512 3097 572 οὖν.
3171 517 3230 571 Ὀ
3263 517 3384 585 δφις
3421 515 3757 584 τυπτόμενος
3792 517 3851 568 τὸ
3888 518 3996 583 μὲν

746 607 988 661 animum
1014 607 1146 660 mihi
1173 608 1330 661 velim
1349 609 1622 663 advertas.
1660 606 1900 677 Serpens
1918 623 2040 662 cum
2065 607 2311 672 caeditur,

745 711 948 764 corpus
977 699 1193 765 quidem
1225 699 1493 768 reliquum
1538 700 1708 770 plagis
1747 699 1991 769 exponit,
2037 707 2095 753 at
2133 699 2310 752 solum

745 798 906 856 caput
949 788 1101 857 tegit,
1131 790 1284 858 quasi
1334 791 1499 845 sciret
1540 806 1606 845 eo
1637 791 1800 845 vitam
1831 806 1984 845 suam
2019 789 2309 845 contineri.

745 874 834 929 Sic
865 876 1026 930 etiam
1064 893 1158 932 nos
1187 887 1428 948 tempore
1484 880 1880 948 persecutionis
1924 882 2103 936 facere
2144 881 2313 934 debe-

743 980 904 1019 mus:
939 967 1311 1035 relinquemus
1331 970 1532 1023 scilicet
1563 970 1773 1033 omnia,
1797 969 1958 1024 modo
1989 979 2150 1039 caput
2183 969 2315 1025 reti-

744 1069 971 1108 neamus
1008 1065 1171 1125 atque
1196 1071 1498 1122 servemus,
1528 1060 1673 1128 quod
1705 1060 1962 1115 Christus
1990 1070 2074 1114 est
2105 1069 2160 1114 et
2192 1062 2311 1129 ipsa

745 1146 899 1197 fides.
956 1144 1104 1198 ldcm
1138 1161 1363 1214 serpens
1405 1149 1498 1202 ubi
1525 1150 1890 1204 consenuitet
1913 1150 2193 1204 oculorum
2220 1151 2314 1205 he-

743 1234 1002 1288 betudine
1039 1236 1281 1291 laborare
1309 1238 1497 1306 cmpit,
1539 1241 1771 1308 primum
1803 1250 2169 1309 temperanter
2200 1242 2313 1295 vic-

649 1365 657 1372 .
749 1325 871 1378 titat
899 1334 952 1380 ct
973 1327 1192 1395 jejunus
1217 1328 1531 1396 aliquandiu
1565 1340 1767 1395 manet,
1798 1331 1996 1386 deinde
2016 1347 2113 1401 per
2135 1345 2310 1387 artum

749 1416 1044 1482 quemdam
1077 1427 1314 1471 meatum
1352 1419 1408 1472 in
1449 1429 1650 1474 terram
1686 1430 1999 1490 penetrans,
2054 1431 2109 1477 et
2152 1424 2313 1478 modo

747 1507 980 1573 quodam
1008 1506 1267 1560 inusitato
1290 1518 1469 1562 cutem
1499 1519 1663 1563 totam
1685 1525 1910 1574 exuens,
1944 1511 2162 1578 juvenis
2187 1512 2313 1568 inde

748 1597 996 1653 discedit.
1064 1597 1155 1652 Sic
1187 1613 1289 1653 nos
1318 1615 1557 1670 quoque,
1582 1616 1705 1655 cum
1738 1617 1802 1656 ex
1831 1604 2074 1673 peccatis
2103 1619 2304 1660 conse-

745 1689 985 1754 nuimus,
1023 1702 1117 1754 per
1143 1698 1313 1742 artam
1342 1691 1484 1745 viam
1515 1692 1780 1748 incedere
1805 1694 2089 1761 debemus,
2118 1704 2178 1749 ut
2209 1695 2312 1751 hoc

743 1789 900 1847 pacto
925 1779 1169 1832 iunovati
1193 1780 1261 1833 ad
1292 1789 1495 1835 statum
1521 1783 2000 1853 conditionemque
2023 1785 2309 1855 pristinam

742 1878 1105 1923 revertamur.
1159 1870 1367 1935 Quodsi
1409 1872 1703 1941 aliquando
1735 1873 1884 1927 sitiat
1931 1874 2095 1941 inque
2140 1884 2309 1943 puteo

742 1969 1093 2016 contacturus
1124 1971 1210 2017 est
1239 1977 1460 2031 aquam,
1497 1964 1675 2032 primo
1707 1964 2048 2018 virussuum
2079 1967 2305 2035 evomit,

739 2066 805 2106 ac
841 2052 1039 2107 deinde
1069 2054 1134 2107 ad
1168 2054 1374 2108 fontem
1414 2055 1649 2110 accedit.
1704 2056 1796 2111 Sic
1821 2057 1984 2111 etiam
2022 2071 2145 2122 nos,
2180 2072 2310 2113 cum

737 2140 807 2194 ad
831 2139 1071 2194 divinum
1101 2141 1232 2196 illud
1251 2143 1506 2211 poculum
1530 2145 1806 2199 accessuri
1827 2160 2044 2210 sumus,
2068 2155 2124 2200 et
2150 2159 2312 2201 uren-

739 2231 814 2284 tia
845 2246 946 2286 nos
1003 2241 1228 2301 peccata
1269 2248 1550 2300 sanemus,
1599 2249 1818 2289 omnem
1869 2236 2022 2306 prius
2046 2237 2312 2292 vitiosita-

737 2321 1172 2379 tem-debemus
1217 2323 1476 2391 abjicere.
1534 2333 1698 2392 atque
1745 2323 1822 2403 ita
1869 2341 1970 2380 nos
2007 2327 2084 2401 ad.
2125 2343 2310 2383 sacro-

714 2403 923 2464 sancta
945 2412 1200 2482 mysteria
1221 2412 1494 2469 conferre.
1520 2416 1922 2480 Quamobrema
1944 2416 2173 2475 Domino
2184 2436 2312 2492 prae-

736 2501 884 2555 clarc
917 2502 1119 2556 dictum
1139 2504 1223 2558 vel
1243 2504 1310 2558 de
1326 2509 1768 2563 commemoratis
1788 2510 2165 2579 intelligimus:
2208 2510 2372 2567 «Sitis

809 2591 981 2645 Debes
1001 2601 1180 2645 autem
1209 2605 1474 2660 pra-terea
1500 2598 1640 2652 scire
1668 2610 1986 2670 serpentum
2007 2617 2128 2658 esse
2154 2605 2303 2658 varia

736 2681 1057 2749 diversaque
1083 2697 1305 2751 genera.
1350 2684 1495 2738 Nam
1548 2688 1638 2741 alii
1674 2686 1968 2746 celerrime
2001 2694 2303 2762 perimunt,

736 2771 827 2825 alii
861 2771 1085 2828 tardius.
1148 2773 1281 2827 ltem
1316 2774 1406 2828 alii
1443 2790 1627 2831 morsu
1676 2781 1981 2848 perniciem
2045 2782 2303 2848 afferunt,

739 2861 829 2914 alii
859 2863 1094 2929 quodam
1146 2864 1252 2917 alio
1286 2864 1470 2918 modo.
1537 2867 1778 2936 Serpens
1816 2869 1863 2924 is
1905 2886 2064 2940 quem
2117 2873 2305 2928 basili-

743 2966 896 3004 scum
942 2961 1156 3016 vocant,
1186 2954 1345 3023 cujus
1377 2956 1540 3009 etiam
1574 2961 1791 3025 sapiens
1823 2960 1909 3012 ille
1935 2960 2170 3019 Galenus
2193 2979 2308 3020 me-

736 3042 892 3095 minit
926 3043 992 3096 ad
1035 3044 1286 3098 Pisonem
1332 3047 1397 3100 de
1436 3048 1674 3103 theriaca
1712 3050 2010 3116 disserens,
2048 3055 2165 3110 solo
2209 3056 2298 3109 in-

737 3133 876 3187 tuitu
909 3143 1068 3187 necat
1107 3150 1228 3189 eum
1267 3137 1361 3205 qui
1395 3138 1569 3207 ipsum
1604 3141 1835 3208 aspexit.
1869 3141 1986 3207 Quo
2017 3144 2076 3197 lit
2105 3156 2166 3198 ut
2190 3146 2302 3201 Lit-

737 3232 866 3282 torte
895 3239 1067 3279 sacra:
1099 3226 1231 3280 nihil
1257 3228 1475 3282 oculum
1513 3231 1754 3284 invidum
1785 3231 1854 3285 ab
1883 3234 2154 3302 ejusmodi
2188 3251 2302 3290 ser-

733 3321 896 3381 pente
922 3315 1143 3370 dill'erre
1176 3318 1410 3372 tradant.
1443 3317 1908 3384 Quemadmodum
1936 3324 2080 3381 enim
2107 3324 2176 3382 ab
2203 3328 2304 3383 hac

733 3402 904 3457 bestia
943 3405 1203 3472 quiddam
1247 3407 1466 3461 exitiale
1517 3418 1805 3478 promanat
1853 3411 1994 3480 quod
2027 3413 2301 3470 hominem

736 3493 1008 3561 perimere
1062 3504 1263 3561 potest,
1317 3495 1394 3548 sic
1446 3497 1612 3550 etiam
1645 3497 1714 3552 de
1763 3498 1936 3554 invidi
1961 3503 2133 3557 oculis
2171 3519 2303 3558 con-

734 3582 916 3636 simile
953 3583 1207 3651 quiddam
1235 3584 1366 3638 exit.
1398 3583 1464 3640 Et
1485 3585 1677 3652 mirum
1709 3587 1810 3642 hoc
1836 3589 1890 3642 in
1915 3591 2129 3658 primis.
2156 3595 2300 3662 quod

733 3674 850 3728 suis
872 3688 1266 3742 nonnunquam
1300 3675 1596 3744 perniciem
1622 3675 1871 3732 aii‘erant.
1912 3677 2096 3749 Neque
2122 3693 2301 3739 tamen

736 3764 841 3818 hoc
895 3779 1098 3817 novum
1146 3766 1401 3833 cuiquam
1446 3768 1736 3823 videatur:
1787 3769 1996 3825 faciunt
2046 3764 2194 3827 enim
2247 3773 2302 3830 id

738 3853 850 3924 58
873 3854 939 3907 ad
980 3854 1124 3920 quod
1154 3868 1183 3907 a
1224 3865 1415 3909 natura
1449 3867 1576 3910 sunt
1626 3860 1947 3928 comparati.
1996 3876 2104 3915 non
2153 3862 2300 3934 quod

733 3942 943 3996 volunt.
980 3941 1179 4005 Quodsi
1219 3939 1515 4006 Eutelidas.
1549 3952 1714 4001 utest
1753 3948 1898 4016 apud
1928 3947 2298 4017 Plutarchum,

734 4047 860 4087 suos
915 4032 1083 4101 ipsius
1125 4033 1314 4088 oculos
1372 4034 1429 4088 in
1477 4050 1618 4104 aqua
1645 4047 1968 4103 conspectos
1991 4038 2297 4107 fascinavit,

734 4137 856 4177 cum
913 4122 1097 4177 format
1144 4134 1688 4181 venustatem-suam
1738 4126 1932 4184 fuisset
1976 4131 2298 4198 admiratus,

733 4214 906 4268 multo
935 4216 1107 4284 magis
1143 4215 1361 4270 invidus
1410 4218 1604 4272 oculus
1653 4217 1746 4272 alii
1805 4219 2103 4288 perniciem
2137 4221 2295 4287 feret,

733 4306 889 4374 quasi
939 4308 1104 4358 telum
1163 4307 1434 4375 quoddam
1475 4317 1807 4363 venenatum
1861 4312 2184 4381 corporibus
2230 4313 2297 4368 iis

2336 1804 2452 1893 B".

2419 609 2568 662 ἅπαν
2593 607 2758 663 αὐτοῦ
2795 608 2954 676 σῶμα
2982 608 3293 678 προδίδωσι,
3329 609 3430 672 τὴν
3453 608 3510 661 δὲ
3544 609 3791 678 κεφαλὴν
3817 607 3992 662 αὑτοῦ

2416 701 2669 770 κρύπτει,
2701 700 2889 771 ἐπειδὴ
2916 701 3015 771 τὴν
3048 682 3245 755 ἑαυτοῦ
3285 699 3430 772 ζωὴν
3471 701 3626 763 εἰδὼς
3665 701 3845 769 ἑαυτῷ
3883 719 3994 753 πε·

2417 791 2714 861 ριέχεσθαι.
2751 791 2908 844 Οὕτω
2937 794 3029 845 καὶ
3052 794 3212 861 ἡμεῖς
3252 793 3312 844 έν
3344 792 3525 862 καιρῷ
3547 793 3792 860 διωγμοῦ
3832 793 3992 859 όφείο

2415 883 2578 950 λομεν
2611 884 2806 948 ποιεῖν,
2849 883 3027 937 πάντα
3063 884 3162 952 μὶν
3203 883 3476 952 προϊέναι,
3519 883 3620 952 τὴν
3647 883 3890 954 κεφαλὴν
3926 884 3994 937 δὲ

2415 973 2735 1040 φυλάσσειν,
2761 972 2884 1041 ἥτις
2917 972 3064 1025 ἐστὶν
3083 973 3112 1025 ὀ
3141 972 3376 1042 Χριστὸς
3402 973 3499 1025 καὶ
3531 975 3564 1043 ή
3595 974 3777 1036 πίστις
3804 973 3989 1042 ἡμῶν.

2417 1063 2580 1128 Ὄφις
2618 1061 2870 1130 γηράσας
2899 1060 2974 1123 ὡς
3003 1062 3072 1114 τὰ
3106 1061 3275 1114 πολλὰ
3301 1046 3398 1114 καί
3426 1061 3791 1130 ἀμϐλυωπίαν
3827 1063 3996 1131 νοσή-

2416 1168 2538 1215 σας,
2578 1152 2791 1220 πρῶτον
2820 1152 2917 1219 μὲν
2945 1151 3340 1223 ἐγκρατεύεται
3371 1153 3467 1204 καὶ
3499 1152 3685 1220 νῆστις
3713 1153 3989 1220 διαμένει,

2413 1238 2515 1296 εἷθ’
2564 1242 2738 1306 οὕτως
2786 1243 2873 1295 διὰ
2916 1242 3193 1296 στενωποῦ
3244 1260 3390 1305 τινος
3439 1243 3843 1311 καταδυόμενος
3891 1243 3990 1294 καὶ

2412 1333 2592 1402 δέρμα
2620 1331 2942 1400 παραδόξως
2971 1332 3115 1384 ἅπαν
3147 1333 3546 1399 ἁπεκδυόμενος
3574 1332 3693 1392 νέος
3717 1331 3873 1391 αὖθις
3899 1332 3994 1397 γί-

2414 1438 2584 1474 νεται.
2623 1420 2777 1473 Οὕτω
2806 1421 2904 1473 καὶ
2927 1421 3087 1489 ἡμεῖς
3109 1422 3175 1488 τῇ
3213 1420 3460 1488 ἁμαρτίᾳ
3492 1419 3988 1488 καταγηράσαντες

2413 1512 2499 1566 διὰ
2527 1511 2627 1581 τῆς
2667 1511 2859 1580 στενῆς
2901 1514 2994 1563 καὶ
3035 1511 3406 1580 τεθλιμμένης
3441 1510 3562 1563 όδυῦ
3589 1508 3845 1577 βαδίζειν,
3885 1509 3990 1561 καὶ

2411 1603 2583 1667 οὕτως
2612 1603 3002 1673 ἀνανεούμενοι
3035 1605 3116 1665 είς
3151 1602 3253 1671 τὴν
3289 1602 3531 1682 ,ᾲρχαίαν
3567 1601 3734 1656 πάλιν
3770 1603 3989 1655 ἀποκασ

2412 1695 2674 1748 τάστασιν
2734 1694 3013 1764 ἔρχεσθαι.
3082 1693 3244 1759 Ὀφις
3304 1693 3542 1762 διψήσας
3595 1692 3728 1746 ποτε
3781 1693 3873 1744 καὶ
3922 1693 3988 1744 έν

2460 1787 2612 1858 ρέατι
2644 1785 2856 1856 μέλλων
2894 1785 3086 1848 ὓδατος
3115 1785 3358 1852 ἅψασθαι
3381 1825 3398 1851 ,
3427 1786 3622 1856 πρῶτα
3658 1783 3759 1854 μιν
3797 1783 3989 1849 ἐξεμεῖ

2408 1879 2502 1931 τὸν
2538 1878 2637 1941 ίδν,
2677 1873 2779 1930 εἷθ’
2805 1876 2980 1939 οὕτως
2999 1878 3066 1945 τῇ
3097 1877 3249 1946 πηγῇ
3276 1875 3663 1945 προσέρχεται.
3697 1874 3856 1926 Οὕτω
3885 1875 3986 1925 καὶ

2410 1971 2575 2039 ἡμεῖς
2605 1968 2684 2038 τῷ
2729 1967 2860 2038 θείῳ
2889 1968 3175 2039 μέλλοντες
3230 1968 3552 2038 προσελθεῖν
3587 1968 3851 2037 ποτηρίῳ,
3884 1967 3984 2020 ᾰτε

2409 2057 2474 2130 δὴ
2500 2057 2599 2128 τὴν
2633 2057 2963 2112 ὶκκαίουσαν
2994 2060 3144 2128 ἡμᾶς
3175 2059 3454 2129 ἁμαρτίαν
3483 2059 3763 2125 ἰάσασθαι,
3794 2059 3984 2112 πᾶσαν

2411 2152 2614 2206 κακίαν
2662 2151 2932 2220 πρότερον
2958 2151 3323 2221 ἀπορρίπτειν
3362 2151 3673 2221 ὀφείλομεν,
3707 2153 3803 2205 καὶ
3834 2152 3983 2205 οὕτω

2409 2244 2524 2306 τοῖς
2555 2243 2885 2313 μυστηρίοις
2925 2243 3351 2314 προσέρχεσθαι.
3379 2243 3575 2307 Καλῶς
3604 2241 3700 2297 οὖν
3727 2243 3822 2298 ἐπὶ
3856 2245 3982 2297 τούσ

2409 2345 2524 2393 τοις
2579 2329 2833 2398 όΚύριος
2863 2329 3053 2397 ελεγε·
3090 2347 3109 2382 ι
3161 2331 3383 2386 Γίνεσθε
3411 2331 3667 2403 φρόνιμοι
3714 2332 3791 2398 ὡς
3825 2334 3876 2387 οι
3920 2333 3981 2386 δ-

2412 2438 2554 2490 φεις.
2598 2441 2618 2476 ι
2647 2423 2760 2476 Kal
2789 2424 2920 2493 περὶ
2950 2423 3052 2492 μὶν
3076 2425 3281 2480 τούτων
3306 2423 3500 2488 οὕτως.

2406 2515 2575 2569 astuti
2609 2523 2671 2568 ut
2705 2526 3007 2585 serpentes.
3043 2533 3064 2569 ι
3093 2515 3171 2570 Ac
3201 2516 3270 2571 de
3296 2516 3382 2572 his
3414 2517 3637 2587 quidem
3684 2519 3978 2575 hactenus.

2477 2607 2722 2660 Γίνωσκε
2763 2607 2842 2672 δὲ,
2896 2607 3174 2675 ἀγαπητὴ,
3202 2608 3284 2660 ὅτι
3319 2609 3552 2677 διάφορά
3583 2612 3691 2662 είσι
3734 2613 3829 2663 καὶ
3860 2623 3980 2664 ποι-

2408 2697 2532 2752 κίλα
2594 2698 2727 2767 γένη
2762 2697 2872 2751 τῶν
2937 2698 3135 2765 ὕφεων.
3175 2699 3241 2753 οι
3301 2700 3402 2769 μιν
3437 2700 3546 2772 γὰρ
3575 2701 3754 2754 αὐτῶν
3782 2701 3980 2755 θᾶττον

2405 2790 2740 2860 ἀναιροῦσιν,
2783 2791 2833 2843 οι
2861 2791 2917 2845 δὲ
2951 2791 3142 2861 βραδὺ,
3171 2793 3265 2845 καὶ
3302 2793 3454 2847 ἄλλοι
3484 2794 3584 2862 μὲν
3619 2794 3859 2864 δήγμασι
3886 2795 3979 2846 τὸν

2404 2881 2626 2951 δλεθρον
2647 2883 2924 2950 φέρουσιν,
2962 2883 3141 2951 ἕτεροι
3170 2882 3230 2936 δι
3257 2882 3382 2936 καθ’
3403 2883 3588 2956 ἕτερον
3620 2886 3841 2954 τρόπον.
3868 2885 3979 2938 Αύ-

2404 2973 2533 3026 τίκα
2560 2974 2587 3026 ό
2614 2973 2737 3040 ὄφις
2769 2973 3108 3042 καλούμενος
3148 2973 3486 3042 βασιλίσκος,
3523 2967 3584 3027 οὗ
3619 2975 3714 3028 καὶ
3742 2977 3769 3024 ὁ
3811 2976 3977 3044 σοφὸς

2407 3064 2684 3134 μέμνηται
2709 3064 2954 3132 Γαληνὸς
2989 3067 3118 3135 περὶ
3160 3064 3430 3136 θηριακῆς
3470 3067 3604 3137 πρὸς
3628 3065 3847 3120 Πίσωνα
3887 3068 3978 3121 τὸν

2403 3155 2562 3221 λόγον
2622 3154 2968 3223 ποιούμενος,
3000 3155 3096 3208 καὶ
3148 3156 3258 3210 ἀπὸ
3316 3156 3483 3226 μόνης
3532 3157 3708 3227 ὅψεως
3759 3161 3979 3229 ἀναιρεῖ

2403 3243 2532 3305 τοὺς
2591 3243 2905 3311 ἑωρακότας
2961 3242 3144 3297 αὐτόν.
3186 3243 3382 3298 Ἔνθεν
3423 3262 3506 3299 τοι
3556 3246 3648 3300 τὸν
3703 3247 3976 3316 βάσκαυον

2403 3331 2683 3402 ὀφθαλμὸν
2702 3321 2794 3384 τοῦ
2824 3333 3065 3386 τοιούτου
3091 3332 3275 3403 ὕφεως
3316 3336 3682 3406 διενηνοχέναι
3731 3341 3900 3409 φησὶν
3938 3342 3972 3410 ἡ

2406 3423 2601 3491 Γραφή
2621 3438 2635 3452 ·
2668 3424 2921 3495 καθάπερ
2953 3427 3066 3496 γὰρ
3093 3427 3202 3480 ἀπὸ
3225 3427 3381 3484 τοῦδε
3405 3429 3499 3483 τοῦ
3527 3429 3694 3500 θηρὸς
3725 3432 3974 3504 ὀλέθριόν

2402 3528 2455 3564 τι
2494 3511 2675 3582 ῥεῦμα
2709 3513 3000 3585 ἐκφέρεται
3047 3516 3395 3584 παραχρῆμα
3435 3517 3771 3588 διαφθείρειν
3809 3523 3971 3576 δυνά-

2408 3620 2588 3672 μενον,
2626 3602 2768 3656 οὕτω
2797 3609 2894 3657 καὶ
2915 3605 2975 3668 ἐξ
3005 3606 3182 3658 αὐτῶν
3207 3607 3316 3659 τῶν
3339 3607 3430 3660 τοῦ
3463 3610 3737 3677 βασκάνου
3766 3615 3971 3681 ὀφθαλο

2406 3696 2544 3765 μῶν.
2581 3697 2694 3749 Kal
2731 3695 2797 3749 τὸ
2852 3695 2919 3767 δὴ
2959 3696 3292 3766 θαυμαστὸν,
3319 3700 3403 3752 ὅτι
3458 3703 3552 3755 καὶ
3581 3705 3763 3767 αὐτοῖς
3798 3708 3970 3760 ἐνίοτε

2405 3788 2517 3847 τοῖς
2543 3787 2773 3850 οἰκείοις
2796 3788 2889 3841 καὶ
2919 3790 3174 3858 συνήθεσι
3197 3791 3287 3844 τὸν
3317 3790 3543 3862 ὀλεθρον
3579 3795 3825 3866 φέρουσι.
3860 3801 3970 3854 Kal

2403 3878 2590 3932 καινὸν
2627 3880 2726 3931 tiri
2747 3878 2973 3942 vetitos;
3004 3881 3192 3934 οὐδέν’
3221 3879 3250 3934 δ
3282 3883 3391 3951 γὰρ
3439 3885 3772 3952 πεφύκασιν,
3812 3892 3912 3960 οὐχ
3941 3893 3970 3946 δ

2404 3965 2962 4034 βούλονταιποιοῦσι.
2984 3971 3103 4023 Kal
3131 3969 3214 4040 μὴ
3237 3968 3482 4039 θαύμαζε
3521 3975 3711 4030 τούτου
3745 3978 3966 4031 ῑνεκενο

2401 4058 2450 4112 εί
2474 4058 2584 4126 γὰρ
2616 4059 2820 4129 ἑαυτῷ,
2864 4059 3010 4114 καθὰ
3042 4077 3176 4130 φησι
3212 4063 3579 4134 Πλούταρχος,
3619 4066 3648 4118 6
3676 4067 3966 4134 Εὐτελίδας

2399 4139 2671 4212 ιὸάσκὴνε
2702 4145 2802 4214 τὴν
2830 4145 2952 4214 ὄψιν
3000 4149 3166 4201 αὐτοῦ
3204 4149 3437 4204 κατιδὼν
3463 4153 3522 4205 έν
3553 4151 3708 4205 ὕδατι
3738 4157 3835 4209 καὶ
3865 4158 3964 4226 τῆς

2401 4235 2550 4307 ὥρας
2574 4237 2894 4305 ἐκπλαγεὶς,
2941 4237 3123 4307 πολλῷ
3152 4240 3351 4308 μᾶλλον
3383 4241 3594 4313 ἑτέροις
3631 4244 3825 4308 ἑπάξει
3872 4249 3964 4300 τὸν

2399 4327 2620 4394 ὀλεθρον
2647 4329 2675 4380 ό
2727 4327 3002 4398 βάσκανος
3051 4328 3348 4399 ὀφθαλμὸς,
3382 4329 3562 4399 βέλος¹
3591 4331 3780 4404 ὥσπερ
3815 4336 3966 4399 ξὼδες

730 4413 853 4466 quae
885 4405 1177 4453 contuetur
1207 4398 1529 4454 immittens.
1564 4400 1631 4453 Et
1666 4401 1779 4455 haec
1805 4402 2026 4470 quidem
2054 4412 2165 4459 tum
2201 4420 2296 4458 ex-

2410 4419 2512 4487 τοῖς
2540 4417 2847 4488 ὁρωμένοις
2875 4418 3036 4470 τοῦτο
3063 4398 3248 4481 ivulg.
3277 4398 3392 4472 Kal
3418 4420 3592 4474 ταῦτα
3620 4423 3718 4491 μὲν
3802 4428 3966 4494 πείρα

731 4488 1004 4559 perientia
1036 4497 1152 4561 tum
1186 4490 1470 4559 superiora
1497 4499 1742 4560 tempora
1781 4493 2106 4548 docuerunt.
2158 4494 2296 4550 Nam

729 4578 872 4632 oculi
907 4579 1099 4645 partim
1129 4589 1299 4649 agunt
1330 4581 1524 4648 partim
1558 4584 1858 4650 patiuntur,
1907 4597 2054 4640 nunc
2092 4585 2296 4652 aliquid

729 4665 1038 4719 emittentes
1071 4681 1217 4720 nunc
1248 4668 1598 4736 recipientes,
1625 4670 2083 4737 quemadmodum
2113 4687 2299 4726 aman-

730 4755 874 4808 tibus
899 4765 952 4808 et
982 4755 1173 4809 amatis
1199 4757 1490 4812 usuvenire
1527 4758 1792 4813 videmus.
1829 4758 2053 4830 Magnus
2077 4751 2167 4815 ille
2194 4760 2298 4828 Ba-

729 4845 885 4898 sdius
917 4845 1326 4914 inscriptionem
1355 4844 1734 4903 Psalmiuxnt
1761 4863 2059 4904 enarrans:
2097 4850 2297 4920 «Equi-

729 4936 875 4999 dem,
930 4935 1025 4998 ait,
1075 4935 1125 4989 id
1172 4937 1315 5004 quod
1361 4937 1554 5003 fertur,
1586 4939 1774 4994 oculos
1826 4940 1992 4994 telum
2025 4940 2294 5010 quoddam

730 5037 1060 5079 venenatum
1093 5027 1372 5096 ejaculari,
1405 5037 1664 5097 tanquam
1721 5035 1943 5102 vulgare
1991 5048 2056 5088 ac
2083 5050 2113 5088 a
2146 5043 2298 5088 vetu-

728 5118 795 5172 lis
851 5119 1210 5188 excogitatum
1266 5120 1321 5173 in
1369 5123 1658 5176 mulierum
1688 5123 2037 5179 conclavibus
2088 5126 2293 5196 rejicio.

731 5206 859 5257 Dico
889 5216 1071 5257 autem
1106 5207 1275 5260 malos
1305 5209 1530 5276 genios,
1586 5210 1679 5277 qui
1725 5209 1851 5264 odio
1888 5212 2013 5264 boni
2042 5211 2292 5282 ﬂagrant,

727 5297 770 5349 si
800 5313 934 5363 quas
968 5299 1244 5366 reperiant
1273 5311 1667 5355 consentaneas
1704 5302 1836 5371 ipsis
1864 5312 1918 5357 et
1935 5303 2178 5359 addictas
2202 5319 2295 5358 vo-

728 5390 986 5452 luntates,
1041 5391 1106 5445 iis
1159 5392 1385 5447 omnino
1441 5409 1540 5462 pro
1592 5394 1743 5448 libitu
1795 5403 1850 5449 et
1900 5396 2165 5450 arbitratu
2194 5412 2294 5452 suo

726 5481 894 5534 abuti.
966 5480 1085 5547 Quo
1141 5484 1199 5537 fit
1249 5493 1305 5538 ut
1354 5489 1518 5538 etiam
1569 5483 1968 5542 fascinatorum
2014 5488 2188 5543 oculis
2225 5489 2293 5545 ad

725 5588 838 5627 sua:
867 5575 1162 5628 voluntatis
1191 5577 1555 5630 ministerium
1593 5587 1866 5632 utantur.»

800 5667 1088 5720 Basilisrus
1120 5668 1361 5734 quidem,
1395 5669 1460 5723 de
1503 5685 1610 5738 quo
1642 5686 1788 5724 nunc
1833 5671 2128 5740 loquimur,
2180 5686 2290 5725 non

724 5759 828 5813 hoc
860 5767 1067 5812 tantum
1109 5759 1292 5825 modo,
1325 5775 1510 5813 verum
1538 5762 1700 5815 ctiam
1734 5762 1894 5818 sibilo
1939 5761 2085 5818 laedit
2132 5776 2291 5817 aures

2398 4509 2492 4561 atati
2522 4509 2551 4561 ό
2580 4507 2769 4577 χρόνος
2833 4507 3102 4562 ἀνέκαθεν
3146 4509 3379 4572 ἔδειξεν·
3448 4513 3497 4563 oi
3555 4513 3662 4582 γὰρ
3695 4513 3966 4582 ὀφθαλμοὶ

2397 4599 2492 4652 καὶ
2514 4597 2684 4667 δρῶσι
2722 4598 2818 4650 καὶ
2850 4601 3145 4665 πάσχουσι,
3185 4599 3317 4652 ποτὲ
3332 4601 3431 4664 μὲν
3459 4602 3790 4670 πέμποντες,
3830 4603 3965 4655 ποτὲ

2396 4685 2453 4742 δὲ
2490 4685 2792 4755 δεχόμεναι,
2819 4685 2898 4751 ὡς
2933 4687 3026 4737 ἐπὶ
3046 4685 3155 4738 τῶν
3191 4687 3487 4759 ἐρωμένων
3512 4684 3665 4741 ἔστιν
3696 4689 3850 4743 ίδείν.
3901 4691 3963 4744 '0

2396 4775 2453 4830 δὶ
2481 4760 2973 4851 μέγαςψασίλειρςι
2997 4779 3057 4830 ἂν
3073 4771 3532 4849 οἶςκιπιξηγε-ἶται
3564 4780 3662 4851 τὴν
3689 4781 3787 4834 τοῦ
3807 4799 3966 4852 τρια-

2398 4867 2590 4920 κοστοῦ
2621 4853 2810 4936 τρίτου
2847 4868 3067 4938 ψαλμοῦ
3122 4871 3464 4940 έπιγραφὴν.
3493 4873 3588 4928 καὶ
3612 4873 3738 4926 τάδε
3774 4873 3963 4942 φησιν·

2403 4977 2423 5008 ε
2473 4958 2610 5013 Ἀλλ’
2649 4959 2760 5027 εγὼ
2793 4961 2950 5013 τοῦτο
2981 4960 3185 5028 μέντοι,
3226 4964 3290 5016 τὸ
3350 4963 3501 5032 βίλος
3552 4965 3706 5028 ίῶδες
3754 4967 3966 5036 ἐκπέμ-

2399 5063 2522 5100 πειν
2575 5051 2703 5111 τοὺς
2738 5048 3082 5120 ὀφθαλμοὺς,
3129 5055 3533 5128 ἀποπέμπομαι
3591 5056 3668 5119 ὡς
3712 5056 3963 5124 δημῶδες

2397 5140 2494 5194 καὶ
2519 5141 2584 5209 τῇ
2628 5141 3030 5207 γυναικωνίτιδι
3093 5144 3468 5216 παρεισαχθὲν
3528 5149 3634 5202 ὑπὸ
3685 5155 3962 5222 γραῖδωνο
4032 5157 4037 5161 ”

2396 5232 2573 5284 έκεῖνο
2615 5230 2672 5282 δέ
2699 5248 2867 5300 φημι,
2910 5234 2991 5286 ὅτι
3027 5235 3078 5286 oi
3106 5238 3392 5303 μισόκαλοι
3429 5241 3708 5310 δαίμονες,
3736 5246 3962 5300 ἐπειδὰν

2395 5318 2596 5381 οίκείας
2627 5319 2840 5387 ἑαυτοῖς
2861 5320 3063 5390 εὕρωσι
3093 5327 3468 5396 προαιρέσεις,
3499 5332 3779 5399 ,παντοίως
3817 5334 3960 5390 ὥστε

2399 5414 2495 5468 καὶ
2522 5415 2637 5476 τοῖς
2674 5413 2980 5485 ὀφθαλμοῖς
3012 5415 3123 5470 τῶν
3147 5416 3454 5488 βασκάνων.
3492 5441 3513 5476 ι

2474 5673 2802 5742 Διαληφθεὶς
2827 5673 2921 5728 οὖν
2951 5676 2979 5727 δ
3005 5674 3149 5744 ὄφις,
3181 5680 3462 5731 τουτέστιν
3487 5682 3514 5733 ό
3536 5679 3871 5751 βασιλίσκος,
3893 5687 3958 5737 ού

2395 5761 2558 5832 μόνον
2595 5761 2674 5834 τῷ
2699 5762 2998 5836 ..βλέμματι
3043 5767 3170 5830 τοὺς
3216 5769 3525 5838 ἐνορῶντας
3585 5773 3750 5828 αὐτὸν
3784 5791 3957 5829 κατα-
