4204 6450
277 363 370 427 ἱξὶθ

1534 358 1931 417 ᾹΝΝΑΗῘῘΜ
1977 358 2063 414 ΡΑ
2080 358 2168 415 R3
2206 358 2254 414 Ῐ.

3390 360 3483 413 iiii;

268 476 520 535 ϐλάπτει,
562 469 695 523 ἀλλὰ
727 471 821 525 καὶ
851 466 1101 540 συριγμῷ
1136 467 1258 529 τοὺς
1292 466 1613 529 ἀκούοντας.
1657 467 1817 521 ⁹Υτιό-

1936 467 2283 520 ιυιιίυηιίιιιιι.
2339 466 2399 519 Et
2433 476 2517 519 est
2546 467 2724 520 colore
2757 468 3054 526 subﬂavus.
3097 478 3153 519 ut
3183 469 3345 522 tradit
3377 470 3479 522 Ga-

266 562 454 628 ξανθος
478 562 536 615 δὲ
563 564 591 615 ό
619 559 860 622 τοιοῦτος
888 559 1010 626 ὅφις
1049 561 1217 620 ἐστὶν,
1241 558 1431 627 ὥσπερ
1471 560 1606 626 φησὶ
1637 558 1815 627 Γαλη-

268 658 375 718 νὸς,
409 654 545 723 ἔχων
575 654 633 706 ἐν
676 655 742 723 τῇ
801 650 1009 720 κεφαλῇ
1050 651 1478 720 ἐπαναστήματα
1534 650 1679 718 τρία.
1716 651 1821 701 Σὺν

265 746 341 815 τῷ
377 745 602 814 τοιούτῳ
633 744 689 797 δὲ
733 742 829 794 καὶ
868 742 1069 811 ἑτέρων
1104 742 1283 808 δφεων
1325 742 1597 809 μέμνηται
1625 739 1818 804 λέγων,

272 857 290 889 ι
332 837 398 890 Ἦ
435 836 647 905 δρύϊνος
670 835 792 903 δφις
837 833 978 886 πάνυ
1036 832 1293 900 κακίστη,
1332 833 1366 901 η
1413 832 1507 883 καὶ
1546 832 1603 882 ὲν
1664 830 1823 897 δρυσὶ¹

264 929 355 982 τὶν
387 928 501 997 βίον
528 925 849 993 ποιουμένη.
881 922 1096 991 Ταύτης
1129 923 1182 974 εί
1209 922 1337 975 ποτέ
1370 940 1422 974 τι
1453 919 1546 974 καὶ
1576 922 1821 988 ἐπιϐαίη,

263 1019 391 1080 τοὺς
432 1018 593 1078 πόδας
626 1016 785 1075 εὐθὺς
841 1013 1119 1082 ἐκδέρεται
1171 1013 1263 1064 καλ⁸
1326 1011 1606 1080 ὁγκοῦται.
1660 1012 1823 1064 Ἀλλὰ

264 1112 358 1162 καὶ
400 1111 429 1162 ὁ
460 1106 795 1178 θεραπεῦσαι
822 1106 1045 1168 τούτους
1101 1104 1334 1173 θελήσας
1373 1105 1573 1174 ὁμοίως
1623 1105 1824 1173 πάσχει

265 1199 362 1257 τὰς
391 1200 597 1267 χεῖρας.
644 1198 702 1248 Ὀ
750 1196 804 1248 δέ
870 1213 932 1264 γε
982 1196 1280 1265 αἱμόρρους
1321 1197 1482 1265 καὶὴ
1533 1193 1823 1266 αἱμορροῖς

264 1292 376 1349 ταῖς
427 1288 634 1341 ἑαυτῶν
680 1288 940 1355 ὀνόμασιν
997 1286 1189 1354 ὁμοίαν
1244 1287 1521 1339 ποιοῦνται
1572 1287 1670 1356 τὴν
1718 1285 1824 1338 τῶν

263 1378 567 1449 ἀνθρώπων
595 1378 895 1447 διαφθοράν
925 1393 940 1409 ο
990 1377 1412 1448 αῖμορῤοοῦντες
1468 1378 1578 1447 γὰρ
1629 1377 1720 1430 διά
1766 1394 1823 1429 τε

267 1471 559 1541 μυκτήρων
615 1471 712 1522 καὶ
765 1470 1035 1536 στόματος
1087 1469 1180 1520 καὶ
1246 1467 1446 1531 παντὸς
1490 1468 1678 1530 ἁπλῶς
1730 1468 1824 1520 τοῦ

265 1563 520 1630 σώματος
561 1560 735 1623 οὓτως
781 1560 1134 1625 ἀπόλλυνται,
1185 1559 1373 1630 ὥσπερ
1428 1560 1521 1613 καὶ
1579 1560 1684 1613 ὑπὸ
1729 1559 1825 1627 τῆς

266 1652 485 1723 διψάδος
520 1651 808 1721 δηχθέντες
834 1652 937 1703 ὑπὸ
974 1651 1071 1703 τοῦ
1128 1651 1331 1703 καύσου
1382 1650 1822 1720 διαφθειρόμενοι

261 1743 444 1806 κακῶς
472 1759 486 1773 ·
526 1742 623 1794 καὶ
660 1741 767 1811 γὰρ
798 1734 943 1793 οὗτοι
975 1740 1240 1810 διψῶντες
1271 1745 1414 1793 πάνυ
1451 1742 1547 1794 καὶ
1589 1741 1825 1793 ὃιακαιό·

263 1850 436 1902 μενοι,
501 1831 586 1907 ἔτι
660 1832 753 1884 καὶ
813 1830 1298 1902 διαρρηγνύμενοι,
1360 1828 1708 1883 τελευτῶσιν.
1760 1828 1823 1882 '0

259 1924 316 1977 δὲ
350 1921 606 1986 ἀκοντίας
652 1920 903 1984 ἐκτείνας
935 1922 1130 1975 ἑαυτὸν
1179 1921 1343 1986 πάνυ,
1402 1920 1499 1973 καὶ
1532 1920 1723 1989 ὥσπερ
1772 1937 1825 1973 τι

260 2013 513 2077 ἀκόντιον
539 2010 905 2080 ὲφαλλόμενος
925 2012 1037 2074 τοῖς
1079 2010 1349 2078 σώμασιν,
1381 2009 1554 2074 οὓτως
1589 2011 1823 2081 ἀναιρεῖ.

259 2106 372 2159 Καὶ
402 2104 511 2157 τῶν
545 2103 788 2156 ἀσπίδων
816 2105 849 2171 ἠ
908 2102 1176 2173 λεγομένη
1238 2105 1416 2165 πτυάς
1465 2104 1827 2156 ἀναστείλασα

258 2197 353 2250 τὸν
397 2195 668 2265 τράχηλον
706 2197 800 2247 καὶ
832 2196 1342 2265 συμμετρησαμένη
1376 2195 1470 2248 τοῦ
1527 2195 1830 2265 διαστήμα-

259 2304 351 2351 τος
375 2288 437 2340 τδ
468 2288 664 2355 μῆκος,
703 2284 892 2357 ὥσπερ
921 2286 1016 2338 καὶ
1044 2286 1168 2339 τότε
1206 2286 1421 2354 λογικὸν
1446 2286 1736 2355 γενόμενον
1768 2286 1829 2339 τὸ

265 2379 474 2448 θηρίον,
503 2378 773 2447 εὐστόχως
811 2375 1046 2445 ἐμπτύει
1096 2378 1209 2438 τοῖς
1265 2375 1515 2446 σώμασιν
1566 2378 1666 2432 ίόν.
1702 2378 1831 2446 Τρι-

264 2470 433 2522 πλοῦν
461 2468 517 2521 δὲ
549 2467 798 2535 λέγουσιν
846 2462 987 2519 εῖναι
1044 2466 1104 2519 τδ
1138 2463 1277 2530 εἶδος
1307 2468 1417 2521 τῶν
1474 2468 1736 2532 ἀσπίδων,
1796 2469 1828 2538 η

263 2559 533 2629 λεγομένη
592 2575 651 2609 τε
704 2557 958 2626 χερσαία,
1012 2557 1397 2626 ἡχελιδοναία,
1463 2557 1559 2609 καὶ
1608 2557 1746 2626 αῦτη
1796 2557 1831 2627 ἠ

264 2648 463 2708 πτυάς.
495 2647 711 2700 Τούτων
741 2647 821 2697 ἐνὶ
843 2646 950 2697 τῶν
992 2646 1159 2711 τριῶν
1217 2646 1316 2715 τὴν
1354 2645 1602 2715 βασιλίδα
1660 2647 1832 2699 Κλεο-

265 2741 481 2808 πάτραν
509 2740 863 2810 ἀναιρεθῆναί
899 2755 1056 2808 φασι,
1080 2738 1263 2798 λαθεῖν
1295 2739 1655 2808 βουληθεῖσαν
1704 2740 1830 2803 τοὺς

266 2830 664 2898 φυλάσσοντας,
688 2831 898 2900 ταχέως
931 2847 990 2883 τε
1030 2831 1125 2883 καὶ
1153 2831 1482 2895 ἀνυπόπτως
1515 2832 1829 2886 ἀποθανεῖν.

278 2923 339 2975 '0
374 2923 482 2989 γὰρ
540 2920 845 2989 Αὕγουστος
890 2922 1107 2992 Καῖσαρ
1167 2922 1415 2992 νενίκηκε
1459 2923 1685 2992 ταύτην,
1739 2922 1833 2975 καὶ

270 3012 552 3083 βουληθεὶς
586 3014 855 3082 Ἀντωνίῳ
890 3012 1225 3081 παραδοῦναι
1250 3016 1413 3085 αὐτῇ,
1448 3015 1588 3085 πρὸς
1618 3013 1676 3067 δὲ
1736 3014 1832 3068 καὶ

267 3105 726 3176 θριαμϐευθῆναι,
769 3105 829 3156 οὐ
880 3104 1043 3156 καλὸν
1093 3106 1231 3175 αὐτῇ
1276 3106 1609 3174 προὺξένησε
1647 3105 1830 3175 μόρον.

267 3196 499 3247 Συνεῖσα
533 3195 641 3261 γὰρ
667 3192 852 3260 ἐκείνη
882 3196 943 3245 τὸ
968 3193 1176 3264 δρᾶμα,
1210 3193 1508 3247 κάντεῦθεν
1536 3192 1596 3256 ἐξ
1621 3191 1833 3262 ἀνθρώ-

271 3302 389 3338 πων
419 3284 670 3352 γενέσθαι
717 3284 926 3337 δίκαιον
963 3284 1220 3354 κρίνασα,
1256 3284 1347 3338 διά
1395 3299 1559 3337 τινων
1602 3283 1693 3336 δύο
1731 3300 1832 3351 γυ-

264 3375 471 3428 ναικῶν
498 3375 691 3441 αὐτῆς,
727 3374 969 3443 Ναείρας
1000 3374 1095 3427 καὶ
1124 3374 1464 3444 Χαρμιόνης,
1515 3373 1607 3427 τὸν
1637 3373 1835 3441 ἑαυτῆς

267 3467 501 3523 θάνατον
556 3466 777 3535 μελετᾷ.
810 3466 909 3519 Διά
963 3466 1093 3534 γοῦν
1140 3465 1474 3519 καλαθίσκον
1524 3464 1668 3527 τινὸς
1697 3463 1838 3517 σῦκα

266 3559 365 3611 καὶ
401 3557 678 3625 σταφυλὰς
702 3557 939 3627 ἔχοντος,
980 3558 1142 3627 χάριν
1199 3555 1293 3609 τοῦ
1345 3556 1532 3609 λαθεῖν
1570 3555 1696 3618 τοὺς
1744 3555 1838 3609 αὐ-

265 3653 371 3719 τὴν
402 3649 803 3720 φυλάσσοντας,
846 3649 1129 3715 εἰσάγεται
1180 3648 1240 3701 τὸ
1267 3647 1454 3718 θηρίον
1480 3666 1493 3679 ·
1535 3648 1627 3699 καὶ
1651 3647 1839 3716 πρῶτα

271 3741 377 3809 μὲν
406 3741 536 3793 αὐτὸ
569 3742 688 3799 ταῖς
718 3739 937 3806 γυναιξὶ
991 3738 1296 3807 δοκιμάζει,
1353 3734 1473 3789 εἶτα
1516 3736 1721 3804 γνοῦσα
1765 3737 1840 3797 ὡς

270 3830 365 3895 ὀξὺ
404 3830 465 3881 τὸ
504 3829 692 3898 θηρίον
716 3828 797 3889 εἰς
828 3827 1130 3896 ἀναίρεσιν,
1175 3826 1408 3878 θέλουσα
1438 3825 1496 3877 δὲ
1540 3827 1633 3878 καὶ
1688 3824 1837 3887 εὖγε.

275 3925 384 3987 νῶς
417 3921 737 3985 ἀποθανεῖν,
790 3920 890 3988 τὴν
954 3917 1240 3986 βασιλικὴν
1310 3917 1554 3970 ἐνδύεται
1624 3915 1838 3985 στολὴν,

271 4015 366 4067 καὶ
412 4012 585 4073 οὕτως
648 4011 709 4062 τὸ
760 4008 947 4077 θηρίον
1005 4007 1388 4079 προσϐαλοῦσα
1433 4007 1511 4077 τῷ
1566 4007 1841 4076 ἀριστερῷ

274 4101 434 4173 μαζῴ
470 4100 609 4171 (ᾔδει
636 4098 744 4166 γὰρ
780 4101 957 4149 ἐκεῖσε
984 4098 1164 4149 νεύειν
1190 4097 1290 4166 τὴν
1322 4096 1605 4166 καρδίαν),
1638 4094 1842 4165 βασιλι-

271 4195 384 4255 κῶς
434 4190 812 4258 ἀποθνήσκει·
866 4191 964 4242 καὶ
1008 4190 1117 4258 γὰρ
1174 4188 1425 4255 λέγουσιν
1479 4188 1648 4257 αὐτῆς
1690 4187 1843 4255 εὐρε-

272 4286 433 4353 θῆναι
461 4282 559 4350 τὴν
584 4280 764 4345 δεξιὰν
791 4282 948 4351 χεῖρα
975 4279 1332 4347 ἐπικειμένην
1385 4280 1452 4348 τῇ
1506 4277 1717 4348 κεφαλῇ
1745 4279 1842 4330 καὶ

272 4377 330 4428 τὸ
352 4373 591 4442 διάδημα
621 4372 949 4442 κρατοῦσαν,
984 4371 1071 4423 ἴνα
1128 4371 1289 4440 μέχρι
1326 4368 1447 4422 τότε
1502 4373 1613 4430 τοῖς
1670 4370 1841 4438 ὁρῶσι

1925 557 2096 611 lenus.
2130 558 2295 623 inque
2315 558 2488 625 capite
2530 566 2638 611 tres
2675 560 2834 613 habet
2857 561 3068 613 cristas.
3116 560 3314 613 Praeter
3343 564 3479 613 hunc

1924 648 2171 700 meminit
2194 648 2335 701 idem
2364 649 2592 701 aliorum
2621 664 2836 716 quoque
2861 661 3200 716 serpentum.
3228 651 3483 717 Serpens,

1923 735 2019 797 ait,
2061 739 2358 805 quereinus
2392 741 2621 792 maxime
2653 742 2851 792 noxius
2871 751 2975 801 est,
3008 752 3064 793 et
3087 741 3225 793 intra
3252 758 3484 808 quercus

1924 828 2091 897 degit.
2124 829 2325 893 Quodsi
2366 830 2486 897 quis
2522 832 2664 883 hunc
2693 831 2886 893 caleat,
2924 847 3044 883 mox
3074 844 3253 885 cutem
3288 833 3483 900 p-dum

1924 920 2121 972 amittit
2170 929 2225 973 et
2273 922 2618 984 intumescit;
2680 921 2843 989 idque
2888 924 3242 975 consimiliter
3293 926 3486 977 at'Citlll

1926 1011 2073 1063 iilius
2128 1012 2379 1064 manibus
2439 1012 2528 1079 qui
2604 1013 2927 1065 medicinam
2988 1014 3071 1065 his
3126 1014 3237 1066 vult
3287 1016 3485 1068 facere.

1929 1102 2280 1155 Ihrmorrhus
2306 1112 2359 1155 et
2387 1104 2743 1157 haernorrhois
2791 1106 2860 1157 ita
2910 1113 3111 1156 net-ant
3149 1108 3397 1159 homines
3431 1117 3490 1158 ut

1925 1194 2198 1247 vocabulis
2228 1195 2360 1263 ipsis
2387 1196 2765 1264 signiﬁcatur:
2820 1213 2943 1249 nam
2990 1198 3102 1249 Lesi
3148 1198 3216 1251 ah
3254 1200 3335 1252 his
3366 1214 3491 1251 san-

1927 1286 2142 1355 guinem
2181 1300 2276 1353 per
2308 1300 2487 1348 nares,
2511 1300 2571 1338 os
2607 1294 2885 1353 totumque
2913 1287 3047 1340 adeo
3090 1302 3290 1355 corpus
3334 1290 3492 1340 emit-

1929 1376 2090 1430 tenda
2148 1376 2471 1429 moriuntur.
2543 1376 3008 1440 Quemadmodum
3061 1377 3151 1444 qui
3199 1392 3227 1428 a
3266 1377 3492 1445 dipsade

1927 1467 2090 1519 mersi
2121 1479 2266 1528 sunt,
2303 1468 2368 1519 ah
2400 1476 2535 1520 testu
2570 1469 2767 1521 misere
2794 1477 3056 1535 pereunt:
3097 1469 3299 1536 quippe
3332 1469 3488 1521 vehe-

1928 1565 2137 1608 menter
2188 1555 2455 1611 siticntcs,
2490 1571 2551 1607 ac
2609 1556 2833 1623 perusti,
2890 1571 3277 1623 nonnunquam
3329 1557 3491 1610 etiam

1927 1644 2254 1697 dissilientes
2310 1645 2750 1713 exstinguuntur.
2828 1648 3084 1698 Acontius
3143 1656 3323 1700 autem
3370 1636 3495 1699 isive

1925 1735 2216 1800 jaculator,
2247 1746 2421 1789 semet
2446 1736 2737 1791 admodum
2769 1737 3070 1790 extendens
3100 1741 3366 1806 quasique
3416 1738 3497 1799 ia-

1930 1826 2112 1879 culum
2161 1826 2431 1894 quoddam
2497 1828 2548 1879 in
2588 1828 2812 1880 adversa
2858 1828 3126 1889 insiliens.
3159 1845 3388 1897 corpora
3421 1832 3499 1885 sic

1924 1928 1988 1968 ea
2021 1917 2255 1985 perimit.
2284 1916 2469 1970 Itidem
2504 1916 2649 1971 inter
2682 1918 2898 1987 aspidcs
2929 1935 2991 1972 ca
3022 1935 3142 1989 qua:
3170 1932 3324 1991 ptyas
3352 1924 3501 1991 apel-

1926 2007 2068 2061 latur
2096 2010 2166 2061 ab
2191 2010 2528 2078 exspuendo,
2559 2011 2700 2064 collo
2725 2019 2957 2066 extenso
2986 2021 3041 2067 et
3068 2014 3337 2067 intervalli
3386 2031 3505 2068 ma-

1927 2098 2265 2166 gnitudinem
2317 2099 2466 2153 velut
2518 2115 2766 2165 emensa,
2821 2104 2973 2171 quasi
3006 2119 3070 2156 eo
3103 2105 3222 2173 ipso
3253 2116 3501 2174 tempore

1928 2189 2082 2244 fleret
2108 2190 2277 2245 bestia
2307 2192 2531 2246 rationis
2559 2195 2853 2261 particeps,
2882 2197 3032 2249 virus
3065 2212 3221 2251 suum
3251 2210 3503 2254 accurate

1927 2281 2171 2351 citraque
2201 2282 2599 2337 aberrationem
2633 2284 2685 2337 in
2727 2301 2956 2355 corpora
2991 2289 3225 2355 exsiluit.
3260 2290 3507 2346 Tradunt

1929 2380 2111 2426 autem
2159 2373 2402 2441 aspidum
2444 2389 2615 2444 genus
2666 2390 2787 2429 esse
2836 2379 3050 2447 triplex,
3100 2397 3333 2448 quarum
3383 2385 3505 2438 alia:

1931 2462 2183 2517 dicantur
2218 2472 2529 2528 terrestres,
2564 2466 2684 2520 alite
2718 2468 3092 2531 ehelidonaeze,
3146 2474 3301 2538 quasi
3355 2474 3506 2528 dicas

1932 2553 2313 2618 hirundineas,
2348 2557 2465 2609 alite
2493 2558 2714 2627 ptyades
2738 2599 2752 2623 ,
2805 2558 2873 2613 de
2908 2560 3105 2628 quibus
3142 2563 3368 2617 dictum.
3429 2565 3505 2619 Ex

1931 2643 2016 2699 his
2070 2646 2241 2700 tribus
2287 2662 2392 2700 una
2436 2647 2635 2716 regina:
2677 2648 2981 2717 Cleopatra:
3017 2661 3247 2706 mortem
3298 2656 3502 2721 attulit,

1932 2750 2054 2790 cum
2114 2736 2299 2791 fallere
2334 2741 2586 2793 custodes
2624 2740 2902 2796 adhibitos
2930 2743 3034 2797 sibi
3062 2745 3223 2798 vellet
3268 2761 3331 2800 ac
3360 2749 3506 2802 cele-

1936 2828 2074 2882 riter
2104 2829 2352 2898 citraque
2400 2832 2771 2899 suspicionem
2800 2847 3017 2887 omnem
3066 2836 3227 2891 mori.
3292 2837 3511 2892 Vicerat

1934 2919 2082 2974 enim
2129 2922 2272 2975 hanc
2321 2921 2603 2992 Augustus
2633 2923 2837 2989 Caesar,
2882 2940 3118 2994 cumque
3172 2929 3336 2983 vellet
3386 2945 3508 2985 eam

1935 3022 2054 3063 sese
2084 3024 2208 3063 cum
2239 3009 2479 3064 Antonio
2504 3011 2726 3076 dedere,
2758 3027 2866 3080 quo
2893 3014 2961 3067 de
2988 3014 3101 3083 ipsa
3127 3016 3510 3087 triumpharet,

1861 3130 1905 3190 ο
1937 3101 2002 3154 ad
2038 3115 2211 3171 genus
2241 3102 2343 3156 hoc
2388 3102 2578 3157 mortis
2614 3103 2721 3173 59
2749 3107 3172 3175 excogitandum
3222 3111 3509 3167 mulierem

1937 3191 2137 3262 adegit.
2210 3191 2345 3247 Nam
2382 3194 2470 3248 ubi
2502 3195 2632 3264 quid
2680 3196 2971 3251 moliretur
3009 3199 3287 3270 Augustus
3347 3204 3512 3259 intel-

1934 3284 2196 3347 lexisset,
2256 3285 2489 3354 ideoque
2542 3296 2693 3342 recte
2715 3304 2775 3342 se
2803 3289 3071 3346 facturam
3114 3295 3414 3358 statuisset,
3465 3300 3512 3353 si

1937 3374 2347 3443 quamprimum
2390 3378 2551 3431 vitam
2581 3379 2952 3449 abrumperet,
2997 3385 3230 3439 durarunt
3259 3402 3514 3455 quarum-

1936 3466 2059 3520 dam
2092 3467 2534 3525 muliercularum
2558 3486 2745 3541 opera,
2779 3475 3037 3529 nimirum
3061 3480 3238 3536 Nairae
3256 3496 3319 3536 ac
3342 3484 3516 3537 Char-

1941 3558 2174 3621 niiones,
2198 3560 2263 3614 ad
2287 3573 2514 3616 mortem
2545 3565 2647 3618 sibi
2675 3566 3070 3622 conciliandam
3099 3574 3289 3628 utitur.
3326 3576 3516 3643 itaque

1938 3647 2162 3704 fallendi
2196 3654 2454 3707 custodes
2491 3670 2662 3709 causa
2698 3658 2752 3710 in
2784 3659 3040 3725 quasillo,
3068 3678 3176 3731 quo
3212 3665 3295 3718 tiri
3322 3642 3373 3718 (τι
3398 3642 3517 3719 uvae

1941 3742 2383 3809 continebantur,
2435 3746 2499 3799 ad
2558 3762 2675 3801 eam
2723 3751 2870 3818 aspis
2921 3753 3177 3809 infertur.
3238 3758 3372 3827 Ejus
3404 3760 3515 3813 vim

1941 3832 2178 3901 primum
2215 3836 2266 3887 in
2301 3836 2639 3892 mulierculis
2668 3840 2799 3908 ipsis
2846 3846 3118 3912 explorat.
3188 3848 3391 3903 Deinde
3424 3867 3517 3905 eo-

1941 3924 2091 3992 gnito
2134 3924 2522 3982 bestiolam'ad
2564 3931 2873 3985 necandum
2911 3934 3339 3991 efﬁcacissimam
3371 3955 3515 3998 esse,

1941 4013 2102 4068 simul
2135 4017 2405 4088 exstingui
2440 4034 2705 4090 generose
2730 4024 3097 4094 nobiliterque
3121 4030 3334 4090 volens,
3366 4032 3518 4101 regio

1943 4117 2000 4156 se
2037 4116 2233 4159 ornatu
2282 4108 2488 4164 induit.
2544 4112 2722 4182 Atque
2762 4116 2865 4170 hoc
2915 4119 3078 4171 modo
3133 4122 3416 4174 sinistrum
3450 4125 3517 4176 ad

1943 4194 2114 4265 latus],
2151 4213 2259 4265 quo
2304 4203 2531 4256 tendere
2605 4220 2700 4257 cur
2760 4208 2983 4275 propius
3032 4212 3217 4276 sciret,
3274 4213 3520 4269 adhibita

1943 4284 2170 4339 bestiola
2201 4291 2343 4359 regia
2366 4293 2597 4359 quadam
2623 4310 2746 4349 cum
2771 4297 3034 4367 dignitate
3060 4304 3310 4356 moritur.
3352 4306 3522 4359 Aiunt

1944 4376 2090 4430 enim
2127 4389 2397 4446 repertam
2431 4398 2653 4437 manqu
2697 4386 2869 4454 ipsius
2904 4387 3152 4443 dextram
3206 4392 3515 4461 impositam

271 4464 486 4535 βασιλὶς
513 4462 653 4516 οὖσα
679 4461 965 4531 βλέπηται.
1009 4460 1227 4513 Τούτων
1278 4459 1463 4530 μέντοι
1494 4458 1601 4512 τῶν
1636 4458 1838 4529 θηρίων

1945 4466 2131 4534 capiti,
2181 4485 2286 4537 qua
2323 4471 2570 4527 diadema
2608 4484 2840 4542 teneret,
2884 4489 2944 4532 ut
2993 4489 3103 4533 tum
3139 4458 3355 4552 quoque
3400 4500 3522 4552 spr-

270 4554 681 4625 ἒμνημόνευσεν
710 4552 739 4601 ό
761 4550 1019 4621 Γαληνὸς,
1057 4553 1155 4621 τὴν
1188 4547 1247 4614 ἐξ
1279 4551 1403 4603 ὅλου
1460 4549 1557 4603 τοῦ
1592 4549 1844 4618 σώματος

271 4645 452 4696 αὐτῶν
500 4642 768 4694 διδάσκων
825 4640 1143 4710 διαφθοράν,
1190 4640 1284 4692 καὶ
1337 4640 1411 4703 ὡς
1474 4640 1535 4693 οὐ
1595 4639 1701 4710 χρὴ
1768 4638 1845 4707 τῷ

270 4736 579 4805 φαρμάκῳ,
617 4738 683 4803 τῇ
721 4734 958 4804 θηριακῇ
991 4726 1256 4801 δηλονότι,
1298 4730 1521 4783 τοιαῦτα
1566 4730 1847 4799 παραμίγ-

272 4825 487 4879 νυσθαι.
538 4825 655 4893 Ἐφ’
688 4819 730 4890 ᾧ
780 4824 880 4886 τὰς
913 4822 1125 4891 ἐχίδνας
1178 4818 1704 4889 παραλαμϐάνομεν,
1749 4822 1846 4871 σὺν

271 4918 350 4988 τῷ
380 4917 585 4989 οὐραίῳ
636 4916 734 4980 τὰς
799 4915 1046 4985 κεφαλὰς
1104 4914 1524 4983 ἀποτέμνοντες,
1582 4914 1641 4965 ὲν
1687 4906 1767 4974 οἷς
1818 4910 1847 4963 ὀ

272 5010 485 5063 κακίων
513 5008 710 5078 χυμὸς,
734 5008 1017 5059 τουτέστιν
1048 5006 1213 5068 αὐτὸς
1278 5006 1307 5057 ό
1350 5004 1449 5067 ἰός.
1505 5005 1614 5067 Τὰς
1675 5004 1847 5072 μέσας

272 5102 371 5155 οὖν
402 5101 611 5169 σάρκας
670 5098 1023 5161 ἐκϐάλλοντες
1069 5099 1416 5169 ίσχυρότερον
1476 5096 1739 5166 ποιοῦμεν
1786 5097 1847 5148 τὸ

272 5194 586 5264 φάρμακον.

350 5458 413 5509 El
435 5455 493 5508 δὶ
519 5456 615 5508 καὶ
639 5453 761 5508 ὅθεν
793 5452 1065 5522 ἐπενοήθη
1099 5452 1208 5505 τῶν
1235 5452 1518 5523 ἐχιδναίων
1568 5456 1785 5527 σαρκῶν
1812 5459 1844 5528 ἡ

272 5547 523 5618 ἐπίμιξις
556 5547 760 5609 ὲθέλεις
790 5545 1005 5616 μαθεῖν,
1063 5549 1090 5599 ὁ
1124 5549 1272 5614 παρὰ
1305 5546 1441 5599 πᾶσι
1476 5546 1660 5615 σχεδὸν
1685 5551 1848 5618 φερό-

276 5656 441 5710 μενος
468 5638 626 5707 λόγος
665 5637 940 5691 καὶτοῦτο
962 5638 1061 5708 ἠδη
1090 5638 1295 5701 διδάξει
1330 5637 1413 5690 σε.
1464 5639 1699 5707 Λέγεται
1739 5642 1846 5712 γὰρ

279 5733 362 5783 Ξτι
389 5730 531 5784 κατά
558 5732 656 5799 τὴν
689 5729 1069 5802 πρεσϐυτέραν
1114 5734 1331 5799 Ῥώμην
1362 5727 1483 5800 ὥρᾳ
1537 5728 1725 5801 θέρους
1756 5735 1846 5787 ἄν·

600 5824 871 5882 1Ἀτιιυι..
909 5824 1024 5887 Gn.
1072 5824 1323 5886 CLVIII.

1947 4559 2229 4614 ctantibus
2280 4564 2526 4633 reginam
2580 4582 2638 4620 se
2704 4571 3039 4626 ostenderet.
3101 4573 3302 4628 Harum
3355 4577 3522 4643 igitur

1946 4648 2247 4704 bestiarum
2271 4652 2513 4711 Galenus
2541 4660 2880 4714 mentionem
2911 4662 3058 4727 fect,
3084 4681 3191 4734 quo
3220 4675 3380 4735 pacto
3405 4684 3526 4736 per-

1947 4741 2172 4795 niciosa:
2207 4743 2340 4807 sint,
2372 4760 2440 4799 ex
2474 4757 2588 4801 toto
2625 4765 2855 4819 corpore
2888 4754 3193 4820 declarans,
3248 4757 3525 4825 sitmdque

1950 4830 2266 4902 significans
2312 4851 2422 4891 non
2476 4838 2680 4895 debere
2710 4843 3010 4911 pharmace
3042 4847 3093 4899 id
3142 4858 3226 4902 est
3269 4849 3525 4906 theriaca:

1949 4925 2195 4992 quaedam
2226 4926 2463 4983 misceri.
2522 4930 2641 4997 Quo
2675 4932 2733 4986 fit
2767 4943 2828 4988 ut
2862 4952 2984 4991 cum
3022 4939 3087 4991 ad
3148 4956 3307 4996 usum
3334 4956 3523 4996 earum

1948 5009 2165 5080 viperas
2212 5015 2507 5081 sumimus,
2562 5034 2669 5073 una
2702 5037 2826 5075 cum
2860 5024 3033 5078 cauda
3066 5039 3228 5096 caput
3259 5030 3525 5097 praecida-

1949 5112 2094 5160 mus,
2126 5100 2326 5168 quibus
2356 5102 2409 5156 in
2443 5106 2692 5173 partibus
2723 5108 2920 5163 humor
2946 5112 3035 5165 ille
3066 5114 3328 5180 deterior,
3360 5117 3524 5171 nimi-

1946 5203 2068 5242 rum
2103 5192 2255 5246 virus
2301 5193 2502 5262 ipsum,
2537 5199 2775 5256 exsistit.
2834 5203 3073 5271 ideoque
3120 5221 3313 5261 carnes
3360 5211 3524 5263 medii

1948 5283 2200 5350 corporis
2261 5297 2586 5343 exset‘antes
2637 5292 2995 5361 pharmacum
3041 5299 3365 5364 przesmrtius
3410 5300 3528 5354 elli-

1948 5377 2143 5433 cimus.

2020 5468 2222 5535 Quodsi
2264 5472 2428 5527 etiam
2452 5475 2595 5530 scire
2616 5478 2774 5547 cupis
2805 5480 2947 5534 unde
2970 5483 3205 5551 primum
3230 5487 3299 5539 sit
3321 5496 3523 5551 ortum,

1948 5563 2092 5632 quod
2140 5566 2395 5618 theriaea:
2442 5569 2755 5636 viperarum
2804 5587 2995 5627 carnes
3048 5575 3366 5644 miscentur,
3424 5583 3528 5635 hoc

1950 5653 2129 5721 ipsum
2186 5670 2251 5709 ex
2309 5666 2436 5711 nota
2470 5659 2633 5727 vulgo
2674 5663 2989 5717 narratione
3019 5665 3176 5720 facile
3206 5685 3528 5740 cognosces.

1952 5739 2230 5796 l‘roditunt
2262 5754 2344 5799 est
2374 5747 2520 5799 enim
2550 5753 2827 5805 memoriae
2843 5755 3103 5821 quosdam
3125 5757 3275 5825 juxta
3305 5762 3529 5816 Romani
