4204 6450
693 416 787 476 131

1964 407 2382 470 MlCUAELlS
2422 413 2676 471 GLULE

3824 414 3925 476 132

691 539 954 581 veterem.
988 539 1111 577 cum
1146 525 1335 576 aestivo
1371 532 1615 589 tempore
1648 520 1823 590 spicas
1857 525 2137 587 vellerent,
2172 525 2259 578 siti

2378 523 2487 591 Βρες
2519 526 2660 583 τινὲς
2692 527 2929 591 στάχυας
2997 524 3224 576 ἔτιλλον.
3275 523 3385 575 Καὶ
3436 522 3593 576 τοῦτο
3643 524 3923 588 ποιοῦντες

693 621 861 673 fuisse
920 627 1223 682 correptos.
1290 614 1475 680 Itaque
1538 612 1815 666 vasculum
1866 615 1931 667 ad
1987 616 2256 684 quoddam

694 714 819 762 \ino
856 709 1078 778 plenum
1113 707 1442 765 cucurrisse,
1487 704 1633 771 quod
1674 720 1739 758 eo
1779 720 1836 759 se
1876 706 2020 759 sitim
2052 707 2261 760 exstin~

695 813 877 852 ctnros
909 807 1213 865 sperarent.
1303 794 1503 849 Verum
1540 811 1599 848 ca
1648 810 1744 864 spe
1774 796 2079 859 excidisse;
2136 810 2260 848 nam

694 897 879 959 vipera
915 893 1097 944 subito
1134 891 1258 942 inde
1291 891 1579 956 prosiliens
1617 890 1864 942 homines
1908 890 1975 942 ab
2012 890 2261 942 instituto

695 991 1003 1035 ierucauat.
1068 978 1204 1042 Quid
1253 964 1551 1030 secundum
1590 978 1703 1031 haec
1756 978 1978 1029 evenit?
2030 976 2264 1031 Suniunt

694 1087 904 1130 vanm,
941 1074 1101 1136 idque
1133 1070 1347 1121 cuidam
1382 1069 1588 1120 lmiuiui
1624 1068 1819 1120 misere
1845 1068 2042 1121 allecto
2084 1066 2263 1134 porri-

695 1174 848 1236 gunt,
898 1174 967 1217 .ut
1018 1167 1119 1215 hoc
1173 1170 1337 1228 epoto
1369 1164 1531 1212 citius
1571 1160 1733 1213 tantis
1759 1160 2038 1211 doloribus
2069 1159 2266 1211 libera-

696 1269 865 1311 t'ctur.
903 1271 1004 1307 nec
1040 1268 1209 1320 usque
1240 1253 1374 1304 adeo
1408 1253 1618 1303 tristem
1669 1250 1901 1319 amplius
1940 1252 2107 1302 vitam
2139 1264 2266 1319 age-

697 1360 794 1399 ret.
840 1348 1047 1413 Accipit
1088 1346 1329 1397 oblatum
1371 1342 1459 1395 ille
1493 1342 1701 1404 riuum,
1749 1350 1953 1394 etcum
1992 1341 2266 1409 voluptate

694 1438 969 1488 «ιλιιςιιιτὶι.
1032 1434 1150 1488 Mox
1189 1449 1307 1488 sese
1360 1434 1550 1485 morbo
1591 1432 1811 1484 liberari
1861 1432 2265 1485 animadvertit.

695 1527 1058 1588 Quamobrem
1104 1524 1171 1575 ab
1218 1523 1308 1575 illo
1344 1530 1588 1588 tempore
1615 1534 1811 1573 carnes
1856 1520 2111 1588 viperina:
2142 1520 2269 1574 huic

696 1618 988 1685 pharmace
1038 1613 1257 1666 misceri
1306 1620 1733 1671 consueverunt,
1762 1609 1847 1662 cui
1885 1610 2137 1663 theriaea:
2164 1625 2267 1663 no-

695 1722 819 1758 tncn
851 1707 1035 1757 datum
1065 1715 1147 1756 est
1170 1718 1199 1755 a
1231 1701 1360 1755 feris
1388 1709 1551 1769 atque
1579 1698 1793 1763 bestiis,
1820 1699 2018 1767 quibus
2050 1698 2115 1751 ad
2148 1713 2265 1751 eam

696 1796 1091 1849 conficiendam
1134 1795 1363 1846 utimur.
1427 1790 1492 1843 Et
1546 1788 1804 1843 conducit
1860 1788 1910 1841 in
1964 1788 2152 1857 primis
2201 1790 2267 1841 ad

2361 614 2504 682 ea}...
2540 615 2780 680 γίνονται
2811 616 3055 684 κάτοχοι.
3082 615 3266 684 Ταύτῃ
3290 632 3368 667 τοι
3400 618 3496 668 καὶ
3548 618 3679 685 πρὸς
3707 620 3928 684 ἀγγεῖον

2362 703 2589 774 ἔτρεχον
2620 708 2764 759 οίνου
2804 704 3367 777 μεστὸν,’ὲλπίζοντες
3424 708 3635 761 ἐκεῖθεν
3680 708 3928 760 ἀπαλλα-

2363 796 2466 865 γὴν
2494 797 2593 864 τῆς
2619 797 2781 866 δίψης
2812 798 3013 865 εὑρεῖν.
3051 800 3193 871 ’ᾼλλ’
3226 800 3539 868 ἐσφάλησαν
3566 799 3659 851 τοῦ
3684 800 3887 852 σκοποῦ
3910 814 3927 830 ⁸

2362 886 2479 954 ἔχις
2518 887 2627 957 γάρ
2656 888 2866 939 ἐκεῖθεν
2909 889 3166 958 αἰιρνηδδν
3214 891 3574 959 ἐκπηδήσασα
3603 892 3703 957 τῆς
3748 893 3927 959 ὁρμῆς

2364 977 2563 1039 αὐτοὺς
2596 979 2927 1047 ἀνεχαίτισε.
2978 980 3044 1032 Τί
3069 980 3126 1031 τὸ
3165 981 3258 1031 ἐπὶ
3298 980 3537 1043 τούτοιςς
3572 981 3929 1048 Λαμῦάνουσι

2367 1069 2457 1117 τὸν
2484 1064 2625 1120 οἶνον
2655 1070 2751 1120 καὶ
2780 1069 3052 1138 ἀνθρώπῳ
3089 1075 3197 1122 τινὶ⁵
3251 1071 3619 1139 λελωϐημένῳ
3675 1070 3935 1135 διδόασιν,

2367 1156 2441 1218 ὡς
2473 1159 2725 1211 ἐντεῦθεν
2782 1161 2945 1214 αὑτὸν
2998 1161 3193 1213 θᾶττον
3238 1161 3503 1229 ἐκστῆναι
3559 1162 3669 1213 τῶν
3706 1155 3807 1214 ὧδε
3842 1163 3939 1213 καὶ

2370 1249 2446 1320 μὴ
2476 1252 2536 1303 τὸ
2561 1250 2660 1321 ζῇν
2690 1250 2749 1303 οὗ
2764 1269 2861 1313 τως
2889 1252 3033 1321 ἔχειν
3076 1252 3372 1307 ἐπώδυνον.
3408 1254 3634 1321 Δέχεται
3670 1253 3762 1305 τὸν
3791 1250 3937 1304 οἶνον

2372 1342 2603 1404 ἐκεῖνος,
2639 1342 2759 1409 μεθ’
2811 1342 3004 1411 ήδονῆς
3040 1344 3273 1412 ὲκροφᾷ,
3308 1346 3401 1397 καὶ
3456 1344 3801 1411 παραχρῆμα
3836 1343 3942 1409 τῆς

2370 1433 2524 1486 νόσου
2566 1431 2838 1500 λύτρωσιν
2868 1432 3085 1502 εὕρατο.
3121 1433 3346 1485 Ἔκτοτε
3396 1429 3488 1486 οὖν
3518 1434 3573 1485 αί
3602 1433 3698 1500 τῆς
3726 1433 3942 1500 ἐχίδνης

2374 1523 2574 1591 σάρκες
2609 1521 2970 1589 ἐμϐάλλονται
2997 1521 3074 1590 τῷ
3120 1522 3421 1592 φαρμάκῳ.
3464 1521 3626 1575 Ἀλλὰ
3688 1524 3781 1574 καὶ
3848 1523 3945 1590 θη-

2374 1611 2569 1679 ρισκὴν
2599 1611 2661 1661 τὸ
2692 1609 2937 1663 τοιοῦτον
3002 1610 3091 1663 διὰ
3140 1611 3241 1673 τὰς
3300 1610 3410 1661 τῶν
3470 1611 3675 1680 θηρίων
3733 1611 3943 1680 σάρκας

2371 1702 2797 1770 ἐπονομάζουσι,
2864 1702 2959 1754 καὶ
3018 1702 3099 1754 ὅτι
3147 1703 3260 1763 τοῖς
3298 1701 3407 1754 ἀπὸ
3443 1700 3551 1753 τῶν
3602 1701 3782 1769 ὄφεων
3812 1701 3941 1767 δήγο

2377 1806 2538 1858 μασι·
2581 1792 2675 1843 καὶ
2726 1787 2872 1857 μάλα
2924 1788 3013 1840 τὸ
3066 1788 3310 1841 τοιοῦτον
3361 1789 3651 1858 ἁρμόττει.
3708 1789 3819 1856 Τῆς
3887 1788 3945 1840 δὲ

697 1889 970 1941 sanandos
999 1894 1319 1953 serpentum
1359 1896 1606 1935 morsus.
1642 1881 1847 1934 Auctor
1882 1880 2090 1934 imenti
2124 1880 2275 1947 prin-

2378 1856 2634 1950 τοιαύτης
2711 1856 3049 1948 ἒπινοήσεως
3123 1856 3494 1948 Ἀνδρόμαχός
3567 1897 3653 1941 τις
3712 1881 3941 1948 γέγονεν

695 1997 823 2049 ccps
870 1981 1036 2032 fuisse
1087 1977 1259 2031 fertur
1294 1971 1714 2029 Andromachus
1744 1972 1991 2041 quidam,
2026 1979 2088 2023 ut
2115 1969 2274 2023 Gale-

696 2088 796 2125 nus
827 2071 1067 2139 scripsit,
1105 2068 1198 2138 qui
1226 2065 1462 2120 Neronis
1492 2073 1649 2118 aetate
1678 2064 1832 2118 vixit.

762 2166 1027 2218 Caeterum
1080 2169 1275 2229 praeter
1334 2158 1599 2210 hactenus
1647 2154 1883 2207 indicata
1922 2156 2062 2209 seire
2108 2156 2274 2211 debes

694 2256 1015 2309 conuolutos
1042 2260 1326 2320 serpentes
1352 2249 1522 2312 coire,
1546 2246 2003 2315 quemadmodum
2032 2246 2271 2301 erinacei

695 2358 959 2403 cacantes
988 2346 1057 2399 ob
1090 2343 1272 2412 spinas
1306 2340 1437 2393 recti
1477 2349 1624 2392 stare
1655 2339 1852 2392 solent.
1891 2340 2095 2403 Quodsi
2139 2355 2270 2394 cau—

695 2458 809 2494 sam
845 2440 977 2492 libet
1009 2447 1363 2505 cognoscere,
1396 2430 1750 2499 quamobrem
1778 2440 2063 2499 serpentes
2094 2430 2274 2485 hieme

697 2546 893 2587 terrain
931 2529 1185 2587 subeant,
1218 2534 1405 2577 testate
1440 2537 1657 2575 rursum
1709 2522 1776 2574 ad
1819 2522 1936 2575 loca
1987 2521 2271 2591 superiora

695 2622 984 2692 prodeant,
1008 2616 1355 2687 perspicuum
1381 2622 1463 2666 est
1482 2613 1624 2664 illam
1654 2611 1957 2679 hujusmodi
1982 2613 2273 2680 quamdam

696 2708 980 2781 esse.'60
1014 2708 1216 2761 Natura
1248 2718 1478 2773 serpens
1507 2702 1733 2772 frigidus
1764 2703 2095 2765 est,‘sieeus,
2134 2718 2266 2756 ner-

695 2821 883 2868 vosus,
929 2801 1109 2869 exigui
1160 2798 1464 2867 sanguinis,
1497 2810 1604 2863 quo
1635 2794 1694 2847 fit
1722 2802 1781 2847 ut
1809 2794 2124 2847 necessario
2156 2794 2274 2847 loca

695 2912 909 2967 semper
942 2894 1111 2948 calida
1142 2899 1371 2960 quaerat.
1427 2888 1671 2955 Cumque
1713 2899 1811 2954 per
1842 2885 2078 2938 hiemem
2115 2887 2263 2938 calor

695 2991 759 3045 ad
784 2991 889 3042 ima
914 2985 1136 3039 tendere
1156 2981 1349 3041 soleat,
1380 2992 1478 3047 per
1507 2986 1753 3031 aestatem
1775 2979 2059 3029 sursumin
2086 2980 2276 3043 snper—

697 3083 816 3138 ticie
870 3090 1025 3134 teme
1077 3078 1232 3145 quasi
1273 3072 1639 3141 dispergatur,
1700 3078 1987 3138 propterea
2042 3082 2274 3137 serpens

695 3176 858 3229 etiam
888 3172 1142 3239 regiones
1186 3166 1415 3233 locaque
1445 3174 1545 3215 sua
1585 3173 1685 3229 pro
1712 3160 1854 3213 aeris
1886 3159 2272 3213 constitutione

696 3278 908 3322 mutare
936 3258 1242 3315 consuerit.
1278 3253 1411 3309 Nam
1449 3261 1503 3307 et
1533 3267 1684 3319 aqute
1713 3250 1961 3320 puteales
1987 3264 2082 3318 per
2112 3260 2273 3302 :lett-

697 3369 802 3411 tem
845 3354 1053 3424 frigidae
1083 3358 1229 3414 sunt,
1281 3361 1379 3415 per
1430 3343 1667 3397 hiemem
1700 3340 1910 3394 calidae.
1944 3339 2098 3393 Tunc
2125 3341 2272 3392 enim

695 3450 897 3518 frigore
932 3452 1115 3514 partes
1160 3448 1443 3509 puteorum
1476 3447 1761 3502 supremas
1788 3440 2091 3501 occupante
2127 3430 2276 3484 calor

695 3542 763 3596 ad
807 3543 913 3594 ima
949 3536 1143 3592 tendit.
1195 3532 1327 3597 Quae
1354 3543 1517 3584 causa
1553 3536 1657 3590 est,
1691 3540 1791 3579 cur
1827 3523 2090 3594 ejusmodi
2123 3537 2278 3593 aquae

702 3646 797 3701 per
856 3629 1091 3682 hiemem
1128 3626 1357 3677 caleant.
1424 3618 1639 3685 Quippe
1690 3622 1885 3667 natura
1931 3627 2275 3682 nequaquam

701 3721 946 3776 instituit
974 3726 1033 3770 ut
1062 3715 1231 3783 frigus
1263 3719 1425 3777 atque
1445 3706 1591 3759 calor
1607 3704 1801 3760 eodem
1828 3703 1882 3757 in
1910 3702 2031 3757 loco
2058 3702 2279 3757 eodem.

700 3830 804 3887 que
830 3822 1075 3881 tempore
1113 3804 1277 3860 simul
1308 3802 1594 3856 exsistant.

774 4001 905 4055 Volo
938 4010 987 4053 te
1032 3998 1133 4051 hoc
1179 4006 1397 4062 quoque
1438 3996 1635 4060 prteter
1668 3985 1913 4056 exposita
1944 3982 2107 4048 scire,
2138 3996 2271 4037 con-

701 4110 888 4153 suesse
924 4105 1109 4147 sacras
1135 4089 1368 4143 Litteras
1401 4091 1683 4152 serpentes
1708 4080 1976 4134 maximos
2004 4076 2277 4146 appellare

702 4194 988 4250 dracones,
1022 4182 1320 4253 praisertim
1354 4188 1478 4231 cum
1502 4176 1567 4229 de
1595 4173 1755 4227 Mosis
1780 4172 1928 4242 virga
1954 4171 2273 4238 loquuntur,

704 4285 875 4339 fuisse
917 4279 1137 4348 quidem
1170 4275 1313 4327 illam
1347 4270 1500 4340 prius
1531 4268 1585 4321 in
1628 4274 1939 4334 serpentem
1970 4272 2277 4316 commuta-

706 4389 838 4440 tam,
882 4386 1068 4425 verunt
1113 4366 1372 4431 deinceps
1406 4361 1457 4412 in
1512 4358 1831 4419 draconem,
1859 4368 1922 4408 ac
1974 4350 2275 4406 secundum

706 4471 818 4521 haec
864 4467 1044 4531 virgas
1086 4454 1543 4528 prrestigiatorum
1606 4446 1905 4501 Pharaonis
1956 4446 2273 4505 devorasse,

2376 1973 2575 2033 αἴτιος,
2629 1968 2773 2024 καθὰ
2822 1986 2956 2039 φησι
3008 1968 3269 2039 Γαληνὸς,
3331 1970 3687 2039 συνακμάσας
3731 1969 3808 2040 τῷ
3836 1970 3947 2022 Νέ-

2377 2085 2529 2131 ρωνι.

2447 2155 2591 2227 Πρὸς
2618 2155 2675 2209 δέ
2708 2172 2767 2223 γε
2797 2155 2910 2219 τοῖς
2966 2152 3302 2223 εἰρημένοις,
3352 2153 3730 2224 ἑλιττομένους
3778 2153 3949 2223 ἀλλή-

2375 2249 2486 2311 λοις
2519 2248 2755 2314 γίνωσκε
2799 2247 2921 2309 τοὺς
2968 2246 3122 2316 ὄφεις
3180 2244 3489 2315 ὀχεύεσθαι,
3538 2244 3684 2299 καθά
3741 2244 3808 2314 δὴ
3852 2245 3951 2299 καὶ

2376 2340 2502 2401 τοὺς
2528 2339 2739 2407 ἐχίνους
2789 2337 3007 2408 ὀρθίους
3051 2337 3378 2406 ἱσταμένους
3431 2335 3515 2391 διὰ
3548 2335 3650 2407 τὴν
3683 2336 3946 2391 ἄκανθαν.

2376 2432 2440 2485 Ei
2467 2432 2523 2484 δὲ
2546 2432 2635 2484 καὶ
2680 2432 2778 2501 τὴν
2810 2430 2989 2483 αἰτίαν
3022 2428 3203 2499 βούλει
3250 2428 3446 2496 μαθεῖν
3495 2429 3563 2481 δι’
3598 2430 3665 2500 ἢν
3710 2431 3757 2482 οί
3786 2430 3949 2499 ὄφεις

2375 2522 2644 2592 χειμῶνος
2696 2523 2797 2591 μὲν
2829 2525 2896 2592 τῇ
2932 2525 3001 2591 γῇ
3041 2522 3422 2586 καταδύονται,
3487 2519 3676 2590 θέρους
3708 2520 3765 2574 δὲ
3821 2524 3951 2584 τοὺς

2374 2615 2487 2667 ἀνω
2514 2620 2712 2675 τόπους
2747 2613 3095 2680 ἐπιζητοῦσι,
3134 2613 3313 2682 σαφὴς
3341 2613 3424 2666 ὅτι
3454 2615 3549 2666 καὶ
3597 2612 3737 2681 αὕτη
3806 2614 3947 2668 ἐστί.

2375 2705 2597 2775 Ψυχρδς
2634 2705 2809 2773 ὁόφις
2840 2705 2957 2756 ἐστὶ
3012 2704 3107 2757 καὶ
3161 2702 3324 2773 ξηρὸς
3379 2705 3474 2755 καὶ
3532 2704 3809 2772 νευρώδης
3851 2705 3952 2756 καὶ

2374 2797 2715 2864 ὀλιγόαιμος,
2746 2797 2832 2864 ἐφ’
2863 2791 2906 2863 ᾧ
2936 2796 3034 2847 καὶ
3066 2796 3193 2857 τοὺς
3227 2794 3471 2865 θερμοὺς
3518 2796 3604 2846 ἀεὶ
3625 2796 3827 2857 τόπους
3892 2795 3951 2858 ἑξ

2377 2888 2623 2956 ἀνάγκης
2653 2886 2905 2956 ἐπιζητεῖ
2929 2904 2945 2920 ο
2982 2887 3077 2940 καὶ
3106 2887 3297 2954 ἐπειδὴ
3331 2886 3602 2955 χειμῶνος
3639 2887 3791 2955 μὲνὴ
3818 2887 3947 2952 θερ-

2380 2979 2549 3049 μότης
2584 2978 2733 3031 κάτω
2769 2980 2967 3047 χωρεῖν
3008 2974 3189 3041 εἴωθέ,
3250 2978 3440 3047 θέρους
3472 2977 3529 3030 δὶ
3584 2978 3793 3030 ἄνωθεν
3823 2958 3948 3029 ἑπι-

2379 3070 2632 3135 πολάζει,
2664 3070 2753 3122 διὰ
2778 3069 2935 3121 τοῦτο
2990 3069 3084 3122 καὶ
3116 3067 3214 3131 τὰς
3243 3068 3442 3121 ἑαυτοῦ
3498 3068 3671 3137 νομὰς
3700 3071 3836 3139 πρός
3886 3086 3949 3136 γε

2377 3161 2476 3229 τὴν
2502 3160 2595 3212 τοῦ
2627 3160 2789 3229 ἀέρος
2825 3160 3159 3213 κατάστασιν
3194 3157 3524 3211 ὑπαλλάττει
3553 3158 3580 3209 ὁ
3614 3158 3764 3225 ὄφις.
3799 3158 3946 3228 Ὀρα

2376 3254 2485 3325 γὰρ
2514 3255 2595 3306 ὅτι
2629 3257 2722 3307 καὶ
2747 3253 2814 3306 τὰ
2843 3253 3137 3323 φρεατιαῖα
3162 3249 3334 3304 ὕδατα
3365 3250 3555 3319 θέρους
3592 3251 3691 3317 μὲν
3740 3253 3948 3320 τυγχά-

2376 3364 2456 3401 νει
2477 3347 2685 3417 ψυχρὰ,
2722 3347 2991 3417 χειμῶνος
3014 3346 3069 3399 δὲ
3099 3344 3301 3415 θερμά.
3333 3344 3649 3413 Τηνικαῦτα
3703 3345 3796 3398 καὶ⁵
3836 3344 3946 3415 γὰρ

2375 3440 2472 3508 τῆς
2494 3439 2834 3511 ψυχρότητος
2882 3438 3088 3493 ἄνωθεν
3145 3436 3587 3505 ἐπιπολαζούσης
3626 3438 3706 3501 εἰς
3748 3439 3810 3489 τὸ
3855 3437 3952 3507 βά-

2377 3531 2530 3599 θοςή
2583 3531 2855 3602 θερμότης
2884 3532 3073 3599 χωρεῖ,
3131 3530 3252 3582 ὅθεν
3318 3529 3413 3581 καὶ
3466 3529 3645 3598 θερμὰ
3685 3530 3949 3599 τυγχάνει

2377 3623 2519 3676 κατά
2540 3638 2603 3689 γε
2638 3623 2729 3674 τὸν
2760 3622 3007 3692 χειμῶνα
3071 3622 3139 3674 τὰ
3187 3620 3379 3676 ὕδατα.
3434 3620 3545 3690 Τήν
3588 3637 3646 3673 τε
3702 3622 3813 3691 γὰρ
3841 3622 3945 3690 ψυ-

2378 3713 2618 3783 χρότητα
2642 3713 2739 3767 καὶ
2768 3712 3086 3783 θερμότητα
3152 3711 3296 3766 κατά
3335 3728 3400 3779 γε
3432 3712 3523 3764 τὸν
3577 3711 3739 3765 αὑτὸν
3778 3712 3948 3765 τόπον

2376 3807 2470 3856 καὶ
2543 3804 2735 3873 χρόνον
2792 3802 2910 3872 ἅμα
2972 3803 3158 3872 μένειν
3223 3805 3256 3873 ή
3318 3802 3484 3872 φύσις
3545 3803 3645 3856 οὐκ
3698 3802 3953 3873 ινομοθέ-

2376 3910 2562 3963 τησεν.

2461 3982 2622 4035 Ἀλλά
2652 3982 2746 4035 καὶ
2773 3980 2933 4034 τοῦτο
2963 3983 3099 4053 πρὸς
3144 3985 3256 4045 τοῖς
3287 3981 3471 4047 ἄλλοις
3499 3982 3697 4037 εἰδέναι
3729 3999 3789 4035 σε
3825 3982 3955 4053 βού-

2376 4078 2559 4147 λομαι.
2583 4078 2721 4139 Τοίις
2754 4077 3042 4145 μεγίστους
3076 4075 3227 4144 ὄφεις
3246 4075 3543 4145 δράκοντας
3573 4075 3733 4129 εἴωθε
3761 4076 3953 4129 καλεῖν
4016 4114 4028 4123 ,

2382 4172 2415 4239 ή
2454 4170 2668 4239 Γραφὴ,
2711 4171 2802 4221 καί
2843 4168 3043 4237 μᾶλλον
3080 4168 3239 4237 ἡνίκα
3285 4168 3417 4238 περὶ
3451 4167 3551 4235 τῆς
3580 4167 3777 4237 ῥάϐδου
3801 4169 3953 4235 λέγει

2377 4256 2472 4310 τοῦ
2505 4257 2770 4321 Μωσέως,
2814 4254 3225 4325 μεταϐληθῆναι
3257 4256 3356 4324 μὲν
3407 4254 3484 4316 εἰς
3516 4254 3639 4321 ὄφιν
3668 4253 3729 4305 τὸ
3758 4253 3957 4323 πρότε-

2382 4361 2494 4414 ρον,
2531 4339 2832 4405 είθόῦτως
2885 4346 2961 4402 είς
3008 4342 3302 4410 δράκοντα,
3342 4341 3639 4395 κάντεῦθεν
3676 4342 3776 4403 τὰς
3817 4342 3957 4410 ράϐ-
4002 4408 4005 4413 _

2378 4436 2500 4497 δους
2533 4434 2642 4487 τῶν
2689 4434 2959 4487 ὲπαοιδῶν
2990 4432 3087 4485 τοῦ
3120 4432 3321 4502 Φαραὼ
3359 4434 3672 4495 καταπιεῖν,
3707 4432 3806 4485 καὶ
3848 4434 3957 4485 αύ-

700 4572 819 4626 qua:
848 4564 902 4608 et
934 4522 1064 4617 ipsae
1089 4522 1148 4601 in
1176 4522 1460 4613 serpentes
1490 4548 1649 4595 erant
1681 4544 2047 4591 commutatae.
2080 4532 2273 4586 Itidem

2389 4525 2486 4588 τὰς
2526 4524 2688 4596 δῆθεν
2744 4526 2824 4587 είς
2879 4525 3034 4592 ὄφεις
3092 4523 3545 4593 μεταδληθείσας.
3586 4522 3747 4576 Ἀλλὰ
3796 4523 3895 4575 καὶ
3930 4525 3961 4576 ό

703 4657 854 4702 vates
910 4644 999 4697 ille
1060 4638 1289 4693 Davides
1344 4634 1411 4689 de
1463 4641 1685 4685 cetaceo
1747 4642 1950 4697 genere
2010 4626 2272 4693 loquens,

709 4740 930 4793 iDraco.
961 4731 1156 4801 inquit,
1208 4729 1310 4781 iste
1351 4708 1511 4794 quem
1554 4718 1874 4781 condidisti,
1927 4726 1987 4770 ut
2038 4716 2093 4769 in
2141 4715 2274 4768 mari

708 4830 980 4882 luderet.»
1042 4820 1311 4875 Craterum
1389 4827 1560 4882 genus
1620 4808 1892 4880 ejusmodi
1952 4808 2274 4870 draconum,

702 4921 862 4991 quale
902 4914 1172 4986 quoddam
1225 4909 1492 4963 exsistere
1523 4903 1685 4972 vulgo
1721 4900 2059 4970 perhibetur,
2090 4899 2277 4952 hacte-

705 4988 808 5065 nus
866 5003 1202 5073 descriptum
1275 5011 1407 5050 sane
1460 5008 1731 5063 nusquam
1792 4988 2273 5060 deprehendimus.

705 5104 818 5158 Nec
847 5108 1136 5170 prepterea
1167 5092 1448 5161 fulgureus
1510 5086 1651 5155 ignis
1699 5084 1955 5138 deorsum
2013 5081 2187 5134 fertur
2220 5085 2278 5130 ut

705 5189 1014 5264 huiusmodi
1040 5188 1306 5242 dracones
1345 5187 1557 5234 exurat.
1602 5178 1721 5247 lpsa
1755 5177 2055 5230 draconum
2084 5179 2275 5224 natura

702 5258 842 5340 scca
874 5289 959 5336 est
984 5289 1036 5332 et
1062 5272 1364 5331 substantia
1392 5268 1623 5337 quadam
1662 5268 1814 5336 ignea
1844 5269 2078 5317 constat.
2107 5258 2277 5326 Quip-

704 5392 769 5446 pe
806 5374 873 5427 de
910 5372 1152 5440 ipsorum
1192 5363 1365 5417 oculis
1393 5360 1557 5413 etiam
1595 5355 1735 5426 ignis
1764 5352 1991 5415 emicat,
2033 5357 2086 5401 et
2118 5359 2281 5398 vene-

704 5468 831 5522 num
894 5463 1038 5533 quod
1102 5451 1713 5512 evomunt'fumosutu
1769 5454 1875 5507 est,
1936 5451 2281 5510 corporaque

702 5531 951 5615 Contacta
989 5551 1228 5607 dissilire
1258 5547 1411 5601 facit.
1446 5544 1577 5597 Inde
1611 5542 1667 5593 fit
1701 5549 1758 5591 ut
1791 5537 1857 5590 ad
1892 5531 2281 5587 inﬂammatio-

704 5674 826 5712 nem
884 5652 1185 5723 dispositus
1237 5648 1306 5701 sit
1365 5644 1552 5701 draco,
1614 5634 1877 5691 siccitatis
1931 5646 2041 5687 sum
2093 5642 2277 5683 causa.

702 5748 1068 5815 Quamobrem
1104 5741 1203 5796 sibi
1236 5756 1264 5793 a
1298 5738 1523 5791 fulmine
1557 5730 1769 5793 metuit,
1800 5739 1853 5782 et
1887 5734 2277 5789 nonnunquam

703 5812 965 5897 exsilieus
1011 5852 1108 5905 per
1137 5848 1313 5890 aerem
1360 5832 1549 5884 fertur.
1602 5823 1805 5891 Qua-rit
1874 5822 1999 5873 item
2062 5812 2278 5869 humida

2385 4619 2676 4689 προφήτης
2700 4616 2865 4669 Δαυῖδ
2898 4617 2960 4670 τὸ
2991 4617 3216 4684 κηταῖον
3247 4614 3609 4685 ὑπεμφαίνων
3633 4617 3788 4682 γένος
3813 4614 3959 4669 οὕτω

2384 4711 2516 4779 φησί
2536 4728 2550 4742 ο
2587 4729 2605 4759 ι
2635 4709 2861 4777 Δράκων
2886 4702 3039 4768 οὗτος
3061 4705 3120 4757 ὃν
3146 4705 3386 4767 ἔπλασας
3417 4703 3709 4772 ἐμπαίζειν
3735 4704 3901 4775 αὐτῇ.
3928 4724 3947 4757 ι

2384 4804 2641 4857 Τοιοῦτον
2666 4802 2722 4853 δὲ
2752 4802 2906 4869 γένος
2934 4800 3115 4851 όποῖον
3147 4795 3257 4866 ἄρα
3288 4795 3613 4865 φημίζουσιν
3651 4798 3699 4848 οἱ
3742 4796 3956 4860 πολλοὶ,

2387 4897 2549 4966 μέχρι
2585 4894 2678 4946 καὶ
2733 4893 2969 4961 τήμερον
3020 4888 3406 4957 γεγραμμένον
3444 4889 3541 4956 οὐχ
3586 4887 3854 4956 εὕρομεν·
3893 4889 3958 4941 οὐ

2382 4986 2454 5052 γα
2464 5001 2491 5053 ρ
2516 4985 2608 5035 ἐπὶ
2633 4979 2809 5050 τούτῳ
2829 4980 2888 5030 τὸ
2916 4979 3257 5046 ἁστραπαῖον
3282 4976 3486 5029 ἄνωθεν
3506 4976 3963 5045 καταρρήγνυται

2382 5072 2516 5142 πῦρ,
2573 5071 2666 5123 ἐπὶ
2713 5069 2792 5138 τῷ
2832 5069 2958 5129 τοὺς
2991 5068 3266 5127 τοιούτους
3304 5065 3603 5132 δράκοντας
3643 5066 3958 5135 ἔμπιπρᾷν.

2387 5165 2458 5216 Τὸ
2498 5164 2597 5233 μὲν
2648 5158 2742 5214 οὖν
2800 5162 3147 5227 δρακόντειον
3200 5160 3359 5225 γένος
3393 5157 3556 5227 ξηρόν
3585 5173 3645 5209 τε
3667 5155 3765 5224 τὴν
3795 5158 3962 5225 φύσιν

2385 5259 2502 5310 ἐστὶ
2532 5256 2626 5309 καὶ
2652 5253 2774 5326 [τὴν
2808 5249 2993 5321 φύσιν]
3020 5250 3318 5319 διάπυρον
3350 5248 3461 5316 πῦρ
3508 5247 3615 5318 γὰρ
3657 5252 3752 5299 καὶ
3783 5249 3833 5299 οί
3864 5248 3965 5316 οφ.

2386 5349 2583 5418 θα).μο“ι
2609 5348 2788 5402 αὐτῶν
2820 5344 3209 5399 ἀποϐλέπουσι.
3235 5341 3343 5393 Καὶ
3364 5339 3424 5393 δν
3457 5340 3512 5392 δὲ
3536 5337 3826 5408 ἐξεμοῦσιν
3856 5341 3959 5405 lbv,

2386 5439 2675 5509 καπνώδης
2706 5438 2840 5502 ἐστι,
2876 5436 2971 5489 καὶ
3005 5436 3202 5502 διαιρεῖ
3227 5432 3295 5484 τά
3338 5431 3567 5500 σώματα
3611 5430 3829 5500 ψαύσας
3860 5433 3961 5485 ab.

2384 5534 2512 5587 τῶν.
2548 5530 2742 5584 Ἔνθεν
2773 5547 2853 5583 τοι
2889 5528 2981 5580 καὶ
3024 5524 3332 5596 εὔπρηστός
3363 5525 3511 5575 ἐστιν
3552 5525 3579 5576 ό
3615 5522 3853 5592 δράκων,
3888 5525 3961 5578 δι’

2385 5626 2453 5696 ἢν
2483 5627 2598 5696 ἔχει
2629 5623 2924 5694 ξηρότητα,
2960 5621 3055 5673 καὶ
3094 5619 3229 5688 πρὸς
3260 5613 3598 5683 κατάφλεξιν
3619 5615 3959 5683 ἐπιτήδειος.

2386 5718 2701 5786 ιιεφόϐηται
2745 5709 2838 5767 οὖν
2869 5714 2952 5765 διὰ
2994 5710 3166 5763 ταῦτα
3200 5710 3289 5760 τὸν
3331 5706 3615 5778 κεραυνὸν,
3654 5706 3748 5759 καὶ
3798 5707 3959 5759 ἁλλό-

2392 5810 2546 5877 μενιῐς
2585 5808 2730 5857 ἐστιν
2760 5805 2844 5855 ὅτε
2880 5802 2946 5853 δι’
2994 5804 3154 5871 ἀέρος
3192 5800 3441 5870 φέρεται,
3469 5797 3668 5860 τόπους
3704 5813 3761 5850 τε
3787 5796 3957 5851 καθύ-

2898 5880 2913 5908 1
