4204 6450
655 335 754 344 .-κ-ατ
787 334 793 343 ι

239 393 337 460 133

1486 380 1884 445 ANNAIJUM
1932 377 2125 437 PARS
2169 378 2211 433 i.

3345 366 3446 420 ιειι

234 522 396 574 γριιυς
420 503 665 574 ἐπιζητεῖ
693 505 786 557 καί
808 507 900 558 ἐπὶ
922 506 1116 574 λίμνας
1149 499 1485 570 καταφεύγει
1510 516 1523 527 ·
1558 494 1665 549 οἶδε
1689 495 1795 562 γὰρ

1926 504 2011 543 nea
2054 498 2107 541 et
2139 487 2203 538 ad
2238 492 2426 553 stagna
2462 481 2725 550 confugit.
2770 480 2927 534 Novit
2965 478 3108 532 enim
3141 491 3197 529 se
3230 485 3451 545 propter

234 599 316 649 ὅτι
345 596 433 647 διὰ
460 596 557 665 τὴν
583 595 809 649 ἐνοῦσαν
842 595 992 665 αὐτῷ
1025 594 1297 664 ξηρότητα
1324 593 1416 644 καὶ
1444 590 1550 642 ἀπὸ
1572 587 1793 653 διαστή-

248 702 417 753 ματος
449 684 527 753 τῷ
555 686 827 755 κεραυνίῳ
861 687 993 755 πυρὶ
1021 683 1442 750 καταιςλὲγεται.
1478 680 1645 733 Ἔνθα
1693 693 1794 729 που

240 775 396 843 τύχοι
427 776 611 828 λοιπὸν
640 779 668 829 6
694 775 910 845 δράκων
941 776 1206 846 συρίττων
1252 776 1346 827 καὶ
1377 773 1545 833 διιὼν,
1581 769 1797 823 ἐπειδὰν

241 868 347 919 ὑπὸ
376 867 469 919 τοῦ
499 868 672 935 πυρὸς
697 867 1003 931 ἐλαύνεται,
1032 867 1155 918 τότε
1199 865 1261 933 δὴ
1318 866 1386 918 τὰ
1422 862 1795 932 παρακείμενα

242 959 385 1027 μέρη
427 959 955 1025 συγκαταφλέγεται.
991 957 1254 1016 Πολλάκις
1284 956 1391 1023 γὰρ
1432 956 1528 1007 καὶ
1564 953 1791 1019 δράκον-

236 1066 329 1113 τος
363 1050 496 1117 ἄτερ
526 1045 649 1118 ἦχοι
678 1066 826 1110 τινες
856 1047 1206 1112 ἐξακούονται
1242 1048 1468 1115 ἄσημοι,
1505 1043 1601 1097 τοῦ
1629 1044 1797 1109 πυρὸς

236 1138 443 1190 ἄνωθεν
499 1138 1026 1208 καταῤῥηγνυμένου
1066 1138 1158 1190 καὶ
1214 1136 1429 1204 σώμασι
1484 1134 1708 1186 τοιοῖσδε
1763 1132 1796 1202 ἢ

235 1228 467 1281 τοιοῖσδε
497 1228 951 1296 προσπίπτοντος.
987 1228 1145 1280 Ὅσοι
1176 1227 1232 1279 δέ
1264 1244 1395 1294 φασι
1438 1226 1544 1278 τῶν
1590 1227 1803 1277 ἐντετυο

236 1320 489 1389 χηκότων
511 1321 633 1379 ταῖς
665 1318 946 1380 τοιαύταις
976 1318 1239 1371 καύσεσιν
1274 1319 1357 1371 ὅτι
1387 1316 1669 1369 τεθέανται
1693 1316 1802 1383 χοῖ-

238 1428 333 1480 ρον
353 1411 715 1478 γρυλλίζοντα
746 1408 777 1475 ἢ
818 1409 1066 1477 μηκάζον
1109 1410 1354 1461 αἰπόλιον
1389 1408 1422 1473 ἢ
1459 1407 1585 1476 βοῦν
1617 1405 1804 1472 μυκώ-

144 1560 147 1563 ν
242 1516 424 1568 μενον,
452 1498 659 1551 ἑαυτῶν
688 1515 748 1552 τε
775 1498 871 1552 καὶ
899 1499 1007 1551 τῶν
1034 1498 1320 1569 ἀκροατῶν
1342 1497 1799 1565 καταψεύδονται·

236 1588 392 1641 οὐδὲν
435 1589 544 1658 γὰρ
574 1589 884 1651 τεθέανται,
935 1589 1051 1641 ἀλλ’
1095 1592 1124 1641 6
1155 1589 1318 1657 φόϐος
1350 1589 1534 1649 αὐτοῖς
1570 1587 1667 1649 τὰς
1697 1603 1806 1638 τοι-

239 1674 367 1727 άσδε
403 1673 712 1745 μορφώσεις
738 1676 1176 1745 είδωλοποίησεν.
1211 1677 1274 1728 Εί
1315 1677 1360 1729 δ’
1396 1678 1526 1738 ἴσως
1565 1678 1660 1729 καὶ
1705 1675 1797 1744 βά.

242 1779 439 1827 σκαιός
464 1765 673 1834 δαίμων
700 1766 760 1819 τὸ
781 1765 941 1835 σῶμα
978 1767 1072 1820 τοῦ
1119 1768 1411 1837 δράκοντος
1440 1769 1803 1835 ἐνδυσάμενος

238 1855 319 1917 είς
337 1856 526 1907 ἐκεῖνα
551 1856 659 1909 τῶν
693 1858 880 1928 μερῶν
908 1858 1034 1927 ἄγει
1054 1859 1149 1911 τὸν
1184 1858 1326 1928 θῆρα
1367 1859 1474 1912 ὑπὸ
1504 1858 1599 1911 τοῦ
1636 1858 1805 1927 πυρὸς

238 1942 429 2014 ῶσπερ
462 1946 810 2016 διωκόμενον,
839 1943 920 2012 οῖς
946 1950 1011 2019 δὴ
1042 1948 1358 2019 βασκαίνειν
1380 1949 1441 2013 ἐξ
1472 1950 1648 2022 ἀρχῆς
1679 1948 1806 2001 εἵω-

239 2032 353 2097 θεν,
413 2035 523 2089 οὐδ’
556 2030 715 2099 οὗτος
758 2039 786 2090 6
815 2038 973 2105 λόγος
1010 2039 1344 2109 ἀπόϐλητος.
1395 2039 1647 2107 Ἀρχαίον
1698 2040 1807 2107 γὰρ

238 2125 392 2194 αὐτῷ
423 2126 747 2197 ἐνδιαίτημα
775 2127 837 2181 τὸ
865 2128 1109 2184 τοιοῦτον
1140 2130 1318 2197 γένος,
1350 2129 1514 2201 ἡνίκα
1546 2130 1640 2182 καὶ
1669 2131 1805 2198 μᾶλ-

238 2214 332 2270 λον
365 2218 512 2287 ἡμᾶς
541 2218 853 2288 ἔξορίστους
897 2218 965 2272 δι’
1019 2221 1187 2275 αὐτοῦ
1218 2222 1312 2275 τοῦ
1351 2222 1682 2291 παραδείσου
1711 2237 1811 2275 πε-

244 2308 497 2375 ποίηκεν,
518 2310 643 2363 ὅθεν
670 2312 855 2365 καινὸν
884 2312 1060 2379 οὐδὲν,
1083 2312 1202 2381 είγε
1224 2313 1322 2367 καὶ¹
1351 2314 1451 2377 τῆς
1480 2318 1582 2386 γῆς
1610 2314 1812 2382 ταύτης

240 2398 569 2453 ἀπώσασθαι
598 2401 894 2469 φιλονεικεῖ
919 2404 1007 2458 διὰ
1034 2405 1228 2473 φθόνον
1252 2406 1421 2476 ἡμᾶς.

309 2492 423 2545 Καὶ
468 2494 600 2563 περὶ
649 2495 748 2563 μὲν
804 2496 1015 2549 τούτων
1064 2497 1256 2560 οὕτως.
1306 2499 1366 2551 Εἰ
1411 2497 1598 2571 δὲτὴν
1637 2499 1814 2554 αἰτίαν

242 2572 523 2649 ἑπιςητείς
558 2581 627 2633 δι’
654 2582 721 2652 ἢν
750 2582 997 2654 αἴλουροι
1041 2585 1136 2638 καὶ
1182 2586 1491 2657 νυκτερίδες
1522 2590 1692 2641 νύκτα
1722 2590 1816 2641 καὶ

246 2672 422 2741 μόνην
474 2673 719 2740 ἀκριϐῶς
774 2674 1004 2744 δρῶσιν,
1060 2675 1196 2745 αὕτη
1265 2678 1402 2729 ἐστί.
1465 2676 1539 2730 T6
1593 2678 1817 2731 όπτικὸν

248 2761 471 2831 πνεῦμα
514 2767 728 2827 πάντως
766 2765 1097 2822 λεπτότατον
1137 2768 1375 2838 ἔχουσιν.
1419 2769 1507 2822 Ἑν
1550 2772 1616 2841 τῇ
1659 2773 1817 2824 νυκτὶ

248 2848 343 2905 οῦν
401 2855 636 2925 μετρίως
696 2858 1065 2927 παχυνόμενον
1121 2862 1186 2929 τῇ
1233 2860 1469 2928 ἀπουσίᾳ
1523 2862 1616 2912 τοῦ
1664 2861 1816 2929 ἡλίου

250 2944 386 3013 πρὸς
409 2943 508 3014 τὴν
536 2946 643 2999 τῶν
673 2947 886 3017 ὁρατῶν
916 2949 1203 3019 ἀντίληψιν
1224 2950 1533 3019 ἐπιτήδειον
1564 2952 1773 3017 γίνεται
1798 2966 1813 2982 ο

161 3058 167 3061 -
252 3036 393 3087 κατὰ
435 3036 544 3103 γὰρ
581 3036 681 3107 τὴν
724 3039 939 3109 ἡμέραν
983 3039 1061 3103 ὡς
1111 3041 1440 3094 λεπτότατον
1478 3041 1818 3111 διαφορεῖται

249 3143 310 3179 τε
356 3128 451 3179 καὶ
498 3128 871 3186 σκεδάννυται.
907 3131 1078 3186 Τοῦτο
1118 3134 1176 3185 δὲ
1225 3134 1321 3187 καὶ
1361 3135 1420 3187 ἐν
1459 3132 1640 3197 ἄλλοις
1670 3134 1815 3187 ἔστιν
1841 3152 1892 3212 α

249 3216 380 3269 ἰδεῖν
409 3220 505 3272 καὶ
531 3219 589 3273 ὲν
615 3220 799 3284 αὐτοῖς
826 3224 937 3285 τοῖς
968 3222 1203 3279 λέουσιν.
1239 3224 1432 3278 Ἔνθεν
1464 3240 1547 3278 τοι
1596 3225 1692 3279 καὶ
1720 3226 1819 3287 τὰς

247 3309 484 3378 ⁴ιιλιιικὰς
524 3312 899 3381 μαρμαρυγὰς
928 3314 979 3365 oi
1022 3313 1237 3377 λέοντες
1268 3315 1566 3383 φεύγοντες
1588 3313 1660 3368 δι’
1689 3314 1820 3382 ὅλης

246 3398 465 3469 ἡμέρας
500 3403 592 3453 καὶ
621 3403 853 3464 ἄκοντες
898 3400 1233 3472 κρύπτονται
1261 3420 1276 3436 ο
1311 3406 1360 3457 εί
1405 3404 1482 3474 μὴ
1519 3405 1629 3475 γὰρ
1661 3405 1820 3459 τοῦτο

245 3484 337 3559 ἦν,
371 3490 513 3559 τάχα
544 3491 610 3544 ἂν
649 3492 943 3555 ἀκωλύτως
971 3494 1029 3548 ὲν
1068 3493 1253 3566 ἡμέρᾳ
1293 3497 1725 3565 περιπατοῦντες
1756 3498 1818 3551 ού

251 3581 467 3650 μικρῶς
496 3581 760 3637 ἔϐλαπτον
785 3587 911 3649 τοὺς
937 3584 1121 3649 αὐτοῖς
1154 3588 1606 3658 ιντυγχάνοντας.

317 3758 558 3813 Γινωσκε
585 3760 679 3815 καὶ
709 3761 891 3828 τοῦτο,
918 3761 1062 3828 ὃτιό
1081 3762 1218 3817 λέων
1239 3762 1572 3833 διωκόμενος
1600 3764 1820 3818 συστελ-

243 3847 329 3899 λει
368 3847 438 3900 τὰ
474 3847 595 3918 ἴχνη
649 3849 816 3902 αὐτοῦ
856 3851 995 3920 (ﬂ).
1022 3849 1181 3904 Οῦτω
1221 3852 1251 3904 6
1293 3849 1499 3922 Κύριος
1550 3853 1821 3924 κατερχό-

253 3954 420 4007 μενος
457 3940 548 3993 ἐπὶ
574 3940 671 4009 τῆς
691 3941 795 4011 γῆς
824 3942 916 3995 τὸν
944 3944 1045 4012 τῆς
1075 3942 1381 4012 παρουσίας
1420 3944 1612 4015 καιρὸν
1640 3944 1820 4017 πάντη

249 4030 560 4085 συνέστειλε
601 4032 689 4085 διὰ
735 4035 826 4086 τὸν
867 4033 1115 4087 διάϐολον
1152 4035 1323 4089 πάλαι
1365 4035 1465 4100 τὰς
1516 4034 1823 4106 παρθένους

245 4121 639 4191 ιπιτηροῦντα.
696 4122 755 4176 '0
800 4123 897 4177 τοῦ
953 4123 1165 4187 λέοντος
1211 4124 1453 4194 σκύμνος
1501 4126 1692 4196 νεκρὸς
1724 4125 1824 4195 μὲν

243 4213 529 4277 γεννᾶται,
561 4213 956 4284 ἐμφυσώμενος
982 4213 1041 4267 δὶ
1081 4216 1237 4286 παρὰ
1273 4216 1368 4269 τοῦ
1401 4215 1609 4286 πατρὸς
1653 4215 1822 4269 αὐτοῦ

241 4298 617 4365 ζωογονεῖται.
668 4299 826 4354 Οὕτω
866 4303 962 4356 καὶ
995 4304 1024 4355 6
1053 4302 1188 4365 Θεὸς
1224 4303 1417 4372 πρῶτα
1464 4304 1566 4373 μιν
1611 4305 1705 4358 ἐπὶ
1744 4304 1824 4376 τῷ

254 4386 433 4459 ’Δδὰμ
481 4390 757 4461 ιποίησεν,
787 4391 1012 4463 ὕστερον
1056 4393 1116 4447 δὲ
1147 4394 1243 4447 καί⁵
1290 4393 1377 4446 ἐπ’
1421 4393 1570 4463 αῦτῷ
1603 4395 1682 4465 τῷ
1711 4395 1823 4465 Υίῷ

1899 579 2116 631 insitam
2149 576 2248 628 sibi
2274 574 2575 627 siccitatem
2608 573 2773 625 etiam
2803 586 2865 624 ex
2900 568 3185 623 intervallo
3217 569 3449 636 quodam

1898 676 2167 722 remotutn
2226 667 2295 720 ab
2358 666 2479 735 igne
2529 664 2774 718 lulminis
2827 664 3002 717 exuri.
3067 662 3453 731 Stepenumero

1898 759 2118 827 quidem
2151 756 2267 810 soni
2310 756 2674 809 exaudiuntur
2697 754 2937 816 obscuri,
2973 763 3228 821 tanquam
3261 753 3453 805 draco-

1900 850 2011 912 nis,
2040 864 2163 902 cum
2215 847 2391 914 fulgur
2426 846 2681 899 deorsum
2729 846 2899 900 fertur
2928 860 2991 898 ac
3029 846 3112 898 vel
3145 846 3198 897 in
3231 846 3343 898 hac
3375 845 3455 896 vel

1903 942 1994 995 illa
2029 956 2257 1008 corpora
2294 939 2470 993 irruit.
2530 937 2633 1002 Qui
2686 948 2863 989 autem
2919 936 3207 1004 perhibent.
3260 937 3347 997 (de
3398 938 3461 986 iis

1904 1032 2097 1099 loquor
2127 1032 2327 1100 quibus
2356 1030 2620 1098 ejusmodi
2652 1044 2710 1083 se
2737 1030 3051 1081 obtulerunt
3082 1029 3463 1081 inflammatio-

1904 1122 2046 1189 nes),
2080 1136 2138 1174 se
2167 1136 2388 1189 porcum
2425 1119 2798 1189 grunnientem
2831 1120 3198 1187 conspexisse,
3251 1128 3307 1171 ut
3341 1135 3462 1186 gre-

1906 1226 2028 1280 gem
2079 1226 2369 1279 caprarum
2435 1213 2705 1265 balantem
2756 1210 2838 1263 vel
2875 1213 3202 1277 mugientem
3248 1212 3462 1270 bovem,

1906 1311 2014 1355 tam
2046 1301 2253 1369 seipsos
2285 1318 2447 1370 quam
2493 1304 2627 1357 alios
2680 1305 2793 1357 haec
2850 1305 3130 1358 audientes
3182 1304 3465 1357 mendacio

1906 1392 2204 1460 decipiunt.
2250 1394 2391 1447 Nihil
2421 1395 2563 1447 enim
2606 1394 2873 1464 ejusmodi
2902 1396 3174 1457 viderunt.
3207 1397 3299 1451 sed
3333 1396 3467 1449 imu-

1905 1482 2210 1551 ginationes
2261 1499 2448 1537 carum
2499 1500 2682 1538 rerum
2734 1501 2763 1537 a
2826 1497 2971 1540 metu
3030 1487 3465 1555 proﬁciscuntur.

1907 1571 2114 1636 Quodsi
2147 1572 2377 1625 fortasse
2408 1575 2615 1628 diemon
2652 1576 2736 1627 ille
2763 1579 3120 1647 prmstigiator
3154 1588 3205 1631 et
3231 1578 3469 1643 invidus,

1907 1663 2176 1731 serpentis
2230 1664 2456 1720 indutus
2488 1681 2735 1734 corpore,
2765 1668 2934 1722 feram
2971 1670 3129 1733 hanc,
3162 1671 3309 1724 velut
3348 1672 3471 1742 igne

1908 1753 2078 1822 ipsam
2111 1765 2355 1825 urgente,
2390 1756 2443 1809 in
2476 1758 2729 1813 animalia
2759 1770 3042 1815 mansueta
3078 1763 3285 1817 irruere
3316 1763 3470 1827 facit,

1907 1860 2030 1900 cum
2082 1846 2209 1901 inde
2262 1863 2433 1915 usque
2478 1851 2548 1904 ab
2590 1851 2744 1905 initio
2778 1852 2980 1907 invidia
3020 1856 3251 1922 quadam
3281 1870 3471 1926 prose-

1908 1946 2127 2006 quatur,
2161 1954 2269 1993 non
2296 1940 2399 2009 61
2445 1942 2549 1997 hoc
2578 1943 2652 1996 ita
2684 1943 2913 2012 proferri
2946 1946 3244 2014 putabitur,
3272 1958 3332 2002 ut
3358 1964 3476 2001 om-

1909 2029 2040 2084 nino
2068 2030 2138 2084 sit
2170 2031 2557 2100 rejiciendum;
2616 2049 2738 2087 nam
2773 2050 2941 2105 genus
2968 2038 3070 2091 hoc
3096 2036 3334 2092 ferarum
3370 2039 3471 2093 sibi

1912 2136 2011 2188 pro
2039 2122 2317 2176 domicilio
2344 2123 2454 2191 jnm
2482 2124 2612 2177 olim
2643 2129 2955 2195 usurpavit,
3013 2144 3135 2182 cum
3164 2145 3261 2199 per
3296 2130 3345 2184 id
3378 2146 3477 2184 nos

1916 2211 2152 2281 paradisi
2183 2212 2384 2268 finibus
2412 2214 2609 2283 ejecit;
2643 2216 2823 2286 itaque
2853 2220 2991 2272 nihil
3024 2236 3243 2284 navum,
3279 2221 3323 2274 si
3360 2236 3476 2275 rno-

1915 2312 2002 2356 tus
2032 2303 2234 2358 invidia
2272 2304 2421 2374 cupit
2449 2306 2554 2360 hac
2581 2309 2743 2361 etiam
2774 2321 2915 2364 terra
2955 2327 3055 2366 nos
3088 2314 3374 2382 expellere.

1985 2483 2062 2536 Ac
2093 2482 2160 2537 de
2209 2483 2295 2538 bis
2324 2484 2538 2554 quidem
2585 2487 2871 2543 hactenus.
2904 2487 3107 2556 Quodsi
3137 2506 3355 2548 causam
3397 2493 3480 2547 vis

1916 2586 2265 2644 cognoscere,
2296 2576 2648 2643 quamobrem
2682 2577 2810 2633 feles
2842 2587 2898 2633 et
2930 2581 3338 2648 vespertiliones
3368 2592 3485 2637 tan—

1919 2672 2031 2717 tum
2065 2675 2226 2720 noctu
2256 2678 2478 2721 acutum
2512 2668 2751 2732 videant,
2795 2670 2937 2724 hanc
2987 2671 3131 2726 illam
3166 2688 3286 2729 esse
3321 2676 3483 2730 scito.

1920 2752 2061 2809 Sunt
2089 2756 2203 2811 hate
2231 2758 2489 2812 animalia
2523 2760 2739 2828 spiritu,
2774 2777 2883 2830 quo
2910 2764 3169 2817 cernendi
3202 2767 3282 2820 vis
3309 2768 3489 2821 conti-

1918 2854 2100 2912 netur,
2132 2861 2262 2901 sane
2301 2850 2548 2916 pertenui
2585 2851 2829 2919 pradita.
2872 2852 3217 2925 Quapropter
3250 2859 3294 2911 is
3316 2870 3486 2912 noctu

1896 2935 2266 2993 .mediocriter
2312 2938 2383 2992 ob
2421 2939 2553 2993 solis
2601 2941 2899 2996 absentiam
2936 2945 3303 3000 condensatur
3327 2958 3382 3003 et
3420 2949 3489 3002 ad

1919 3028 2325 3097 perceptionem
2376 3046 2558 3085 rerum
2615 3033 3024 3102 aspectabilium
3076 3036 3136 3092 fit
3195 3038 3422 3093 idoneus
3471 3058 3486 3094 :

1921 3118 2121 3188 quippe
2141 3118 2381 3174 interdiu
2408 3127 2663 3191 tanquam
2693 3125 3080 3182 subtilissimus
3104 3129 3396 3198 dissipatur
3425 3148 3491 3185 ac.

1921 3208 2271 3280 dispergitur.
2307 3211 2456 3266 ldem
2495 3223 2549 3267 et
2583 3213 2635 3267 in
2671 3216 2794 3270 aliis
2832 3226 2915 3272 est
2947 3218 3147 3283 videre,
3188 3222 3490 3289 praesertim

1921 3299 2055 3368 ipsis
2082 3301 2137 3355 in
2175 3303 2446 3358 leonibus.
2477 3304 2596 3370 Quo
2642 3306 2703 3361 fit
2734 3318 2794 3362 ut
2841 3308 3187 3379 splendorem
3218 3313 3491 3367 radiorum

1921 3390 2180 3445 solarium
2228 3393 2499 3465 fugientes
2541 3397 2705 3452 etiam
2747 3399 2901 3454 inviti
2953 3411 3067 3456 toto
3121 3403 3210 3457 die
3256 3404 3490 3460 latitent.

1920 3482 2055 3537 Nam
2089 3483 2135 3538 si
2178 3486 2388 3555 absque
2432 3487 2536 3542 hoc
2571 3497 2734 3555 esset,
2767 3490 2935 3545 libere
2972 3496 3159 3564 utique
3205 3511 3304 3565 per
3345 3498 3490 3553 diem

1921 3573 2243 3631 aberrantes
2275 3577 2418 3631 haud
2452 3578 2700 3651 exiguam
2730 3581 3045 3641 hominibus
3077 3588 3493 3645 occurrentibus

1924 3676 2119 3718 noxam
2147 3664 2427 3722 afferrent.

1997 3751 2111 3809 Hoc
2139 3755 2301 3811 etiam
2330 3757 2501 3826 disce,
2527 3758 2745 3818 leonem
2771 3764 2997 3836 vestigia
3025 3780 3120 3822 sua
3149 3770 3493 3837 contrahere,

1926 3845 2145 3915 quoties
2197 3848 2374 3918 ipsum
2423 3850 2587 3921 aliqui
2637 3866 3063 3925 persequuntur.
3097 3858 3187 3913 Sic
3235 3860 3497 3918 Dominus

1925 3950 2141 4007 quoque
2168 3948 2354 3995 noster
2384 3940 2440 3995 in
2474 3951 2674 3999 terram
2719 3944 3059 4004 descendens
3099 3950 3365 4006 adventus
3410 3956 3497 4009 sui

1926 4035 2142 4096 tempus
2193 4031 2463 4087 contraxit
2527 4033 2728 4091 diaboli
2774 4050 2960 4103 causa,
3015 4041 3106 4109 qui
3176 4043 3493 4112 jamdudum

1924 4121 2162 4193 virgines
2220 4123 2564 4183 observabat.
2615 4128 2840 4186 Catulus
2887 4126 3142 4189 leoninus
3205 4135 3258 4189 in
3323 4137 3497 4191 lucem

1926 4220 2176 4269 mortuus
2209 4214 2430 4283 quidem
2479 4216 2682 4284 editur,
2733 4234 2921 4274 verum
2964 4220 3145 4277 amata
3194 4226 3361 4293 patris
3423 4230 3499 4280 vi-

1928 4310 2038 4357 tam
2065 4302 2289 4373 accipit.
2348 4304 2495 4360 ldem
2535 4305 2681 4362 Deus
2720 4307 2877 4363 initio
2905 4309 3035 4366 fecit
3085 4314 3139 4367 in
3175 4314 3403 4381 Adamo,
3437 4332 3502 4372 ac

1927 4394 2185 4464 deinceps
2209 4396 2327 4465 ipso
2349 4397 2589 4452 etiamin
2610 4398 2748 4454 Filio
2773 4416 2872 4456 suo
2889 4389 3121 4458 mortem
3144 4408 3314 4461 nostri
3337 4424 3502 4465 causa

245 4480 418 4536 αὑτοῦ
448 4480 516 4533 δι’
542 4483 687 4551 ἡμᾶς
707 4482 1033 4553 νεκρωθέντι
1062 4484 1228 4537 ποιεί.
1254 4483 1418 4538 Ὅθεν
1441 4485 1532 4538 καὶ
1556 4487 1584 4539 6
1620 4485 1818 4539 Ἰακὼϐ

1926 4500 2209 4555 perpesso.
2254 4487 2621 4553 Quamobrem
2652 4488 2893 4547 Jacobus
2942 4492 3121 4547 dixit:
3169 4513 3188 4546 ι
3224 4495 3500 4553 Corruens

248 4571 467 4638 ἔλεγενο
497 4589 516 4622 ι
544 4572 856 4625 Ἀναπεσὼν
908 4573 1180 4643 ἐκοιμήθη
1224 4575 1301 4635 ὡς
1357 4573 1493 4627 λέων
1546 4575 1642 4627 καὶ
1692 4574 1827 4628 ὡσεὶ

245 4663 493 4731 σκύμνος
521 4676 535 4691 ·
580 4662 663 4726 τίς
694 4666 877 4735 ἐγερεί
928 4664 1132 4730 αὑτόν;
1169 4682 1188 4714 ι
1224 4664 1290 4718 Ei
1334 4664 1391 4717 δὲ
1422 4665 1517 4719 καὶ
1561 4665 1697 4719 λέων
1732 4668 1825 4720 καὶ

245 4757 491 4824 σκύμνος
543 4758 570 4809 6
611 4757 773 4819 αὐτὸς
809 4758 1044 4825 λέγεται,
1092 4758 1154 4810 οὐ
1207 4758 1420 4811 καινόν·
1469 4753 1538 4829 ἦν
1577 4761 1685 4829 γὰρ
1730 4760 1826 4813 καὶ

248 4848 509 4919 βασιλεὺς
531 4850 560 4901 6
586 4850 820 4919 Χριστὸς
849 4852 944 4902 καὶ
969 4850 1233 4919 βασιλέως
1256 4851 1389 4913 υίός.

329 4934 394 4987 '0
430 4935 592 4998 λύκος
627 4934 876 5004 φοϐεῖται
927 4938 988 4989 τὸ
1033 4938 1199 5006 φυτὸν
1245 4938 1345 5007 τὴν
1379 4938 1621 4992 σκίλλαν.
1654 4936 1824 4992 Τοῦτο

237 5026 424 5080 εἰδυῖα
448 5027 483 5097 ἡ
511 5026 735 5096 ἀλώπηξ
771 5030 921 5100 παρὰ
960 5030 1039 5099 τῷ
1087 5031 1313 5100 τοιούτῳ
1345 5031 1613 5084 ὑπνώττει
1645 5031 1820 5100 φυτῷ,

234 5122 470 5189 αι’-ποτε
523 5119 616 5173 τοῦ
650 5122 860 5189 φωλεοῦ
912 5122 1085 5191 αὐτῆς
1113 5122 1217 5186 ἔξω
1260 5123 1415 5194 τύχῃ,
1446 5124 1819 5193 διατρίϐουσα,

238 5213 339 5270 ινα
397 5213 473 5281 μὴ
520 5213 625 5265 ὑπὸ
675 5213 854 5267 λύκων
911 5214 1114 5284 βρωθῇ.
1153 5215 1300 5268 Είδὶ
1335 5217 1370 5284 ἡ
1421 5216 1652 5286 ἀλώπηξ
1675 5215 1820 5269 οὕτω

236 5393 260 5397 η
315 5352 365 5383 ⁸⁷
389 5350 527 5407 Gen.
560 5367 710 5416 χιιι,
739 5353 795 5407 9.

318 5495 438 5619 (HJ
481 5496 849 5552 Leunclavius
877 5495 1060 5550 minus
1099 5496 1348 5566 apposite
1393 5494 1704 5548 συστέλλειν
1749 5493 1821 5546 τὰ

318 5586 370 5619 m
438 5582 468 5619 e
504 5570 660 5619 leone
681 5569 921 5619 faciente
955 5567 1304 5619 internretari
1333 5565 1549 5619 videtur
1609 5572 1821 5617 contra-

235 5565 370 5638 ιχνη
399 5565 468 5621 de
504 5570 660 5621 leone
681 5569 921 5637 fugiente
955 5565 1304 5638 interpretari
1333 5565 1556 5638 videtur
1609 5572 1825 5617 contra-

239 5634 375 5691 um
410 5638 654 5715 uestigia2
682 5634 1026 5715 cujndelere.
1058 5634 1299 5715 abolere,
1321 5634 1678 5715 abscondere.
1729 5647 1821 5687 ce-

237 5709 365 5764 lare
405 5716 499 5761 aut
521 5704 861 5761 confundere
887 5706 1087 5761 rectius
1136 5706 1242 5760 dici
1294 5706 1577 5776 potuisset.
1637 5704 1823 5776 Neque

233 5776 400 5827 enim
428 5778 702 5829 cnuttraxit
728 5777 983 5827 Christus
1001 5776 1271 5827 adventus
1292 5772 1372 5826 sui
1400 5776 1517 5827 sive
1546 5772 1821 5825 ἑνανθοω-

1928 4575 2139 4641 sonitus
2165 4584 2249 4629 est
2274 4582 2333 4629 ut
2365 4576 2473 4642 leo,
2507 4577 2772 4648 quasique
2804 4580 3019 4635 catulus
3047 4581 3302 4638 leoninus
3328 4602 3342 4640 :
3376 4586 3501 4655 quis

1930 4665 2188 4721 excitabit
2217 4680 2343 4721 eum
2360 4667 2439 4720 "2
2466 4684 2486 4718 ι
2524 4665 2636 4723 Nec
2664 4669 2959 4739 quidquam
2994 4672 3216 4728 absurdi
3249 4678 3501 4733 eumdem

1932 4763 2047 4810 tum
2070 4756 2285 4812 leonem
2331 4764 2443 4809 tum
2473 4756 2711 4811 catulum
2736 4757 3017 4812 leoninum
3042 4763 3302 4830 appellari
3331 4781 3346 4819 :
3378 4779 3504 4820 nam

1935 4847 2191 4903 Christus
2218 4859 2271 4902 et
2305 4855 2485 4903 rex'et
2514 4849 2654 4919 regis
2682 4848 2828 4904 filius
2857 4861 2992 4906 erat.

2001 4938 2185 5007 Lupus
2237 4938 2480 5008 scyllam,
2529 4938 2726 5007 planta:
2759 4941 3020 5010 speciem,
3061 4943 3216 4999 vitat.
3269 4944 3328 5000 Id
3376 4960 3504 5001 cum

1930 5029 2216 5098 vulpecula
2242 5028 2407 5093 norit,
2425 5030 2563 5097 apud
2589 5029 2728 5084 hanc
2754 5030 2991 5099 plantam
3014 5034 3294 5091 dormiens
3318 5037 3505 5104 cubat,

1930 5121 1975 5177 si
2005 5120 2145 5175 forte
2188 5134 2316 5175 suas
2346 5127 2502 5174 extra
2539 5119 2775 5175 latebras
2802 5122 2968 5193 degit,
2997 5139 3064 5179 ne
3107 5141 3136 5179 a
3173 5127 3315 5197 lupis
3344 5129 3511 5184 devo-

1929 5222 2105 5268 retur.
2137 5209 2341 5275 Quodsi
2370 5209 2473 5264 hoc
2499 5210 2785 5280 vulpecula
2812 5210 2966 5276 facit,
2995 5214 3168 5270 multo
3203 5218 3373 5289 magis
3409 5234 3510 5275 nos

1943 5493 2161 5561 πὴσεως
2179 5500 2416 5562 tempus,
2439 5490 2530 5562 sed
2555 5489 2846 5547 abscondit
2869 5492 3175 5562 celavitque
3197 5509 3265 5549 ne
3288 5494 3511 5554 diabolo

1939 5576 2104 5634 notus
2128 5575 2292 5616 esset.
2335 5561 2597 5634 Quaedam
2612 5575 2831 5634 quoque
2866 5563 2944 5634 ab
2972 5561 3167 5619 eodem
3208 5565 3512 5634 interprete

1940 5631 2126 5684 minus
2155 5632 2443 5686 commode
2468 5631 2680 5686 reddita
2736 5632 2951 5688 videbis
3000 5636 3053 5688 in
3100 5631 3371 5688 versione
3410 5652 3514 5690 suo

1939 5700 2108 5777 nitori
2142 5703 2412 5764 restituta,
2457 5716 2573 5771 quae
2611 5717 2720 5757 non
2753 5710 2838 5757 est
2879 5718 3019 5772 opus
3074 5704 3320 5774 putidius
3383 5721 3515 5759 vcn-

1937 5778 2094 5823 ttare.
3527 5790 3535 5797 ·
