4204 6450
730 388 827 451 139

1978 400 2395 460 MlCIIAELlS
2434 404 2693 462 GLYCJE

3847 402 3953 467 lio

724 496 948 549 "‘“rbl's
1000 500 1232 563 θάτθιίὲιι
1283 518 1442 569 ιμιειη
1499 505 1958 572 ΙιγιΙτοίιΙιοὺίυιιι,
2012 511 2080 562 ab
2135 524 2289 577 aquae
2317 516 2363 572 Α
2393 512 2554 574 κύνες
2606 513 2900 566 ὑλακτοῦσι
2938 515 3031 565 καὶ
3063 514 3350 566 δάκνουσιν
3396 515 3665 574 ἐπιόντες,
3698 516 3789 566 καὶ
3822 516 3954 565 δάκ-

724 599 890 643 ιυοιιιι,
933 602 1144 641 \oeant.
1188 591 1315 643 Nam
1350 595 1439 659 qui
1490 612 1517 647 a
1574 598 1801 649 mnibus
1851 600 2076 652 rabiosis
2121 601 2283 653 tnorsi

720 688 864 727 sunt.
894 691 1085 741 aquam
1121 680 1494 743 reformidant,
1516 685 1630 738 sive
1658 686 1803 740 illam
1833 689 2146 742 intueantur
2174 690 2286 742 sive

724 766 946 832 propius
976 770 1258 823 accedant.
1295 770 1549 827 Nonnulli
1583 780 1747 829 etiam
1784 792 1978 831 canum
2016 796 2166 832 more
2206 782 2283 832 la-

720 869 865 910 trant
896 870 947 913 et
984 862 1120 916 alios
1150 865 1386 933 aggressi
1417 868 1687 931 mordent,
1724 886 1831 935 quo
1873 885 2052 923 morsu
2084 872 2284 924 malum

722 950 893 1016 ipsum
929 967 1246 1021 propagant.
1290 956 1557 1009 Caeterum
1606 975 1724 1026 quae
1757 961 2087 1028 reliquorum
2142 976 2284 1028 synn-

720 1050 1025 1108 plum-illi!“
1078 1062 1236 1099 causa
1293 1048 1361 1100 sit
1415 1059 1582 1116 patet.
1635 1048 1767 1101 Nam
1829 1066 1952 1102 eum
2014 1065 2281 1103 venenum

720 1131 900 1182 omnia
935 1134 1171 1185 membra
1214 1145 1265 1187 et
1299 1136 1475 1202 ipsum
1506 1140 1639 1190 adeo
1664 1139 1949 1192 cerebrum
1978 1139 2279 1207 occuparit,

722 1221 1028 1287 huiusmodi
1070 1235 1430 1293 syinpmmata
1471 1242 1659 1281 secum
1687 1229 1883 1283 adfert.
1916 1231 1983 1282 At
2027 1230 2145 1297 ejus
2180 1230 2279 1291 rei,

714 1313 856 1379 quod
905 1329 1101 1381 aquam
1152 1327 1417 1380 metuant,
1463 1332 1681 1371 causam
1726 1318 1890 1388 aliqui
1943 1320 2165 1373 nimiam
2214 1318 2281 1372 ad

713 1404 1013 1456 siccitatem
1050 1403 1313 1468 referunt,
1350 1408 1503 1475 quasi
1540 1424 1763 1477 prorsus
1809 1410 1876 1463 ab
1916 1410 2144 1463 humore
2173 1408 2282 1463 sint

711 1495 1024 1549 abal'cnati.
1062 1494 1236 1552 Rufus
1284 1507 1463 1552 autem
1505 1500 1752 1568 perhibet
1785 1500 2020 1569 speciem
2071 1501 2279 1554 melan-

709 1585 901 1639 eltoliae
949 1588 1242 1655 quamdam
1292 1588 1374 1643 eis
1413 1590 1694 1655 accidere,
1748 1590 2008 1644 nimirum
2064 1605 2279 1645 veneno

708 1674 989 1749 humorem
1017 1677 1165 1731 illum
1194 1677 1444 1733 imitante
1467 1680 1537 1733 ob
1567 1695 1728 1749 quem
1754 1680 1841 1734 alii
1874 1682 1978 1735 alia
2008 1690 2277 1737 metuunt.

704 1765 815 1836 64
851 1767 915 1820 Ει
946 1768 1075 1836 quid
1105 1769 1290 1825 multis
1323 1770 1415 1825 hic
1458 1772 1642 1827 verbis
1688 1786 1827 1842 opus
1856 1772 1978 1827 est?
2005 1771 2277 1838 Quemad-

2390 620 2570 665 νοντες
2600 603 2763 656 αἴτιοι
2799 603 2890 655 τοῦ
2932 605 3094 656 αὐτοῦ
3135 604 3341 666 πάθους
3384 607 3752 673 κατέστησαν.
3798 606 3863 656 Ἥ
3890 606 3952 658 δὲ

2388 695 2495 743 τῶν
2530 696 2953 761 συμπτωμάτων
3005 693 3157 747 αἰτία
3186 696 3291 746 τῶν
3346 697 3443 759 μὲν
3474 696 3646 747 ἄλλων
3693 694 3913 764 ritimis;
3935 713 3948 724 ·

2386 786 2726 850 κατειληςςὼς
2758 786 2867 851 γάρ
2903 785 2977 846 ἰὸς
3005 786 3072 836 τά
3094 786 3284 853 ’μόρια
3334 784 3512 836 πάντα
3544 784 3634 833 καὶ
3663 782 3827 834 αὐτὸν
3860 783 3955 833 τὸν

2386 878 2687 945 ἐγκέφαλον
2736 876 2962 929 τοιαῦτα
3006 877 3161 944 φέρει
3202 876 3605 943 συμπτώματα.
3634 873 3742 925 Τοῦ
3771 875 3826 925 δὲ
3860 890 3955 941 φο-

2386 969 2596 1019 ϐεῖσθαι
2626 967 2682 1018 τὸ
2714 966 2860 1034 ὕδωρ
2889 966 3033 1028 τινὲς
3077 966 3175 1034 μὲν
3222 966 3434 1032 ἔφησαν
3462 965 3549 1016 διὰ
3584 964 3683 1032 τὴν
3712 966 3955 1031 ἄμετρον

2384 1059 2629 1125 γίνεσθαι
2681 1058 2974 1126 ξηρότητα,
3032 1053 3122 1107 οἷα
3177 1055 3461 1117 παντελῶς
3509 1054 3956 1122 ἠλλοτριωμένης

2380 1148 2479 1214 τῆς
2513 1149 2687 1215 ὑγρᾶς
2733 1147 2960 1208 οὐσίας’
3012 1147 3040 1197 ὁ
3084 1145 3140 1197 δέ
3193 1161 3255 1211 γε
3300 1145 3527 1211 Ῥοῦφος
3590 1143 3951 1212 μελαγχολίας

2381 1241 2563 1300 αὐτοῖς
2608 1235 2748 1299 εἶδος
2781 1240 2841 1290 τὸ
2882 1237 3124 1290 τοιοῦτον
3174 1236 3497 1305 ἀπεφήνατο
3547 1235 3821 1303 γίνεσθαι.
3856 1233 3951 1285 τοῦ

2384 1326 2463 1380 ἰοῦ
2496 1329 2591 1379 τὸν
2627 1327 2801 1397 χυμὸν
2843 1330 3049 1379 ἐκεῖνον
3104 1326 3491 1395 μιμησαμένου
3544 1324 3668 1377 καθ’
3714 1325 3774 1377 ὃν
3816 1325 3951 1377 ἄλλα

2380 1418 2739 1485 πεφόϐηνται.
2774 1418 2886 1471 Καὶ
2915 1417 2970 1468 τί
3002 1416 3106 1485 χρὴ
3131 1417 3302 1470 πολλά
3330 1418 3540 1483 mm;
3571 1418 3667 1469 Ὃν
3691 1416 3799 1484 γὰρ
3828 1418 3955 1484 τρό-

2378 1521 2480 1555 πον
2521 1504 2613 1555 ἐπὶ
2645 1502 2753 1556 τῶν
2789 1504 3201 1571 μελαγχολικῶν
3250 1508 3301 1558 οἱ
3360 1505 3459 1573 μὲν
3497 1502 3671 1569 άλογα
3718 1502 3834 1565 ζῶα
3864 1504 3953 1554 δο-

2378 1592 2565 1646 κοῦσιν
2595 1589 2733 1647 εἶναι
2763 1592 3059 1646 κάντεῦθεν
3090 1594 3191 1657 τὰς
3232 1594 3458 1646 ἐκείνων
3489 1592 3792 1659 μιμοῦνται
3836 1609 3952 1660 φω-

2378 1681 2497 1744 νάς,
2539 1683 2588 1735 οί
2643 1681 2700 1733 δὲ
2744 1682 2917 1750 σκεύη
2970 1680 3229 1734 δοκοῦσιν
3279 1677 3422 1733 εἶναι
3477 1680 3780 1750 ὀστράκινα
3839 1682 3951 1732 κάκ

2377 1772 2568 1825 τούτου
2617 1772 2955 1841 κατεαγῆναι
3002 1771 3099 1825 καὶ
3143 1771 3287 1827 πάνυ
3338 1771 3718 1834 δειλαίνονται,
3770 1771 3950 1840 ἕτεροι

706 1855 933 1908 modum
973 1858 1119 1911 enim
1152 1859 1206 1911 in
1254 1860 1664 1915 melancholicis
1709 1864 2001 1915 usuvenire
2030 1862 2279 1916 videmus

2378 1864 2470 1918 τδν
2502 1863 2773 1917 ’Δτλαντα
2806 1862 3121 1932 νομίζουσιν
3149 1863 3336 1917 ἐπάνω
3377 1862 3601 1915 πίπτειν
3633 1862 3815 1915 αὐτῶν
3854 1860 3951 1915 καὶ

709 1957 766 2000 ιιι
798 1948 888 2001 alii
924 1949 1144 2018 quidem
1195 1951 1451 2005 animalia
1499 1952 1657 2007 bruta
1703 1952 1806 2007 sibi
1842 1952 2129 2007 vidcantur
2158 1966 2279 2008 esse

704 2054 770 2093 ac
800 2051 1088 2110 propterea
1130 2056 1291 2098 voces
1338 2058 1532 2098 eorum
1569 2044 1878 2111 imitentur,
1910 2045 2003 2099 alii
2054 2061 2114 2101 se
2150 2060 2277 2100 vasa

704 2146 825 2185 esse
874 2141 1110 2188 testacea
1155 2135 1385 2189 credant
1428 2146 1485 2191 et
1533 2136 1736 2192 idcirco
1770 2138 2123 2192 vehementer
2158 2153 2276 2192 me-

706 2234 858 2277 tuant
891 2241 958 2279 ne
985 2225 1422 2297 Confringantur,
1462 2228 1553 2282 alii
1586 2243 1750 2298 supra
1781 2244 1844 2285 se
1873 2229 2051 2285 delabi
2084 2229 2276 2283 Atlan-

703 2325 813 2369 tem
846 2317 1161 2371 existiment
1195 2319 1427 2388 ideoque
1457 2320 1655 2374 mirum
1690 2320 1745 2374 in
1772 2320 1990 2375 modum
2012 2324 2270 2384 clament,

704 2409 780 2461 ita
824 2410 1110 2463 consimile
1136 2410 1417 2480 quidpiam
1451 2426 1679 2466 cernere
1711 2412 1840 2467 licet
1877 2413 2041 2467 etiam
2080 2414 2149 2467 iis
2183 2427 2275 2468 ac-

704 2503 890 2557 cidere
940 2520 1075 2572 quos
1120 2520 1285 2559 canes
1334 2503 1535 2559 rabiosi
1584 2506 2015 2560 niomorderunt.
2064 2505 2275 2573 Quippe

708 2610 979 2650 venenum
1007 2597 1179 2662 cauis,
1210 2612 1306 2652 ceu
1328 2597 1527 2651 noxius
1551 2596 1767 2660 humor,
1787 2612 1975 2651 eorum
2011 2604 2276 2665 occupato

705 2688 935 2742 cerebro
972 2687 1100 2741 facit
1135 2698 1190 2741 ut
1223 2704 1417 2757 aquam
1466 2698 1744 2753 metuant;
1780 2689 1830 2741 in
1865 2700 1974 2757 quo
2017 2698 2162 2741 metu
2190 2703 2277 2742 ca-

707 2780 814 2845 nis,
868 2796 898 2834 a
953 2795 1061 2849 quo
1106 2781 1271 2835 morsi
1321 2791 1469 2844 sunt,
1526 2782 1843 2852 imaginatio
1888 2782 2065 2844 sul-it;
2102 2795 2279 2848 eoque

2374 1956 2464 2009 διὰ
2494 1955 2655 2008 τοῦτο
2690 1954 2833 2023 μέγα
2879 1953 3011 2024 βοᾷν
3062 1954 3485 2023 ἀναγκάζονται,
3522 1953 3666 2007 οὕτω
3715 1954 3809 2006 καὶ
3858 1953 3953 2005 ἐπὶ

2374 2046 2484 2101 τῶν
2521 2044 3077 2115 λυσσοδήκτωνεστιν
3106 2044 3256 2099 ίδείν.
3290 2045 3350 2097 '0
3383 2044 3494 2114 γάρ
3518 2044 3613 2097 τοῦ
3648 2045 3811 2105 κυνὸς
3849 2043 3950 2107 ίὺς,

2374 2138 2626 2207 καθάπερ
2652 2152 2735 2198 τις
2761 2136 2935 2206 χυμὸς
2989 2134 3284 2205 μοχθηρὸς,
3310 2136 3404 2189 τὸν
3432 2136 3733 2203 ἐγκέφαλον
3765 2134 3952 2188 αὐτῶν

2375 2228 2668 2297 κατασχὼν
2699 2226 2986 2295 φοϐεῖσθαι
3020 2227 3167 2279 ποιεῖ
3206 2226 3270 2279 τὸ
3313 2224 3459 2295 ὕδωρ
3495 2225 3716 2287 αὐτοὺς,
3751 2223 3953 2293 φοϐου-

2380 2322 2572 2391 μένους
2605 2319 2661 2373 δὲ
2695 2319 2788 2371 τὸν
2812 2318 3049 2371 δακόντα
3080 2318 3219 2370 κύνα
3256 2317 3647 2387 φαντάζεσθαι.
3681 2316 3778 2369 καὶ
3807 2314 3952 2367 οὕτω

2377 2412 2621 2468 σπᾶσθαι
2660 2412 2754 2464 καὶ
2784 2410 3071 2478 τελευτᾷν.
3101 2409 3289 2480 Ταύτῃ
3331 2425 3416 2461 τοι
3461 2416 3558 2461 καὶ
3610 2407 3779 2473 σοφόν
3824 2423 3949 2459 τινα

2376 2504 2741 2572 λυσσύδηκτον
2801 2499 3067 2553 εἰσελθεῖν
3122 2500 3181 2552 ὲν
3236 2498 3505 2567 βαλανείῳ
3554 2498 3799 2563 λέγουσι,
3855 2497 3948 2549 καὶ

2379 2598 2555 2650 ἰδόντα
2588 2596 2678 2648 τὸν
2718 2594 2857 2647 κύνα
2909 2595 2969 2647 εν
3014 2595 3082 2663 τῇ
3129 2592 3335 2662 λεκάνῃ
3384 2592 3482 2643 καὶ
3526 2591 3600 2658 μὴ
3637 2603 3953 2654 καταπτοη-

2379 2687 2539 2739 θέντα
2565 2686 2762 2739 εἰπεῖν.
2799 2702 2818 2735 ι
2857 2683 2926 2735 Τί
2954 2682 3079 2735 κυνὶ
3112 2684 3293 2734 κοινόν
3314 2683 3428 2733 ἐστι
3456 2680 3552 2732 καὶ
3578 2676 3843 2748 βαλανείῳ
3869 2694 3883 2740 ;
3925 2694 3945 2727 ι

2382 2782 2492 2832 Καὶ
2518 2780 2648 2848 napi.
2681 2777 2780 2843 μὲν
2810 2774 3019 2829 τούτων
3044 2773 3240 2837 οὕτως.

703 2885 863 2943 pacto
894 2872 1180 2943 ringuntur
1207 2882 1261 2927 et
1297 2875 1511 2928 tandem
1547 2889 1667 2927 cum
1706 2881 1881 2925 morte
1928 2874 2091 2927 vitam
2157 2878 2522 2928 commutant.
2584 2868 2913 2923 Perhibelur
2949 2866 3168 2936 quidem
3238 2865 3530 2933 aliquando
3598 2861 3951 2932 philosophus

700 2966 996 3039 quispiam,
1028 2966 1117 3035 qui
1150 2976 1296 3022 esset
1332 2967 1616 3022 admorsus
1651 2984 1680 3022 a
1707 2984 1843 3021 cane
1875 2968 2114 3031 rabioso,
2189 2966 2440 3021 balneum
2500 2964 2797 3035 ingressus,
2858 2968 3151 3030 conspecto
3178 2959 3231 3013 in
3271 2959 3409 3028 pelvi
3434 2971 3592 3020 cane,
3616 2956 3749 3009 nihil
3774 2965 3954 3009 exter-

700 3060 841 3113 ritus
869 3058 1071 3111 dixisse
1097 3076 1109 3109 :
1150 3076 1167 3108 ι
1199 3056 1341 3122 Quid
1371 3059 1492 3111 cani
1515 3073 1804 3113 commune
1835 3075 1958 3113 cum
1990 3059 2217 3113 balneo?
2247 3076 2264 3108 ι
2312 3055 2417 3111 Sed
2444 3055 2511 3109 de
2542 3054 2630 3108 his
2663 3053 2815 3108 satis.

773 3150 944 3206 Ursus
984 3166 1204 3204 carnem
1239 3150 1427 3220 gignit,
1466 3166 1587 3220 quas.
1636 3166 1810 3219 neque.
1844 3150 2067 3220 ﬁgurant
2100 3164 2275 3218 neque
2303 3152 2347 3207 Ο

701 3245 931 3299 formam
977 3243 1159 3297 habet.
1193 3240 1389 3296 Verum
1422 3242 1681 3312 deinceps
1712 3258 1808 3296 ore
1850 3241 2096 3296 lambens
2138 3240 2271 3294 arti-

704 3337 859 3391 culos
907 3336 961 3389 in
994 3351 1055 3389 ea
1099 3334 1280 3389 efﬁcit.
1330 3334 1588 3403 Ejusdem
1641 3334 1804 3389 catuli
1852 3350 1961 3389 non
2006 3335 2273 3389 Iactantur

705 3429 985 3491 uberibus,
1034 3429 1127 3483 sed
1180 3427 1426 3497 sugendo
1472 3427 1640 3496 pedes
1681 3442 1809 3482 suos
1857 3434 2175 3497 augescunt.
2209 3424 2276 3477 Et

701 3520 846 3590 parit
887 3528 1011 3573 ante
1048 3528 1263 3587 tempus
1293 3533 1439 3583 ursa,
1468 3532 1578 3587 quo
1615 3533 1738 3572 cum
1779 3531 1929 3571 mare
1956 3513 2276 3584 congredia-

702 3622 812 3666 tur.
834 3611 961 3698 ipso
982 3611 1035 3664 in
1063 3619 1220 3680 partu
1249 3611 1493 3681 periculo
1516 3625 1622 3663 non
1649 3620 1819 3673 caret,
1848 3609 2079 3678 ideoque
2108 3615 2273 3660 noctu

701 3705 1016 3776 parturiens
1047 3719 1191 3759 ursa:
1222 3704 1376 3758 sidus
1410 3704 1765 3775 inspectanth
1795 3702 2069 3764 observat,
2101 3712 2275 3767 eoque

705 3804 864 3863 pacto
892 3793 1265 3849 difﬁcultatem
1302 3803 1491 3862 partus
1523 3790 1755 3859 mitigat.
1778 3789 1952 3843 Vorax
1985 3797 2069 3842 est
2093 3789 2277 3840 admo-

706 3886 855 3949 dum,
894 3900 1129 3953 eumque
1174 3899 1270 3952 per
1312 3882 1549 3938 hiemem
1588 3882 1643 3935 in
1677 3882 1848 3936 lustro
1890 3895 1990 3934 suo
2030 3880 2180 3933 sedet
2211 3882 2306 3933 ac'

705 3978 900 4039 esurit,
932 3981 1120 4045 pedem
1152 3976 1442 4030 lambendo
1475 3990 1534 4030 se
1566 3974 1772 4040 nutrit;
1800 3972 1944 4042 quod
1975 3972 2193 4040 quidem
2223 3972 2274 4024 ei

705 4069 806 4123 soli
864 4068 1139 4136 peculiare
1185 4076 1268 4121 est
1308 4067 1454 4121 inter
1496 4066 1750 4121 animalia
1789 4064 2089 4127 terrestria,
2136 4063 2277 4117 sicut

707 4161 852 4215 inter
891 4160 1099 4214 marina
1130 4161 1346 4229 polypo.

778 4252 912 4306 Cum
949 4252 1136 4319 onagri
1172 4266 1350 4305 mares
1388 4250 1633 4321 gignunt,
1674 4257 1935 4304 exsecant
1973 4262 2162 4302 eorum
2194 4246 2278 4300 vi-

704 4342 845 4403 rilia,
882 4356 947 4395 ne
980 4348 1289 4409 procreent.
1315 4339 1378 4393 Et
1408 4339 1611 4393 animal
1647 4339 1749 4393 hoc
1779 4337 2138 4392 siccissimum
2173 4344 2275 4401 est,

705 4435 933 4502 ideoque
994 4431 1353 4485 sitibundum.
1409 4430 1532 4495 Qua
1590 4429 1657 4483 de
1715 4442 1879 4482 causa
1934 4426 2166 4481 Davides
2211 4427 2279 4482 de

2457 3144 2605 3197 Ἦδέ
2637 3160 2701 3210 γε
2748 3144 2947 3210 ἄρκτος
2983 3141 3165 3210 σάρκα
3210 3140 3387 3193 τίκτει
3437 3141 3575 3208 μήτε
3606 3138 3775 3190 τύπον
3813 3139 3953 3205 μήτε

2384 3233 2603 3304 μορφὴν
2657 3234 2907 3302 ἔχουσαν,
2964 3231 3042 3301 τῷ
3094 3231 3152 3283 δὲ
3202 3232 3430 3299 στόματι
3474 3229 3725 3297 λείχουσα
3772 3228 3953 3295 ἄρθρα

2381 3325 2658 3380 ἀποτελεῖ.
2688 3323 2849 3376 Ἀλλὰ
2879 3324 2973 3375 καὶ
3005 3323 3055 3374 oi
3092 3320 3324 3389 σκύμνοι
3355 3321 3529 3389 αὐτῆς
3548 3320 3608 3371 ού
3635 3317 3951 3386 θηλάξουσι,

2386 3412 2664 3483 μυζῶντες
2699 3411 2755 3464 δὲ
2791 3411 2917 3473 τοὺς
2952 3410 3118 3474 πόδας
3141 3410 3322 3463 αὐτῶν
3353 3408 3606 3462 ἐντεῦθεν
3635 3406 3952 3471 αὑξάνουσι.

2383 3505 2571 3559 Τίκτει
2604 3504 2660 3557 δὲ
2698 3503 2804 3572 πρὸ
2839 3502 2934 3554 τοῦ
2979 3500 3195 3571 καιροῦ,
3229 3500 3314 3553 ἵνα
3359 3501 3436 3569 τῷ
3469 3500 3660 3569 άρρενι
3691 3499 3956 3567 συνέρχη-

2383 3614 2495 3649 ται.
2536 3594 2698 3649 Ἀλλά
2725 3595 2817 3646 καὶ
2849 3593 2908 3645 ἐν
2953 3592 3031 3662 τῷ
3075 3592 3284 3645 τίκτειν
3318 3590 3617 3644 κινδυνεύει
3658 3591 3691 3657 ἡ
3730 3590 3953 3656 ἄρκτος.

2398 3689 2488 3740 Ἐν
2531 3687 2588 3739 δὲ
2639 3686 2794 3739 νυκτὶ
2848 3682 3115 3735 ὠδίνουσα
3177 3681 3439 3753 προσέχει
3487 3680 3567 3747 τῷ
3619 3679 3717 3747 τῆς
3753 3681 3957 3748 ἄρκτνυ

2387 3780 2593 3848 ἄστρῳ,
2639 3778 2735 3831 καὶ
2776 3775 2919 3828 οὕτω
2952 3775 3130 3827 τίκτει
3180 3773 3441 3842 εὐχερῶς.
3484 3772 3805 3839 Πολυφάγος
3858 3771 3958 3838 μὲν

2388 3871 2586 3938 ἄρκτος
2632 3867 2799 3932 ἐστὶν,
2865 3868 2924 3919 ίιν
2976 3864 3033 3916 δὲ
3086 3863 3320 3934 χειμῶνι
3378 3859 3823 3931 παρακαθημένη
3885 3859 3956 3927 τῷ

2388 3959 2581 4027 φωλεῷ
2624 3957 2718 4010 καὶ
2756 3955 3002 4008 πεινῶσα
3037 3953 3206 4023 λείχει
3236 3952 3326 4006 τὸν
3377 3952 3512 4003 πόδα
3546 3951 3642 4003 καὶ
3672 3955 3956 4019 τρέφεται.

2387 4049 2541 4118 Μόνη
2572 4049 2631 4101 δὲ
2662 4046 2802 4117 αὕτη
2836 4048 2895 4099 ὲν
2942 4050 3015 4118 γῇ
3048 4048 3245 4117 πάσχει
3290 4044 3472 4111 τοῦτο,
3511 4046 3604 4098 καὶ
3628 4045 3686 4097 ὲν
3711 4044 3959 4111 Θαλάσσῃ

2386 4144 2414 4195 ὁ
2444 4142 2741 4205 πολύπους.

2473 4234 2634 4287 Ἀλλά
2663 4234 2757 4286 καὶ
2795 4233 2905 4286 τῶν
2952 4232 3204 4303 ὀνάγρων
3238 4232 3297 4285 αί
3347 4231 3576 4299 νομάδες
3615 4230 3841 4284 ἐπειδὰν
3867 4230 3958 4282 τέ-

2390 4342 2559 4381 κωσιν
2607 4326 2834 4396 ἄρρενα,
2862 4326 3120 4395 τέμνουσι
3169 4324 3239 4377 τά
3293 4322 3473 4376 αίδοῖα
3528 4320 3730 4383 αὐτῶν,
3760 4321 3849 4373 ενα
3885 4321 3959 4389 μὴ

2391 4418 2823 4488 σπερματίζωσι.
2853 4417 3176 4486 Κατάξηρον
3201 4414 3256 4467 δὲ
3300 4412 3437 4476 ζῶον
3464 4415 3491 4464 ὁ
3516 4412 3770 4480 δναγρος,
3803 4414 3891 4480 ἐφ’
3919 4406 3962 4478 ᾧ

706 4500 863 4593 aquis
916 4523 1215 4584 disserens,
1264 4522 1387 4575 ait:
1430 4537 1449 4570 ι
1483 4518 1715 4573 Sumcnt
1781 4532 1873 4572 eas
1921 4517 2109 4587 onagri
2158 4516 2278 4573 sitis

2384 4510 2477 4562 καὶ
2514 4508 2807 4577 διψαλέον·
2840 4508 2983 4560 κατά
3028 4507 3138 4575 γάρ
3187 4504 3343 4557 τοῦτο
3393 4504 3485 4555 καὶ
3536 4504 3564 4553 ὁ
3613 4500 3776 4553 Δαὸιδ
3835 4502 3961 4570 περὶ

706 4632 818 4673 suae
848 4614 1249 4684 restinguenda:
1281 4627 1446 4669 causa
1474 4613 1544 4668 ⁸ο.
1587 4631 1605 4664 ι

779 4795 1126 4866 Vulpeculam
1155 4792 1475 4847 nutrimenti
1529 4792 1869 4847 laborantem
1899 4788 2079 4858 inopia
2125 4786 2278 4856 supi—

704 4906 831 4945 nam
868 4890 1045 4957 iacere
1074 4886 1313 4945 tradunt,
1351 4883 1507 4952 quasi
1545 4884 1592 4938 si
1640 4883 1779 4938 foret
1825 4890 2059 4944 mortua,
2093 4878 2281 4932 simul-

702 4998 811 5053 que
837 4980 1140 5038 anhelitum
1193 4977 1451 5032 retinere.
1502 4976 1867 5042 Quamobrem
1924 4975 2023 5028 hac
2069 4974 2181 5042 ipsa
2214 4971 2281 5024 de

706 5090 870 5131 causa
909 5074 1203 5128 distentam
1257 5069 1585 5138 conspicata
1630 5069 1901 5128 volucres,
1951 5066 2006 5119 in
2058 5080 2177 5118 eam
2227 5078 2285 5117 se

706 5167 999 5223 demittunt
1046 5162 1319 5231 velutique
1368 5170 1634 5214 mortuam
1687 5160 1977 5227 attingunt.
2015 5153 2154 5209 Tum
2190 5153 2279 5207 illa

704 5261 885 5315 subito
945 5256 1235 5313 exsiliens.
1294 5270 1413 5322 qua!
1482 5263 1693 5305 mortua
1746 5250 2102 5304 credi-batur.
2156 5262 2284 5299 aves

703 5351 1114 5416 comprehendit
1144 5359 1306 5417 atque
1334 5347 1574 5401 devorat.

774 5444 948 5512 Capra
993 5441 1259 5495 silvestris
1312 5439 1711 5494 velocissimum
1753 5435 1951 5489 animal
2006 5442 2089 5487 est
2142 5441 2196 5485 et
2228 5432 2281 5482 in

704 5537 932 5601 rupibus
959 5533 1120 5585 tlt‘L’ll.
1148 5530 1357 5597 Quodsi
1386 5530 1506 5595 quis
1552 5530 1687 5581 hanc
1732 5534 2052 5580 venatorum
2103 5538 2285 5591 perse-

698 5638 919 5691 quatur.
950 5625 1002 5678 in
1031 5639 1232 5678 cornua
1267 5622 1447 5677 desilit
1499 5634 1599 5673 nec
1633 5618 1941 5673 detrimenti
1988 5615 2281 5685 quidquam

717 5742 744 5767 ιι
769 5730 919 5772 νιιηι,

774 5808 819 5837 ⁸ο
858 5806 978 5860 Γειί
1046 5821 1151 5858 Clit.
1193 5805 1269 5857 ll,

2393 4598 2604 4650 ὑδάτων
2630 4596 2844 4660 διεξιὼν
2872 4594 3017 4648 οὕτω
3046 4595 3182 4663 φησί
3210 4610 3223 4623 ·
3272 4611 3290 4645 ι
3318 4591 3708 4663 Προσδέξονται
3738 4591 3963 4658 θνα-γρου.

2391 4691 2661 4763 είςδξψαν
2694 4689 2894 4741 αὐτῶν.
2940 4707 2959 4738 ι

2458 4784 2692 4850 Λέγεται
2728 4781 2788 4833 δὲ
2821 4782 2914 4833 καὶ
2943 4780 3043 4848 τὴν
3075 4779 3337 4831 ἀλώπεκα
3375 4778 3682 4847 βρωμάτων
3717 4775 3962 4845 ἀποροῦ-

2394 4892 2499 4928 σαν
2546 4874 2741 4927 ὑπτίαν
2798 4874 3020 4925 πίπτειν
3073 4870 3209 4924 ὡσεὶ
3261 4870 3463 4940 νεκρὰν
3516 4871 3610 4922 καὶ
3665 4869 3963 4937 φυσᾶσθαι,

2395 4966 2687 5019 κάντεῦθεν
2717 4964 3112 5032 διογκουμένην
3159 4961 3328 5029 αὐτὴν
3369 4962 3584 5030 ὁρῶντα
3632 4961 3698 5011 τά
3742 4959 3965 5011 πετεινὰ

2391 5060 2769 5115 ἐπιϐαίνουσιν
2841 5057 3013 5124 αὐτῆς
3067 5054 3164 5106 καὶ
3230 5053 3363 5105 ὡσεὶ
3418 5054 3620 5121 νεκρᾶς
3675 5052 3963 5103 ἅπτονται.

2400 5154 2796 5223 Ἐκπηδησασα
2824 5148 2916 5202 οῦν
2960 5148 3160 5217 αἴφνης
3193 5147 3226 5215 ἠ
3250 5146 3420 5216 νεκρά
3469 5143 3837 5214 συλλαμϐάνει
3868 5147 3966 5195 καὶ

2392 5247 2668 5302 κατεσθίει
2701 5245 2863 5297 αύτά.

2479 5425 2641 5479 Ἀλλά
2688 5424 2955 5493 αἴγαγρος
3000 5420 3304 5491 ταχύτατόν
3352 5421 3468 5472 ἐστι
3498 5419 3638 5483 ζῶον
3679 5421 3773 5473 καὶ
3817 5421 3969 5493 παρὰ

2393 5522 2505 5581 τοῖς
2553 5519 2820 5589 κρημνοῖς
2863 5516 3069 5579 διάγον,
3108 5514 3440 5582 διωκόμενον
3482 5514 3535 5565 δὲ
3577 5513 3797 5566 ἅλλεται
3826 5515 3969 5567 κατὰ

2393 5611 2662 5680 κεράτων,
2688 5609 2779 5662 καὶ
2804 5608 2863 5659 ού
2887 5606 3184 5659 διαθλᾶται.
