4204 6450
267 391 365 457 ιλιι

1527 418 1928 478 ΑΝΝΑΙᾸΗΜ
1972 424 2164 482 Palis
2206 427 2255 486 Ι.

3389 402 3483 493 ιω

333 511 571 567 Γίνωσκε
602 517 656 569 δὲ
689 519 769 572 ὅτι
807 521 1019 592 ἑκάστῳ
1043 524 1149 575 τῶν
1192 526 1365 591 ζώων,
1384 530 1523 582 καθὰ
1556 530 1620 601 δὴ
1655 532 1746 583 καὶ
1784 532 1811 582 6

1986 534 2135 589 Scias
2157 546 2336 592 autem
2384 539 2611 609 singulis
2649 542 2996 605 animalibus,
3029 542 3482 610 quemadmodum

258 600 531 669 Νεμέσιός
564 624 715 675 φησι,
746 613 982 684 φυσικὴν
1004 615 1063 666 οὐ
1093 615 1317 684 λογικὴν
1351 621 1574 690 ἐνέθηκε
1605 600 1820 676 σύνεσιν

255 693 286 743 6
319 691 470 784 θεός.
508 696 631 749 Τισὶ
655 699 712 750 δὲ
746 702 838 753 καὶ
881 707 1221 775 πανουργίας
1253 709 1505 763 ἐνέϐαλεν
1551 714 1691 784 ὑπὲρ
1726 717 1819 768 τοῦ

258 783 357 833 καὶ
400 785 499 848 τὰς
544 788 850 856 ὲνεστώσας
906 795 1197 861 ἐπιϐουλὰς
1242 800 1512 855 ἐκκλίνειν
1578 783 1688 857 καὶ.
1724 806 1823 868 τάς

261 873 565 941 μελλούσας
616 884 1110 951 προφυλάττεσθαι.
1162 890 1283 943 Ὅτι
1339 892 1393 945 δὲ
1458 894 1702 963 φυσικῶς
1757 896 1824 949 τὰ

256 965 483 1021 τοιαῦτα
522 972 618 1023 καὶ
645 975 703 1025 οὐ
740 975 972 1042 λογικῶς
999 981 1284 1048 ἐνεργοῦσι
1312 984 1379 1037 τὰ
1406 985 1539 1051 ζῶα,
1571 987 1730 1056 δῆλον
1759 990 1824 1042 ὲκ

260 1056 357 1109 τοῦ
399 1061 516 1111 κατ’
556 1058 694 1128 εἶδος
729 1066 958 1122 ἕκαστον
997 1071 1138 1134 ζῶον
1176 1074 1377 1142 ὁμοίως
1422 1077 1595 1130 ταῦτα
1628 1081 1823 1144 ποιεῖν,

263 1150 359 1200 καὶ
395 1150 469 1219 μὴ
499 1151 835 1210 διαλλάττειν
870 1160 1049 1215 αὐτῶν
1088 1165 1145 1216 ὲν
1178 1166 1255 1233 τῷ
1302 1167 1492 1237 πλήθει
1534 1169 1631 1232 τὰς
1672 1173 1827 1240 ἐνερ-

264 1240 443 1306 γείας,
477 1245 614 1298 ἀλλά
661 1250 751 1301 κοιλ¹
813 1253 955 1307 κατά
1010 1255 1140 1322 μίαν
1194 1260 1370 1328 ὁρμὴν
1409 1260 1529 1313 ὅλον
1585 1264 1645 1314 τὸ
1689 1263 1829 1327 εἶδος

266 1334 578 1389 κινεῖσθαιο
642 1342 752 1403 πᾶς
806 1346 916 1414 γὰρ
969 1348 1178 1413 λαγωὸς
1232 1353 1431 1418 ὁμοίοις
1483 1355 1827 1423 τεχνάζεται,

263 1424 360 1515 καὶ
394 1428 500 1490 πᾶς
540 1428 704 1494 λύκος
732 1434 934 1502 ὁμοίως
973 1444 1301 1508 πανουργεῖ,
1330 1444 1426 1496 καὶ
1463 1448 1573 1508 πᾶς
1594 1448 1830 1515 πίθηκος

258 1513 463 1582 ὁμοίως
501 1525 772 1588 μιμεῖται.
811 1525 987 1595 Ὅπερ
1026 1530 1126 1583 οὐκ
1161 1533 1310 1585 ἔστιν
1367 1534 1455 1587 ἐπ’
1489 1513 1827 1607 ἀνθρώπων·

263 1608 455 1675 μυρίαι
486 1615 592 1683 γὰρ
620 1614 731 1667 τῶν
752 1618 1110 1687 ἀνθρωπίνων
1133 1626 1386 1694 πράξεων
1408 1630 1463 1681 αἱ
1490 1631 1618 1686 ὁδοί.
1649 1632 1833 1685 Ἐλεύ-

261 1696 441 1793 θερον
464 1703 570 1772 γάρ
594 1721 648 1756 τι
681 1708 776 1759 καὶ
811 1710 1161 1775 αὐτεξούσιον
1198 1717 1257 1769 τὸ
1296 1696 1537 1785 λογικὸν,
1570 1721 1691 1774 ὃθεν
1732 1724 1833 1793 οὐχ

261 1786 339 1883 ἓν
358 1791 453 1843 καὶ
480 1793 542 1883 τὸ
581 1796 713 1849 αὐτὸ
752 1801 918 1852 πᾶσιν
955 1802 1117 1871 ἔργον
1156 1806 1487 1878 ἀνθρώποις,
1511 1811 1586 1872 ὡς
1615 1786 1831 1883 ἑκάστῷ

262 1877 394 1984 etot-et
430 1882 547 1984 nva
569 1885 781 1954 ἀλόγων
817 1887 994 1953 ζώων.
1028 1892 1190 1947 Φύσει
1236 1877 1345 1966 γὰρ
1379 1899 1518 1984 μόνη
1547 1900 1717 1954 ταῦτα
1749 1877 1833 1955 xi-

265 1973 459 2037 νεῖται,
492 1977 560 2028 τὰ
607 1978 663 2031 δὲ
697 1980 858 2046 φύσει
896 1986 1194 2053 κινούμενα
1242 1990 1445 2058 ὁμοίως
1480 1973 1630 2063 παρὰ
1664 1996 1831 2050 πᾶσιν

261 2061 448 2114 ἐστίν·
481 2067 537 2119 αί
591 2068 647 2122 δὲ
704 2070 921 2141 λογικαὶ
964 2078 1191 2146 πράξεις
1236 2081 1396 2135 ἄλλαι
1443 2061 1576 2153 παρδ
1624 2087 1830 2151 ἀλλοις,

262 2154 360 2205 καὶ
396 2156 497 2210 οὐκ
520 2157 579 2222 ἐξ
604 2159 852 2230 ἀνάγκης
880 2164 938 2216 al
968 2168 1133 2221 αὐταὶ
1165 2173 1317 2241 παρά
1350 2174 1507 2228 πᾶσι.
1542 2175 1615 2229 Τὸ
1647 2179 1833 2246 μέντοι

260 2246 537 2340 πρόϐατον
577 2250 667 2304 διὰ
710 2251 871 2308 τοῦτο
908 2256 1130 2321 λέγεται
1184 2262 1278 2314 καὶ
1332 2265 1485 2333 παρά
1532 2268 1598 2338 τῇ
1640 2267 1831 2340 Γραφῇ

258 2336 492 2431 ἄκακον,
526 2343 606 2396 ὅτι
670 2345 889 2401 σύνεσιν
938 2350 1077 2405 ἰδίαν
1132 2355 1233 2407 οὐκ
1292 2354 1409 2426 ἔχει
1461 2336 1604 2412 ὥστε
1663 2336 1835 2431 νομάς

259 2429 544 2498 εὑρίσκειν
574 2437 666 2489 καὶ
706 2440 892 2506 ποτὸν,
923 2441 989 2495 ἀν
1042 2445 1117 2514 μή
1161 2462 1250 2509 τις
1277 2450 1305 2499 ό
1336 2450 1639 2517 ποιμαίνων
1669 2429 1829 2509 αὐτά.

259 2522 443 2615 Πολλά
476 2526 531 2580 δὲ
555 2528 662 2580 τῶν
684 2530 837 2595 ζώων
861 2537 956 2587 καὶ
986 2538 1255 2602 συνέσεως
1283 2540 1634 2615 ἀνθρωπίνης
1668 2547 1835 2614 ἐγγύς

262 2614 403 2669 ἐστι.
439 2618 547 2669 Καὶ
577 2619 679 2687 δρα
719 2622 810 2675 τὸν
850 2628 1103 2693 χερσαῖον
1150 2629 1328 2700 ἐχῖνον
1362 2632 1455 2685 δύο
1496 2614 1838 2691 κατασκευά-

262 2704 429 2769 ζοντα
456 2709 546 2763 ἰπὶ
583 2711 679 2766 τοῦ
718 2715 925 2782 φωλεοῦ
956 2718 1268 2784 ἀναπνοὰς,
1296 2725 1433 2791 πρός
1462 2742 1520 2778 τε
1559 2726 1651 2782 τὸν
1685 2730 1837 2783 νότον

262 2800 745 2871 ἀντιφραττούσας
797 2810 891 2861 καὶ
936 2810 1028 2861 τὸν
1087 2812 1331 2883 βορρᾶν,
1369 2819 1416 2869 εί
1474 2818 1569 2870 καὶ
1621 2822 1838 2887 φυσικῷ

262 2890 410 2960 λόγῳ
440 2895 575 2964 πρὸς
607 2896 675 2948 τὰ
719 2899 943 2953 τοιαῦτα
972 2901 1081 2954 τῶν
1112 2905 1323 2973 ἀλόγων
1370 2910 1499 2979 γένη
1529 2912 1834 2979 κεκίνηται.

151 3014 159 3021 -
263 2983 402 3036 Οὐδὲ
429 2988 538 3056 γὰρ
572 2988 894 3055 αὐτεξούσια
943 2994 1011 3044 τὰ
1067 2993 1206 3061 ζῶα,
1242 2997 1383 3050 καθὰ
1431 2999 1494 3069 δὴ
1552 3003 1644 3054 καὶ
1677 3005 1703 3055 6
1734 3007 1839 3057 Δα-

268 3081 551 3148 μασκηνὸς
598 3081 852 3153 Ἰωάννης
880 3088 1067 3156 φησὶν,
1100 3089 1180 3141 ὅτι
1221 3091 1356 3160 μηδὲ
1383 3090 1600 3160 λογικά.
1629 3096 1836 3168 Λογικῇ

1926 633 1979 679 et
2008 626 2290 682 Nemesius
2336 631 2571 698 scripsit,
2627 633 2881 688 indidisse
2934 635 3099 687 Deum
3144 635 3485 702 prudentiam

1926 717 2211 783 quamdam
2239 721 2559 785 naturalem,
2588 739 2694 776 non
2726 723 2985 777 discendo
3002 724 3315 792 parabilem.
3344 723 3487 775 Non-

1928 807 2092 862 nullis
2141 812 2402 864 versutias
2444 814 2604 866 etiam
2656 814 2824 875 dedit,
2868 815 3065 883 quibus
3107 823 3159 867 et
3196 824 3487 881 praesentes

1930 898 2153 955 insidias
2200 902 2473 956 declinare
2530 914 2584 957 et
2636 920 2937 972 praecavere
2991 906 3202 959 futuras
3258 907 3487 975 possint.

1928 986 2164 1051 Quarum
2200 1005 2381 1043 rerum
2417 992 2730 1047 eil‘ectioncs
2776 993 2828 1045 in
2860 994 3034 1046 brutis
3077 1008 3104 1045 a
3139 1004 3351 1055 natura,
3382 1010 3489 1046 non

1930 1080 2138 1133 ratione
2170 1080 2459 1148 proﬁcisci,
2516 1083 2600 1135 vel
2639 1082 2765 1135 inde
2811 1092 2975 1150 patet,
3011 1084 3154 1151 quod
3188 1085 3486 1151 Specierum

1930 1172 2246 1240 quarumvis
2280 1172 2533 1226 animalia
2575 1174 2929 1227 consimiliter
2981 1176 3092 1228 Inec
3132 1178 3354 1235 iaciant,
3392 1181 3505 1227 ncc‘

1932 1264 1987 1317 in
2022 1272 2167 1317 tanta
2220 1279 2406 1318 eorum
2453 1265 2560 1337 65
2610 1266 2953 1319 multitudine
2999 1268 3375 1335 operatimmm
3423 1267 3495 1319 si:

1932 1354 2232 1409 diversitas.
2275 1355 2476 1410 Eodem
2504 1357 2664 1410 modo
2699 1358 2957 1410 nimirum
3006 1369 3060 1411 et
3094 1358 3341 1411 instituto
3367 1374 3494 1425 spe-

1932 1445 2045 1499 cies
2095 1446 2347 1499 univcrsa
2428 1458 2693 1502 movetur.
2756 1448 2983 1502 Solet-tia
3038 1450 3247 1516 lepores
3303 1464 3494 1501 omnes

1933 1536 2200 1590 consimili
2230 1546 2477 1597 utuntur,
2512 1539 2748 1606 itemque
2794 1538 2905 1606 lupi
2940 1540 3208 1592 consimili
3256 1539 3491 1601 vah-ilic,

1933 1626 2198 1679 consimili
2254 1625 2488 1695 denique
2547 1631 2706 1681 modo
2753 1630 2979 1697 quilibet
3034 1630 3223 1682 simius
3295 1630 3495 1682 imitari

1934 1715 2105 1780 solet;
2157 1716 2209 1771 id
2264 1718 2405 1786 quod
2464 1719 2518 1771 in
2551 1719 2861 1773 hominibus
2906 1722 3082 1773 locum
3139 1735 3247 1773 non
3312 1720 3493 1773 habet.

1937 1808 2075 1862 Sunt
2127 1808 2271 1863 enim
2310 1809 2665 1864 humanarum
2721 1813 2994 1865 actionum
3050 1812 3286 1866 rationes
3337 1824 3497 1881 atque

1934 1898 2033 1953 via:
2053 1899 2447 1968 propemodum
2478 1900 2722 1955 inﬁnitae.
2748 1901 2961 1971 Quippe
2980 1902 3203 1955 rationis
3228 1904 3498 1971 particeps

1932 1998 2125 2045 natura
2152 1990 2319 2046 libera
2347 1992 2541 2061 suique
2585 1992 2724 2061 juris
2770 2001 2828 2047 et
2875 1993 3085 2062 spontis
3132 2002 3238 2049 est.
3289 1997 3410 2059 Quo
3442 1995 3500 2049 fit

1935 2079 2265 2136 uthomines
2292 2080 2532 2136 universi
2555 2082 2747 2136 eodem
2798 2097 2963 2151 apere
3010 2099 3126 2137 non.
3162 2095 3499 2153 occupentur

1934 2187 2039 2227 nec
2067 2172 2209 2226 idem
2237 2182 2417 2242 agant,
2450 2175 2903 2247 quemadmodum
2943 2175 2998 2228 in
3044 2176 3271 2243 singulis
3314 2177 3502 2230 bruto-

1934 2278 2056 2317 rum
2088 2263 2370 2333 speciebus
2395 2263 2687 2318 usuvenire
2718 2264 2983 2319 videmus.
3018 2263 3284 2319 Nimirum
3326 2266 3441 2320 haec
3472 2282 3508 2320 a

1936 2357 2053 2411 sola
2079 2364 2271 2411 natura
2301 2364 2639 2437 moventur':
2672 2373 2792 2427 qua:
2840 2367 3020 2414 autem
3066 2373 3097 2412 a
3148 2368 3338 2413 natura
3389 2377 3504 2412 nm-

1938 2458 2153 2515 ventur,
2178 2450 2481 2505 consimilia
2512 2460 2639 2505 sunt
2667 2451 2809 2521 apud
2838 2465 3046 2505 omnes.
3076 2449 3117 2504 Ε
3146 2450 3361 2505 diverso
3383 2466 3501 2521 qua:

1939 2557 1967 2595 a
1995 2542 2207 2597 ratione
2252 2541 2672 2612 proﬁciscuntur
2714 2544 2979 2607 actiones,
3029 2543 3151 2597 alia:
3191 2554 3319 2598 sunt
3361 2545 3503 2613 apud

1938 2630 2072 2683 alios
2107 2671 2120 2695 ,
2204 2645 2379 2697 neque
2453 2632 2763 2687 necessario
2823 2632 2966 2701 apud
3028 2646 3220 2685 omnes
3274 2631 3501 2685 easdem.

1938 2720 2069 2775 Ovis
2154 2720 2356 2775 idcirco
2434 2723 2605 2777 sacris
2695 2724 2859 2778 etiam
2940 2725 2993 2778 in
3049 2724 3269 2779 Litteris
3341 2740 3505 2793 pecus

1939 2811 2169 2880 simplex
2255 2813 2583 2880 minimeque
2670 2814 2955 2868 subdolum
3051 2815 3282 2875 dicitur,
3361 2817 3503 2885 quod

1945 2903 2290 2972 prudentiam
2346 2906 2639 2974 quamdam
2701 2906 3030 2973 peculiarem
3101 2920 3205 2959 non
3274 2907 3501 2966 habeat.

1940 2995 2096 3063 cujus
2184 2994 2515 3050 adminiculo
2610 2996 2850 3064 reperire
2934 3005 3144 3065 pastum
3206 3007 3504 3065 potumque

1941 3087 2131 3155 possit,
2162 3087 2204 3141 si
2239 3085 2445 3141 nullum
2493 3086 2686 3141 haheat
2729 3087 2821 3157 qui
2867 3103 2984 3141 eam
3035 3088 3263 3158 sagiuct.
3303 3087 3507 3142 Ruran

264 3171 379 3240 γὰρ
417 3171 564 3242 πάσῃ
593 3172 753 3239 φύσει
799 3179 893 3229 καὶ
921 3177 981 3230 τὸ
1007 3180 1355 3244 αὐτεξούσιον
1396 3186 1615 3248 πάντως
1650 3189 1838 3255 ἐμπέ-

1942 3179 2045 3232 alia
2110 3178 2357 3249 quaedam
2417 3178 2670 3233 animalia
2729 3192 2833 3231 non
2895 3193 3065 3244 pauca
3120 3193 3285 3246 prope
3343 3180 3503 3232 etiam

266 3280 409 3329 φυκε
445 3264 693 3335 θέλημα·
739 3270 820 3332 εἰς
857 3268 913 3321 τί
959 3269 1066 3340 γὰρ
1094 3271 1203 3336 ἕξει
1250 3274 1312 3326 τὸ
1343 3274 1579 3343 λογικὸν,
1627 3279 1699 3349 μὴ
1746 3281 1842 3335 αὐ-

265 3356 565 3421 τεξουσίως
597 3358 954 3431 λογιζομένης
982 3364 1093 3430 Τὴν
1126 3370 1228 3433 μὲν
1256 3367 1365 3436 γὰρ
1393 3369 1628 3439 φυσικὴν
1657 3371 1839 3440 ὄρεξιν

262 3450 362 3502 καὶ
388 3451 500 3509 τοῖς
526 3451 743 3519 ἀλόγοις
781 3452 937 3527 ζώοις
963 3455 991 3507 6
1016 3457 1357 3525 Δημιουργὸς
1381 3458 1687 3532 ἐνέσπειρε,
1704 3462 1842 3533 πρὸς

266 3543 532 3598 σύστασιν
560 3546 662 3608 τῆς
692 3548 903 3612 οἰκείας
934 3548 1153 3618 φύσεως
1190 3551 1433 3618 ἄγουσαν
1478 3555 1840 3625 ὴναγκασμέο

265 3650 379 3695 νως
440 3635 594 3691 αὐτά.
652 3638 828 3705 Λόγου
889 3639 1001 3711 γὰρ
1059 3643 1398 3713 ἀμοιροῦντα
1460 3645 1521 3697 οὐ
1582 3645 1841 3700 δύνανται

265 3727 450 3794 ἄγειν,
479 3728 594 3782 ἀλλ’
647 3729 870 3796 ἄγονται
907 3733 1013 3800 ὐπᾲ
1051 3734 1148 3801 τῆς
1191 3734 1428 3803 φυσικῆς
1459 3733 1715 3802 ὀρέξεως,
1750 3738 1841 3791 ὅτε

266 3819 388 3888 ἁμα
443 3821 476 3889 ὴ
532 3820 715 3890 ὄρεξις
773 3824 1016 3893 γένηται,
1065 3825 1271 3887 εὐθέως
1309 3826 1405 3879 καὶ
1454 3828 1487 3895 ὴ
1545 3828 1684 3898 πρὸς
1743 3828 1841 3895 τὴν

265 3911 472 3979 πρᾶξιν
493 3914 660 3983 ὁρμή.
691 3915 765 3968 Οὐ
793 3918 903 3985 γὰρ
930 3914 1127 3986 λόγῳῆ
1159 3916 1320 3989 βουλῇ
1347 3919 1379 3989 ἢ
1414 3918 1604 3986 σκέψει
1647 3919 1679 3988 ἢ
1718 3907 1841 3988 api-

266 4020 355 4057 σει
411 4004 731 4075 κέχρηνται.
791 4006 958 4060 Ὅθεν
1010 4006 1134 4060 οὐτε
1191 4009 1268 4072 ὡς
1322 4011 1525 4079 ἀρετὴν
1582 4011 1840 4079 μετιόντα

268 4094 620 4147 ὶπαινοῦνται
675 4097 766 4148 καλ⁵
834 4098 1265 4166 μακαρίζονται,
1319 4099 1445 4153 οὔτε
1505 4100 1581 4163 ὡς
1642 4104 1842 4156 κακίαν

267 4184 585 4254 πράττοντα
616 4185 957 4250 κολάζονται.
988 4186 1053 4240 Ἦ
1082 4187 1139 4240 δὲ
1170 4188 1363 4259 λογικὴ
1392 4190 1556 4258 φύσις
1585 4190 1698 4259 ἔχει
1741 4192 1842 4259 μὲν

266 4276 371 4345 τὴν
405 4278 642 4345 φυσικὴν
672 4277 852 4347 ὄρεξιν
903 4281 1255 4355 κινουμένην,
1285 4281 1392 4334 ὐπὸ
1434 4281 1490 4333 δὲ
1533 4282 1629 4334 τοῦ
1678 4284 1839 4350 λόγου

266 4368 549 4439 ἀγομένην
584 4386 643 4422 τε
690 4370 786 4422 καὶ
823 4370 1248 4441 ρυθμιζομένην.
1293 4372 1398 4425 Τοῦ
1441 4372 1548 4441 γὰρ
1592 4373 1750 4441 λόγου
1781 4376 1843 4428 τὸ

267 4459 654 4530 προτέρημαη
682 4459 1027 4524 αὐτεξούσιός
1057 4465 1173 4516 ἐστι
1210 4463 1448 4533 θέλησις,
1479 4464 1545 4535 ἢν
1581 4465 1645 4533 δὴ
1684 4483 1845 4533 φυσι-

1944 3272 2180 3324 humana
2228 3271 2425 3324 absunt
2456 3286 2485 3323 a
2521 3270 2831 3339 prudentia.
2867 3270 2986 3335 Quo
3044 3269 3096 3323 in
3133 3284 3330 3339 genere
3371 3271 3502 3321 mihi

1945 3373 2257 3418 terrestrem
2287 3362 2566 3428 echinum,
2600 3377 2760 3431 quem
2794 3364 3105 3415 erinaceum
3145 3362 3393 3425 dicimus,
3429 3362 3507 3416 ie-

1912 3462 2158 3515 .nestras
2195 3455 2478 3508 hauriendi
2516 3455 2659 3508 aeris
2684 3469 2846 3508 causa
2893 3454 3006 3508 suis
3051 3454 3103 3507 in
3151 3453 3378 3507 latebris
3413 3470 3509 3524 ge-

1944 3548 2119 3602 minas
2174 3546 2490 3602 molientem
2526 3548 2740 3615 'aspice,
2796 3560 3025 3614 quarum
3089 3544 3259 3599 altera
3307 3545 3507 3605 boreae,

1945 3638 2115 3693 austri
2148 3638 2312 3692 altera
2347 3637 2506 3691 (latus
2561 3637 2833 3702 obstruat,
2868 3637 3079 3690 tametsi
3128 3635 3194 3690 ad
3238 3636 3509 3704 eiusmodi

1944 3730 2398 3793 machinationes,
2438 3740 2496 3784 ut
2528 3738 2724 3784 caetera
2755 3742 2970 3797 quoque
3027 3728 3278 3782 animalia
3326 3729 3507 3792 bruta,

1944 3824 2061 3878 solo
2087 3833 2293 3878 naturae
2316 3822 2479 3877 ductu
2510 3822 2733 3877 feratur.
2763 3819 2875 3875 Nec
2891 3821 3037 3874 enim
3068 3821 3224 3873 bruta
3252 3834 3351 3874 suo
3379 3836 3515 3886 quo-

1944 3916 2067 3970 dam
2097 3915 2362 3969 arbitratu
2401 3921 2586 3982 agunt,
2615 3912 2758 3966 sicut
2788 3920 2844 3965 et
2871 3910 3114 3965 Joannes
3143 3912 3512 3965 Damascenus

1946 4005 2129 4069 tradit,
2151 4020 2276 4059 cum
2308 4020 2339 4058 a
2380 4003 2591 4058 ratione
2615 4003 3001 4063 destituantur,
3036 4001 3191 4069 cujus
3216 3988 3511 4069 participes

1944 4105 2153 4150 naturas
2210 4094 2546 4150 voluntatem
2612 4093 2813 4147 habent
2869 4092 3096 4145 liberam
3167 4093 3508 4146 naturaliter.

1944 4188 2079 4243 Nam
2104 4203 2223 4251 cur,
2269 4189 2517 4251 obsecro,
2556 4186 2610 4239 vi
2655 4183 2882 4238 rationis
2929 4183 3169 4251 pradita:
3218 4182 3417 4244 forent,
3468 4185 3513 4235 si

1944 4296 2044 4352 pro
2094 4279 2393 4335 voluntatis
2450 4277 2677 4331 arbitrio
2736 4276 2948 4329 ratione
3019 4290 3131 4328 non
3192 4275 3515 4328 uterentur?

1944 4372 2154 4441 Quippe
2185 4369 2482 4424 naturalem
2527 4366 2827 4435 appetitum
2871 4364 3061 4434 Opifex
3113 4380 3296 4418 rerum
3346 4366 3513 4418 etiam

1946 4462 2119 4515 brutis
2142 4460 2467 4513 animalibus
2497 4457 2709 4519 indidit,
2745 4458 2835 4525 qui
2890 4457 2955 4509 ad
2996 4468 3203 4509 natum
3235 4470 3345 4509 sua:
3377 4470 3514 4508 con—-

265 4523 373 4620 κήν
402 4523 460 4603 ὲν
595 4523 798 4622 λογικῷ
829 4553 1008 4624 φαμὲν
1034 4557 1269 4623 κίνησιν.
1293 4523 1385 4608 Ᾰιδ
1529 4556 1605 4619 ὡς
1634 4523 1838 4626 ἀρετὴν

1938 4550 2312 4649 ³ςοιίπιιιίοιιοιιι
2361 4562 2425 4601 ea
2458 4547 2767 4601 necessario
2804 4546 2985 4600 ducat.
3038 4546 3169 4611 Quae
3220 4545 3364 4598 enim
3418 4561 3516 4597 ex-

270 4642 536 4709 μετιοῦσα
558 4646 860 4698 ἐπαινεῖται
892 4646 986 4699 καὶ
1023 4648 1405 4718 μακαρίζεται,
1430 4651 1522 4703 καὶ
1547 4650 1622 4710 ὠς
1647 4650 1843 4705 κακίαν

271 4731 541 4800 μετιοῦσα
575 4734 891 4799 κολάζεται.
1304 4738 1308 4742 ’

1954 4643 2127 4713 pertia
2154 4650 2282 4696 sunt
2328 4636 2555 4694 rationis
2599 4639 2801 4692 ducere
2848 4653 2956 4691 non
3009 4646 3259 4705 possunt,
3303 4638 3395 4690 sed
3451 4636 3517 4687 ait

1942 4733 2175 4791 naturali
2238 4731 2572 4801 appetitione
2614 4730 2912 4783 ducuntur.
2976 4730 3095 4794 Quo
3150 4729 3209 4783 ﬁt
3270 4740 3331 4781 ut
3391 4746 3513 4782 cum

264 4827 542 4893 appetitus
578 4825 811 4885 exsistit.
846 4841 974 4881 mox
996 4836 1053 4881 et
1106 4827 1341 4896 impetus
1384 4828 1451 4882 ad
1493 4830 1760 4899 agendum
1818 4845 1942 4885 cum
1996 4842 2064 4883 eo
2111 4826 2434 4895 coniunctus
2494 4822 2581 4876 sit.
2628 4820 2742 4875 Nec
2797 4820 2946 4875 enim
2991 4820 3075 4873 vel
3161 4821 3372 4874 ratione
3433 4821 3514 4871 vel

264 4914 500 4968 consilio
538 4916 621 4970 vel
647 4899 1082 4974 consideraiione
1143 4922 1227 4975 vel
1288 4921 1493 4994 judicio
1520 4932 1770 4977 utuntur.
1810 4922 2075 4999 Qua.ipsa
2097 4919 2165 4975 de
2193 4932 2356 4973 causa
2390 4929 2491 4970 nec
2518 4923 2578 4969 ut
2618 4915 2872 4968 virtutem
2912 4912 3164 4966 colentia
3223 4914 3515 4967 laudantur

264 5012 329 5058 et
392 5002 570 5059 felicia
608 5006 999 5074 praedicantur,
1035 5022 1141 5064 nec
1215 5019 1277 5064 ut
1319 5010 1556 5066 obnoxia
1610 5013 1755 5066 vitiis
1808 5012 2129 5081 puniuntur.
2175 5009 2244 5063 At
2311 5017 2507 5061 natura
2569 5003 2845 5073 particeps
2897 5003 3144 5066 rationis,
3208 5004 3371 5058 habet
3432 5007 3518 5058 illa

264 5096 497 5166 quidem
526 5100 831 5167 appetitum
892 5102 1221 5165 naturalem,
1255 5118 1377 5172 quo_
1427 5104 1750 5174 impellitur,
1789 5104 1887 5160 sed
1941 5105 2037 5174 qui
2098 5119 2130 5159 a
2195 5102 2407 5157 ratione
2472 5097 2690 5154 ducitur
2760 5106 2994 5166 apteque
3047 5097 3320 5165 dirigitur.
3372 5097 3519 5151 Nihil

264 5191 421 5245 cutim
476 5192 614 5246 ratio
659 5195 1009 5262 praestantius
1069 5197 1235 5253 habet
1298 5213 1462 5267 quam
1523 5200 1668 5269 quod
1731 5200 2015 5254 voluntate
2064 5200 2236 5259 libera
2295 5197 2366 5252 sit
2421 5193 2670 5264 praedita.
2700 5207 2863 5263 quam
2925 5191 2979 5245 in
3043 5202 3239 5247 natura
3290 5194 3521 5248 rationis

266 5278 540 5351 participe
599 5284 898 5337 motionem
933 5285 1236 5340 naturalem
1287 5287 1543 5344 dicimus.
1594 5289 1800 5345 idcirco
1841 5289 2096 5344 virtutem
2147 5288 2332 5343 colens
2376 5286 2629 5341 laudatur
2674 5299 2740 5340 ac
2792 5299 2890 5354 pro
2949 5284 3108 5340 beata
3161 5285 3399 5353 ducitur,
3467 5294 3560 5342 et.

265 5373 634 5429 consimiliter
660 5374 897 5432 obnoxia
938 5378 1085 5435 vitiis
1114 5382 1358 5449 punitur.

249 5510 268 5529 '
344 5510 407 5564 Ei
436 5511 492 5564 δὲ
527 5514 622 5568 καὶ
669 5516 828 5571 τοῦτο
874 5516 1079 5586 ζητεῖς,
1118 5520 1261 5584 τίνος
1291 5519 1478 5573 ἕνεκεν
1509 5520 1737 5575 αὐτάντε
1766 5519 1836 5574 τὰ

266 5601 389 5665 ζῶα
423 5605 518 5657 καὶ
549 5608 577 5657 6
605 5605 891 5676 ἄνθρωπος
920 5610 1088 5683 πόδας
1123 5612 1343 5680 ἀρτίους
1367 5613 1571 5682 ἔχουσι,
1599 5614 1838 5679 γίνωσκε

266 5697 352 5749 ὅτι
378 5696 468 5749 διὰ
500 5697 562 5751 τδ
595 5698 669 5767 μὴ
704 5700 957 5765 ἀτάκτως
984 5702 1261 5757 ἅλλεσθαι.
1297 5704 1454 5758 υύτω
1489 5706 1583 5757 καὶ
1617 5705 1725 5776 γὰρ
1754 5705 1842 5758 διὰ

270 5788 374 5846 μὲν
416 5788 511 5843 τοῦ
558 5790 676 5846 ἐνὸς
726 5792 1013 5849 ἱστάμενος
1058 5796 1085 5847 6
1125 5794 1433 5854 ἄνθρωπος.
1461 5794 1650 5851 ὥσπερ
1682 5795 1843 5848 πάλιν

2015 5522 2125 5593 66
2157 5521 2360 5587 Quodsi
2411 5521 2574 5576 etiam
2625 5521 2763 5577 scire
2810 5520 2965 5591 cupis
3008 5521 3357 5589 quamobrem
3410 5533 3516 5575 tam

1950 5613 2204 5667 animalia
2239 5628 2401 5682 quam
2440 5613 2604 5667 homo
2639 5613 2753 5682 pari
2795 5628 3023 5667 numero
3072 5613 3236 5683 pedes
3265 5614 3551 5679 habeant,_

1952 5704 2002 5759 id
2030 5716 2312 5775 propterea
2340 5703 2540 5758 factum
2581 5705 2913 5774 cognoscito,
2955 5720 3021 5758 ne
3059 5705 3362 5759 inordinate
3390 5721 3522 5758 con-

1953 5796 2180 5856 iuscuue
2226 5796 2532 5852 exsilirent.
2596 5794 2726 5849 Nam
2787 5796 2891 5853 hoc
2940 5796 3102 5851 modo
3157 5797 3234 5861 lit,
3283 5806 3338 5850 ut
3387 5795 3552 5850 dum.
