4204 6450
683 368 782 427 liii

1940 371 2360 430 MlClIAELlS
2390 372 2655 431 GLYCIE

3812 370 3920 435 1H

677 488 844 539 homo
878 487 992 549 uni,
1034 486 1291 539 animalia
1354 488 1558 553 reliqua
1598 486 1811 540 duobus
1845 488 2074 555 pedibus
2119 488 2240 540 insi-

2350 491 2418 542 τὰ
2475 492 2591 553 ζῶα
2644 491 2731 542 διά
2780 489 2872 541 δύο
2924 490 3121 555 ποδῶν,
3169 491 3354 559 ἡρέμα
3402 491 3488 542 διὰ
3546 490 3653 542 τῶν
3705 493 3920 562 ἐτέρων

672 586 846 637 stunt,
884 575 1103 627 interim
1138 589 1233 643 per
1256 576 1668 641 aliospaulatim
1705 575 2011 642 progressio
2034 575 2146 627 ﬁat.
2182 577 2236 627 In

673 666 945 718 nonnullis
1003 666 1348 729 animalibus,
1391 667 1588 719 dilecte
1636 666 1732 729 ﬁli,
1789 666 2130 719 consuetudo
2185 668 2243 719 tit

670 770 861 823 reapse
891 767 1102 810 natura.

740 848 873 902 Nam
908 847 1163 901 animalia
1199 849 1353 910 mihi,
1380 864 1585 917 quaeso.
1621 850 1820 919 Libyca
1863 852 2096 911 intuere,
2122 867 2242 919 qua:

670 956 767 1009 per
801 950 1206 1004 mstatem,cutn
1237 943 1469 995 maxime
1494 942 1705 1003 sitiunt.
1730 958 1758 996 a
1786 952 1913 1009 potu
1943 944 2239 1003 abstinent,

674 1048 770 1098 per
813 1032 1073 1095 hiemem,
1111 1047 1235 1084 cum
1298 1034 1490 1085 sitiunt
1532 1033 1731 1095 minus,
1774 1034 1985 1086 bibunt.
2027 1034 2085 1086 ln
2119 1048 2237 1086 eam

666 1124 736 1176 ob
776 1139 993 1176 causam
1029 1123 1253 1176 omnino
1308 1124 1524 1183 accidit.
1559 1124 1702 1192 quod
1752 1124 1914 1194 Libya
1962 1140 2058 1193 per
2088 1134 2242 1176 aesta-

668 1223 776 1265 tem
810 1228 966 1280 aqua“:
993 1212 1205 1266 laboret
1230 1214 1433 1282 inopia.
1466 1214 1809 1284 Quapropter
1841 1215 2071 1268 hiberno
2103 1224 2240 1267 tem-

666 1319 794 1371 pore
847 1319 1040 1371 aquam
1094 1305 1373 1370 hauriunt,
1422 1320 1543 1358 eum
1593 1306 1711 1373 ejus
1760 1306 1969 1372 copiam
2020 1308 2237 1358 habent.

666 1397 914 1462 (Eumque
942 1396 1019 1448 sic
1050 1396 1115 1448 iis
1141 1396 1194 1449 in
1228 1396 1362 1451 locis
1397 1398 1762 1461 assueverint,
1802 1398 1965 1450 etiam
2017 1398 2081 1450 ad
2108 1397 2242 1451 alias

666 1485 919 1553 regiones
968 1485 1145 1539 delata
1176 1502 1381 1542 morem
1431 1503 1589 1541 suum
1625 1489 1883 1544 retinent.
1933 1488 2010 1542 Ac
2042 1488 2109 1541 de
2155 1489 2239 1542 his

664 1577 883 1646 quidem
922 1578 1210 1634 hactenus.

733 1668 1001 1722 C.rterum
1057 1680 1180 1739 post
1227 1673 1544 1725 animalium
1602 1676 1940 1726 terrestrium
2007 1671 2241 1726 creatio-

666 1774 790 1813 nem
826 1758 968 1814 Deus
1008 1760 1285 1815 howinem
1318 1765 1473 1832 lingit
1515 1780 1577 1819 ac
1628 1765 1680 1816 in
1714 1764 1961 1833 paradiso
1990 1765 2236 1831 collocat.

667 1848 917 1913 Quojam
951 1849 1005 1903 in
1054 1850 1176 1905 loco
1210 1853 1370 1905 velim
1398 1855 1640 1907 animum
1695 1855 1852 1917 mihi,
1881 1854 2081 1907 dilecte
2140 1853 2235 1914 ﬁli,

664 1936 938 1992 advertas.
977 1940 1239 2005 Quamvis
1270 1944 1419 1996 enim
1471 1944 1659 1998 volunt
1689 1944 1854 2013 aliqui
1910 1945 2073 1998 Deum
2118 1952 2239 2013 post

665 2026 957 2094 septimum
1008 2029 1152 2082 diem
1200 2032 1510 2099 paradisum
1552 2032 1885 2098 condidisse,
1921 2033 2239 2102 proﬁtentes

665 2133 722 2172 se
756 2116 1007 2174 Mosaica:
1037 2122 1282 2175 historiae
1332 2125 1573 2193 vestigiis
1619 2124 1910 2188 iub-.erere,
1950 2125 2239 2177 manifesto

665 2225 846 2263 tamen
882 2221 1083 2275 errant,
1114 2223 1171 2266 nt
1200 2214 1290 2282 qui
1324 2216 1658 2279 transitorie,
1706 2231 1811 2271 non
1840 2216 2076 2269 adhibita
2122 2231 2240 2284 per-

664 2300 1021 2369 vestigatione
1045 2305 1403 2359 conveniente
1437 2305 1671 2360 Litteras
1720 2322 1902 2359 sacras
1932 2307 2232 2376 perlegant.

663 2393 741 2445 Ae
776 2392 896 2446 vide
924 2394 1053 2447 mihi
1079 2396 1208 2464 quid
1240 2408 1515 2466 speetator
1550 2397 1637 2452 ille
1687 2397 1777 2453 Dei
1824 2397 1998 2452 Moses
2045 2400 2186 2453 d‘cat
2224 2417 2235 2450 :

669 2502 689 2534 ι
725 2484 968 2540 Absolvit
1006 2486 1167 2553 Deus,
1192 2491 1387 2558 inquit,
1424 2490 1510 2544 die
1538 2500 1691 2543 sexto
1718 2501 1914 2546 cuneta
1950 2507 2069 2559 quae
2095 2490 2240 2544 fece-

669 2585 778 2642 rat;
835 2593 897 2633 ac
947 2579 1037 2633 die
1084 2582 1319 2649 septimo
1368 2582 1436 2635 ab
1488 2583 1741 2636 omnibus
1790 2583 2070 2651 operibus,
2120 2598 2240 2651 qua:

664 2665 881 2722 edicere
924 2682 1189 2737 ceperat,
1219 2672 1509 2740 quit-vit“.
1544 2692 1561 2723 ι
1619 2672 1804 2742 Itaque
1849 2675 1890 2727 si
1942 2683 2066 2742 post
2095 2674 2237 2727 diem

664 2759 954 2827 septimum
983 2762 1120 2815 nihil
1150 2764 1394 2826 omnino,
1422 2765 1566 2833 quod
1591 2775 1749 2820 antea
1778 2781 1884 2819 non
1914 2766 2235 2830 exstitiss.‘t,

664 2847 719 2900 in
746 2857 924 2901 ortum
956 2850 1231 2917 produxit,
1261 2853 1352 2920 qtti
1380 2862 1503 2921 post
1553 2853 1697 2907 diem
1753 2854 2043 2922 Septimum
2079 2869 2242 2923 para-

661 2939 837 2993 disum
896 2942 1172 2997 condidit?
1222 2942 1486 2998 Videntur
1532 2945 1751 3013 quidem
1804 2945 2023 3000 Litterae
2072 2961 2241 3000 sacrae

661 3029 766 3084 hoc
806 3032 966 3086 modo
1000 3033 1171 3101 loqui,
1206 3050 1269 3089 ac
1322 3037 1366 3090 si
1409 3045 1532 3106 post
1564 3037 1707 3091 diem
1758 3038 2047 3106 septimum
2080 3053 2239 3107 para-

662 3122 815 3177 disus
866 3125 1119 3179 conditus
1173 3125 1337 3181 fuerit
1392 3146 1406 3181 :
1465 3144 1651 3181 verum
1709 3130 1847 3183 alius
1905 3144 2099 3199 scopus
2156 3139 2235 3183 est

664 3228 876 3271 earum.
934 3214 1000 3268 de
1062 3216 1296 3283 plurium
1350 3218 1568 3284 quidem
1639 3220 1930 3273 sententia.
1996 3218 2233 3274 Joannes

664 3303 1085 3373 Chrysostomus
1130 3309 1430 3363 audiendus
1480 3320 1563 3363 est
1614 3311 1729 3374 tibi,
1766 3314 1853 3378 qui
1907 3313 1955 3363 in
1990 3313 2235 3365 oratione

663 3396 730 3449 de
758 3412 852 3451 st-x
903 3397 1114 3451 dierum
1161 3402 1417 3467 operibus
1473 3418 1547 3455 xu
1599 3402 1732 3457 dicit
1789 3402 1989 3456 Mosem
2046 3419 2233 3458 eormn

663 3504 783 3556 qua:
846 3501 1000 3545 antea
1068 3504 1599 3558 commemorasset,
1658 3510 1926 3549 summam
1982 3497 2235 3552 brevibus

666 3583 863 3637 deinde
910 3586 1386 3653 complectentem.
1444 3587 1866 3656 simplicioribus
1893 3591 2233 3644 occasionem

667 3676 967 3744 prmhuisse
998 3687 1053 3730 ut
1095 3678 1406 3748 huiusmodi
1457 3681 1772 3748 opinionem
1812 3682 2128 3750 ‘arriperent
2158 3692 2237 3736 at-

667 3784 773 3834 que
809 3767 1134 3837 proferrent.
1182 3770 1313 3823 Nam
1359 3773 1675 3840 easteroqui,
1722 3773 1764 3825 si
1796 3784 1918 3842 post
1952 3774 2094 3828 diem
2147 3790 2237 3829 se-

668 3861 919 3929 ptimum.
976 3871 1032 3916 ut
1090 3863 1193 3931 ipsi
1241 3864 1454 3927 volunt,
1514 3866 1799 3934 paradisus
1834 3876 1915 3921 est
1956 3868 2232 3930 conditus,

669 3956 895 4007 omnino
923 3956 1168 4009 dicamus
1197 3970 1421 4011 necesse
1453 3965 1537 4010 est
1566 3957 1731 4011 etiam
1788 3958 1982 4012 Adami
2019 3958 2085 4012 de
2114 3960 2235 4027 pul-

666 4062 795 4099 vere
838 4046 1243 4109 formationem,
1304 4049 1545 4116 itemque
1611 4058 1941 4103 structuram
1995 4052 2116 4105 Eva:
2167 4052 2233 4106 de

664 4140 853 4192 Adami
889 4149 1059 4203 costa,
1123 4151 1245 4207 post
1284 4125 1537 4196 eumdem
1590 4144 1882 4210 septimum
1928 4144 2074 4199 diem
2126 4146 2239 4213 pri-

667 4245 812 4281 mum
848 4228 1064 4283 fat-tam.
1094 4230 1463 4296 Quamobrem
1513 4232 1687 4285 istuc?
1715 4233 1850 4294 Onia
1885 4233 2062 4287 Moses
2095 4235 2234 4288 hanc

666 4336 881 4386 quinque
933 4322 1228 4389 posterius,
1286 4323 1336 4376 id
1395 4336 1477 4378 est
1535 4334 1659 4393 post
1709 4325 1851 4379 diem
1918 4328 2232 4395 septimum,

666 4422 872 4475 narrat.
906 4413 1140 4467 Proinde
1169 4416 1437 4484 reliquum
1466 4427 1547 4470 est
1581 4418 1888 4485 paradisum
1938 4426 2065 4471 ante
2094 4421 2234 4473 Ada-

2346 580 2628 634 ποιοῦνται
2652 580 2751 650 τὴν
2778 580 3007 649 βάδισιν.
3030 627 3041 634 .

2420 850 2648 912 Ὄντως,
2676 847 2949 915 άγαπητὲ,
2985 846 3047 899 τὸ
3074 846 3195 909 ἔθος
3233 847 3396 915 φύσις
3430 846 3521 898 ἐπί
3543 863 3651 899 τισι
3675 846 3916 913 γίνεται,
3986 922 3993 927 ﬁ

2346 943 2491 1012 Ὅρα
2521 943 2628 1009 γάρ
2659 942 2741 993 δτι
2791 939 2860 992 τὰ
2905 939 3117 993 Λιϐυκὰ
3158 940 3321 1010 θηρία
3355 939 3449 992 τοῦ
3484 940 3585 1008 μὲν
3630 938 3820 1008 θέρους
3846 939 3916 987 οὗ

2345 1033 2511 1096 πίνει,
2558 1034 2647 1084 ὅτε
2704 1032 2940 1100 μάλιστα
2980 1031 3106 1097 δίψα
3152 1030 3678 1099 γίνεται,χειμῶνος
3726 1029 3783 1080 δὲ
3818 1027 3916 1078 πί-

2345 1139 2550 1185 νουσιν,
2587 1122 2716 1173 δταν
2761 1116 2926 1192 ἦττον
2960 1120 3178 1189 διψῶσι.
3209 1120 3381 1174 Τοῦτο
3422 1122 3476 1173 δὲ
3517 1121 3726 1187 γίνεται
3769 1119 3917 1170 πάν-

2343 1233 2449 1277 τως
2487 1215 2575 1268 διὰ
2611 1217 2671 1268 τὸ
2704 1217 2778 1285 μὴ
2810 1217 3057 1284 γίνεσθαι
3092 1215 3263 1268 ὕδατα
3294 1214 3482 1283 θέρους
3524 1214 3582 1264 ἐν
3608 1214 3671 1282 τῇ
3708 1210 3911 1279 Λιϐύῃ.

2344 1306 2451 1358 Τοῦ
2506 1306 2561 1358 δὲ
2616 1306 2883 1375 χειμῶνος
2932 1306 3017 1377 διά
3057 1307 3114 1358 τὸ
3159 1306 3407 1371 γίνεσθαι
3460 1304 3625 1355 πίνει.
3674 1303 3738 1353 Ὃ
3778 1299 3915 1366 γοῦν

2343 1400 2520 1451 ἐκεῖσε
2553 1398 2809 1457 εἴθισται,
2842 1396 3001 1449 τοῦτο
3036 1398 3134 1449 καὶ
3166 1396 3223 1447 ὲν
3263 1396 3443 1455 ἄλλοις
3472 1397 3657 1455 τόποις
3696 1393 3763 1444 τά
3795 1391 3915 1454 ζῶα

2342 1491 2518 1543 ταῦτα
2565 1491 2996 1558 παραγενόμενα
3030 1489 3190 1552 σώζει
3220 1490 3282 1542 τὸ
3326 1489 3465 1551 ἔθος.
3509 1486 3773 1554 Ralm-:91
3812 1483 3915 1552 μὲν

2343 1584 2547 1635 τούτων
2584 1583 2776 1645 οὕτως.

2413 1674 2574 1727 Μετὰ
2614 1674 2670 1727 δὲ
2709 1674 2903 1740 ταῦτα,
2935 1675 3102 1745 ἧγουν
3150 1673 3286 1742 μετὰ
3331 1674 3433 1742 τὴν.
3480 1671 3589 1724 τῶν
3638 1670 3913 1741 χερσαίων

2344 1766 2707 1836 παραγωγὴν,
2752 1766 2978 1820 πλάττει
3038 1766 3130 1818 τὴν
3189 1764 3475 1835 ἄνθρωπον
3528 1765 3555 1815 6
3607 1762 3757 1823 Θεὸς,
3815 1764 3910 1812 καὶ

2343 1859 2557 1928 τίθησιν
2611 1858 2776 1913 αὑτὸν
2825 1860 2884 1911 ἐν
2935 1857 3013 1927 τῷ
3065 1858 3400 1928 παραδείσῳ.
3429 1855 3589 1909 Ἀλλά
3631 1852 3911 1907 κάνταῦθα

2344 1950 2638 2019 πρόσσχες,
2674 1948 2950 2017 ὁγαπητέ.
2993 1947 3053 2001 ΕΞ
3097 1950 3205 2017 γὰρ
3240 1950 3336 2001 καὶ
3384 1946 3603 2013 λέγουσί
3651 1961 3794 2005 τινες
3828 1944 3910 1994 ὅτι

2346 2038 2482 2105 μετά
2523 2037 2621 2105 τὴν
2677 2036 2915 2105 ἑϐδόμην
2975 2037 3156 2088 ἔκτισε
3210 2036 3300 2088 τὸν
3334 2035 3663 2105 παράδεισον
3698 2034 3725 2083 6
3754 2032 3907 2090 Θεδςν

2341 2132 2406 2198 τῇ
2465 2131 2735 2200 Μωσαῖκῇ
2801 2129 2964 2198 δῆθεν
3027 2129 3241 2197 ἱστορίᾳ
3293 2130 3570 2196 ἑπόμενοι,
3622 2125 3753 2179 ἀλλὰ
3809 2139 3911 2174 πε-

2343 2222 2644 2292 πλάνηνται
2674 2222 2968 2291 προφανῶς
3006 2223 3101 2275 ἅτε
3129 2221 3193 2288 δὴ
3228 2218 3636 2288 παροδευτικῶς
3683 2214 3912 2283 ἔπερχᾶ-

2345 2327 2496 2377 μενοι
2521 2311 2617 2363 καὶ
2645 2310 2745 2362 οὐκ
2774 2308 3142 2378 ὲρευνητικῶς
3181 2306 3279 2377 τὴν
3318 2306 3562 2377 Γραφήν.
3605 2305 3710 2356 Καὶ
3743 2303 3908 2355 ἄκουε

2342 2402 2394 2454 τί
2434 2419 2600 2471 φησιν
2659 2404 2686 2454 6
2740 2401 2973 2470 θεόπτης
3013 2402 3241 2469 Μωσῆς.
3297 2418 3316 2451 ‹
3355 2399 3462 2452 Καὶ
3510 2396 3848 2450 συνετέλεσεν
3881 2395 3910 2445 6

2342 2496 2475 2557 Θεὸς
2500 2495 2677 2547 πάντα
2702 2496 2800 2546 ὅσα
2838 2496 3094 2563 ἐποίησεν
3129 2496 3187 2545 ἐν
3213 2496 3278 2562 τῇ
3311 2492 3496 2561 ἡμέρᾳ
3529 2494 3593 2559 τῇ
3626 2490 3761 2560 ἕκτῃ
3791 2505 3805 2518 ·
3847 2487 3905 2538 ἐν

2342 2584 2396 2635 δὲ
2432 2586 2494 2651 τῇ
2527 2584 2727 2652 ἐϐδόμῃ
2767 2584 3117 2636 κατέπαυσεν
3174 2582 3279 2633 ἀπὸ
3324 2581 3542 2633 πάντων
3592 2578 3698 2631 τῶν
3731 2578 3908 2646 ἔργων

2342 2675 2504 2726 αὑτοῦ
2551 2668 2625 2725 ὧν
2674 2674 2879 2743 ἤρξατο
2939 2677 3131 2725 ποιεῖν,
3186 2691 3203 2724 ι
3259 2669 3467 2725 Οὐκοῦν
3528 2672 3574 2722 εί
3630 2669 3764 2738 μετὰ
3811 2666 3910 2736 τὴν

2344 2767 2579 2834 ἑϐδόμην
2608 2766 2759 2817 οὐδὲν
2785 2766 2893 2817 ἀπὸ
2922 2764 3018 2817 τοῦ
3054 2765 3130 2835 μὴ
3160 2764 3313 2825 ὄντος
3339 2765 3421 2826 εἰς
3448 2765 3506 2815 τὸ
3557 2758 3695 2815 εἶναι
3732 2760 3908 2831 παρή-

2342 2872 2503 2922 γαγε,
2544 2855 2657 2919 πῶς
2709 2856 2900 2907 λοιπὸν
2963 2855 3145 2906 ἔκτισε
3208 2853 3344 2921 μετὰ
3394 2852 3493 2920 τὴν
3538 2850 3769 2917 ἑϐδόμην
3814 2846 3907 2899 τὸν

2343 2946 2709 3016 παράδεισον;
2746 2945 2933 2997 Ἐοικε
2982 2947 3082 3013 μὲν
3126 2945 3159 3012 ἡ
3213 2941 3403 3012 Γραφὴ
3442 2940 3621 3005 λέγειν
3654 2939 3735 2991 δτι
3773 2934 3908 3004 μετὰ

2328 3039 2440 3108 τὴν
2471 3038 2707 3105 ἑϐδόμην
2733 3038 2980 3091 ἔκτισται
3024 3039 3053 3089 6
3110 3036 3439 3104 παράδεισος
3463 3050 3477 3064 ’
3509 3031 3622 3085 ἀλλ’
3662 3030 3761 3081 οὐκ
3796 3027 3908 3096 ἔχει

2345 3132 2436 3183 καὶ
2489 3132 2557 3183 τά
2609 3130 2705 3182 τοῦ
2766 3127 2990 3192 σκοποῦ,
3037 3127 3217 3188 καθὼς
3286 3123 3651 3179 ὑποπτεύουσι
3700 3118 3905 3172 πολλοί.

2340 3225 2451 3277 Καὶ
2483 3222 2669 3275 πείθου
2704 3222 2783 3292 τῷ
2821 3222 3229 3292 χρυσορῤήμονι
3264 3218 3483 3288 Ἰωάννῃ
3509 3216 3567 3268 ὲν
3604 3218 3669 3284 τῇ
3701 3214 3780 3275 είς
3810 3210 3907 3280 τὴν

2354 3315 2987 3387 Ἑξαήμερονδωδεκάτη
3038 3313 3205 3365 αὒτοῦ
3259 3311 3449 3382 ὁμιλία
3482 3310 3716 3376 λέγοντι,
3779 3306 3905 3357 «ὅτι

2337 3408 2446 3459 τῶν
2477 3408 2617 3459 κατὰ
2656 3404 2953 3474 συντομίαν
2997 3404 3393 3471 ἱστορηθέντων
3434 3398 3744 3469 ἔμπροσθεν
3778 3396 3908 3447 ἁνα-

2341 3495 2715 3564 κεφαλαίωσιν
2759 3496 2902 3545 ποιεί
2955 3493 2982 3543 6
3026 3493 3232 3560 Μωσῆς
3266 3488 3512 3557 ὕστερον,
3543 3483 3769 3539 τοιαῦτα
3813 3480 3906 3532 καὶ

2339 3590 2554 3655 φρονεῖν
2596 3589 2688 3639 καὶ
2732 3586 2912 3652 λέγειν
2954 3585 3077 3646 τοὺς
3128 3577 3530 3647 ἁπλουστέρους
3564 3577 3839 3641 ἐποίησεν.
3882 3590 3899 3622 ι

2342 3679 2548 3733 "AI/to:
2583 3695 2644 3729 τε
2669 3680 2716 3729 εἰ
2752 3678 2892 3745 μετά
2922 3678 3022 3744 τὴν
3056 3674 3311 3743 ἑϐδόμην,
3336 3672 3410 3733 ὣς
3452 3686 3632 3738 φασιν,
3661 3667 3904 3718 ἔκτισται

2337 3774 2364 3822 6
2398 3769 2745 3838 παράδεισος,
2788 3768 3000 3833 ἀνάγκη
3043 3768 3192 3819 πᾶσα
3240 3766 3333 3817 καὶ
3381 3764 3478 3829 τὴν
3519 3762 3625 3812 ἀπὸ
3654 3759 3749 3810 τνιῦ
3786 3756 3906 3826 χεδς

2338 3860 2537 3914 πλάσιν
2561 3858 2656 3911 τοῦ
2694 3857 2886 3924 Ἀδὰμ,
2924 3856 3117 3923 ὥσπερ
3164 3856 3227 3922 δὴ
3265 3852 3358 3905 καὶ
3399 3851 3495 3921 τὴν
3530 3851 3635 3902 ἀπὸ
3668 3846 3906 3913 πλευρᾶς

2338 3953 2434 4019 τῆς
2472 3949 2613 4008 Εὔας
2662 3948 2976 4017 οἰκοδομὴν,
3011 3946 3148 4015 μετὰ
3203 3945 3299 4013 τὴν
3342 3943 3577 4010 ἑδδῦμην
3608 3941 3779 3991 εἰπεῖν
3814 3953 3905 4004 γε·

2338 4042 2618 4107 γενῆσθαι.
2648 4040 2802 4100 Τίνος
2826 4038 3053 4100 ’ἐνεκενς
3092 4037 3216 4089 Ὅτι
3263 4034 3356 4086 καὶ
3388 4032 3591 4099 ταύτην
3625 4030 3849 4094 ὕστερον
3878 4025 3906 4076 6

2338 4131 2563 4199 Μωτῆς.
2623 4131 2793 4199 ἤγουν
2860 4129 2998 4197 μετὰ
3064 4129 3163 4197 τὴν
3213 4126 3487 4194 ἑϐδόμην,
3548 4119 3904 4189 διηγούμενος

2340 4228 2591 4294 εὓρηται.
2628 4225 2740 4294 Πρὸ
2786 4224 2878 4275 τοῦ
2926 4223 3097 4285 Ἀδάμ
3128 4221 3314 4272 λοιπῦν
3354 4222 3379 4270 ὁ
3416 4216 3759 4283 παράδεισος.
3799 4216 3831 4262 li
3849 4211 3906 4262 at‘.

2339 4318 2503 4371 ἄκουε
2538 4318 2591 4369 τί
2634 4333 2797 4387 φησιν
2837 4317 2864 4368 6
2906 4313 3273 4383 Δαμασκηνὸς
3312 4311 3563 4377 Ἰωάννης
3590 4310 3644 4359 ἐν
3679 4305 3753 4373 τῷ
3781 4304 3907 4371 περὶ

2340 4409 2679 4479 παραδείσου
2710 4408 2993 4477 κεφαλαίῳ
3044 4406 3231 4459 αὑτοῦ.
3278 4423 3295 4454 ι
3346 4401 3497 4455 Ἐπεὶ
3543 4401 3595 4452 δὲ
3628 4396 3849 4465 ἔμελλεν
3881 4398 3908 4446 6

664 4518 809 4553 mum
851 4519 970 4556 csse
998 4504 1301 4558 Conditum.
1324 4506 1383 4558 Et
1410 4507 1532 4559 audi
1564 4508 1805 4571 obsecro,
1842 4509 1970 4577 quid
1996 4509 2233 4563 Joannes

2340 4503 2471 4563 θεὸς
2508 4501 2567 4566 ἐξ
2597 4504 2832 4571 ἀοράτου
2874 4518 2933 4553 τε
2970 4500 3065 4552 καὶ
3109 4497 3311 4567 ὁρατῆς
3358 4494 3573 4562 φύσεως
3604 4491 3907 4555 πλαστουρ-

666 4594 1031 4649 Ιιιιιιιίιεςοιιιιε
1078 4596 1130 4648 in
1157 4598 1332 4665 capite
1371 4600 1515 4667 quod
1546 4598 1619 4654 De
1665 4602 1916 4668 paradiso
1959 4602 2234 4670 inscripsit

663 4686 832 4741 dicat.
872 4705 889 4736 ι
922 4685 1056 4750 Quia
1089 4688 1252 4754 Dens,
1278 4690 1473 4757 inquit,
1506 4692 1780 4745 hominem
1811 4707 1873 4744 ex
1900 4693 2006 4762 67
2041 4704 2232 4745 natura

661 4776 859 4841 partim
908 4775 1284 4843 inaspectabili
1338 4780 1532 4846 partim
1587 4781 1900 4850 aspectabili
1949 4791 2235 4835 creaturus

662 4866 730 4919 ad
769 4867 1058 4936 imaginem
1124 4868 1650 4938 similitudinemque
1707 4886 1857 4925 suam
1886 4881 2024 4934 erat,
2079 4872 2233 4941 quasi

659 4959 953 5023 quemdam
1009 4974 1189 5027 regem
1237 4967 1395 5028 atque
1432 4961 1732 5031 principem
1776 4962 1940 5016 totius
1984 4972 2144 5016 terrte
2172 4977 2235 5016 ac

664 5064 852 5103 eorum
889 5063 1011 5118 quae
1041 5060 1184 5104 terra
1212 5050 1582 5116 continentur,
1628 5053 1938 5123 paradisum
1987 5054 2037 5107 ei
2068 5054 2236 5108 veluti

666 5140 870 5209 regiam
930 5143 1221 5211 quamdam
1259 5145 1554 5213 praestruit,
1611 5154 1667 5200 ut
1712 5146 1767 5200 in
1810 5162 1875 5200 eo
1926 5147 2138 5201 beatam
2178 5162 2241 5200 ac

662 5230 1033 5287 felicissimam
1076 5235 1243 5289 vitam
1278 5246 1478 5307 ageret.
1508 5257 1525 5289 ›
1583 5237 1769 5309 Itaque
1824 5239 1947 5292 licet
1993 5238 2237 5291 animad-

662 5336 907 5389 vertere.
943 5327 1087 5395 quod
1121 5343 1244 5381 cum
1276 5340 1401 5383 ante
1433 5329 1810 5386 formationem
1862 5332 2051 5384 Adami
2080 5346 2235 5399 para-

663 5416 843 5469 disum
894 5418 1244 5484 exstruxerit,
1292 5420 1585 5477 manifesto
1641 5434 1900 5493 sequatur
1962 5439 2085 5478 eum
2146 5425 2234 5479 die

662 5520 819 5561 sexto
854 5509 1127 5563 consitum
1156 5527 1184 5565 a
1216 5513 1327 5567 Deo
1360 5513 1548 5579 fuisse,
1586 5516 1885 5584 praesertim
1913 5532 2034 5569 eum
2064 5518 2235 5571 multo

2337 4599 2454 4664 γεῖν
2515 4598 2609 4650 τὴν
2661 4598 2951 4664 ἄνθρωπον
3019 4593 3141 4647 κατ’
3201 4591 3409 4645 οἰκείαν
3469 4587 3649 4639 εἰκόνα
3696 4600 3754 4635 τε
3810 4582 3907 4633 καὶ

2336 4690 2621 4757 ὁμοίωσιν,
2655 4690 2848 4757 ὥσπερ
2882 4686 3001 4741 τινὰ
3053 4684 3275 4752 βασιλέα
3316 4684 3553 4752 ἄρχοντα
3603 4677 3780 4743 πάσης
3810 4676 3907 4739 τῆς

2337 4779 2440 4844 γῆς
2472 4778 2565 4830 καὶ
2614 4776 2724 4829 τῶν
2774 4779 2832 4827 ὲν
2856 4777 3017 4844 αὐτῇ,
3050 4771 3487 4842 προκαθίστησιν
3533 4766 3678 4835 αὖτῷ
3709 4761 3818 4817 οἷόν
3852 4779 3905 4813 τι

2337 4868 2613 4937 βασίλειον
2666 4867 2759 4919 τὸν
2803 4866 3157 4936 παράδεισον,
3190 4864 3266 4927 ὡς
3306 4860 3554 4916 ἐντεῦθεν
3602 4858 3759 4912 αὐτὸν
3796 4873 3904 4924 μα-

2338 4962 2542 5031 καρίαν
2574 4962 2668 5014 καὶ
2712 4958 3011 5012 πανολείαν
3039 4958 3184 5028 ἔχειν
3219 4955 3387 5025 ζωήν.
3430 4973 3448 5003 ι
3496 4954 3733 5021 Πρὸσεχε
3768 4943 3861 5000 οὖν
3888 4964 3903 4979 ν

2334 5053 2524 5124 ἐπειδὴ
2584 5054 2714 5124 γὰρ,
2749 5053 2824 5115 ὡς
2865 5051 3103 5122 εἴρηται,
3148 5050 3255 5119 πρὸ
3308 5048 3402 5101 τοῦ
3455 5044 3760 5109 πλασθῆναι
3812 5040 3909 5092 τὸν

2353 5146 2523 5215 Ἀδὰμ
2578 5146 2905 5216 καθίστησιν
2955 5144 3102 5213 αὐτῴ
3154 5144 3248 5196 τὸν
3298 5139 3639 5212 παράδεισον,
3684 5134 3908 5204 εὕδηλον

2342 5239 2557 5301 πάντως
2612 5239 2697 5290 ὅτι
2751 5242 2808 5291 ὲν
2857 5240 2921 5307 τῇ
2967 5238 3103 5310 ἕκτῃ
3154 5235 3336 5306 ἡμέρᾳ
3390 5233 3482 5285 καὶ
3534 5229 3719 5283 τοῦτον
3769 5227 3907 5295 ἐφύ-

2339 5345 2535 5382 τευσεν
2582 5332 2611 5382 6
2666 5328 2821 5396 Θεὸς,
2878 5329 2994 5397 εῐγε
3048 5328 3143 5381 καὶ
3191 5326 3392 5396 μᾶλλον
3434 5325 3563 5391 ἔστη
3619 5320 3755 5391 μετὰ
3804 5318 3905 5388 τὴν

2340 5422 2575 5492 ἑϐδόμην
2613 5422 2709 5476 τοῦ
2743 5422 3118 5492 δημιουργεῖν,
3158 5420 3233 5480 ὡς
3262 5421 3288 5471 6
3324 5414 3559 5488 χρυσοῦς
3602 5414 3698 5483 τὴν
3727 5411 3902 5479 γλῶτ-

2339 5533 2435 5568 ταν
2467 5534 2622 5586 φησι.

663 5602 835 5672 magis
868 5618 896 5656 a
930 5604 1166 5673 Septimo
1191 5606 1296 5671 die,
1350 5609 1808 5678 quemadmodum
1861 5609 2006 5663 idem
2046 5618 2229 5663 orator
2270 5623 2468 5662 aureus
2518 5610 2702 5673 tradit,
2738 5626 2925 5665 creare
2964 5609 3204 5663 desierit.

765 5764 939 5815 ’(ἱιιι.
976 5779 1031 5815 ιι.
1065 5762 1118 5815 2.
