4204 6450
264 393 363 450 149

1497 390 1891 449 ANNALIUM
1933 393 2123 450 PARS
2171 393 2212 452 ῐ.

3375 384 3476 445 15η

261 503 353 553 καὶ
392 502 661 569 συνέχεεν.
710 502 896 575 Ταύτῃ
929 521 1010 556 τοι
1056 506 1149 556 καὶ
1181 503 1417 562 ἀναστὰς
1456 504 1485 555 6
1518 502 1721 571 Κύριος
1753 503 1815 552 ἐκ
1846 501 1893 559 Λ

1846 501 2001 559 Asio
2051 504 2247 557 donum
2314 504 2416 555 hoc
2450 502 2762 556 oLs‘curaut
2808 514 2968 572 atque
3016 501 3278 555 confudit.
3330 498 3476 552 llanc

258 592 469 656 νεκρῶν
497 592 796 660 ἐνεφύσησε
824 596 936 655 τοῖς
969 594 1236 661 μαθηταῖς
1266 593 1352 643 καὶ
1385 586 1503 642 εἷπε
1524 606 1538 619 ο
1578 590 1811 642 «Λάϐετε

261 683 479 748 ΙΙ-Σεῦςιπι
512 682 686 749 ἄγνον.
726 702 743 734 ι
772 685 902 735 Οὐδὲ
936 683 1041 751 γὰρ
1072 684 1331 752 ἠνέσχετο
1363 682 1458 733 καὶ
1484 681 1639 742 αὖθις
1668 681 1812 749 ἡμᾶς

255 775 534 838 ἀποδεῖξαι
574 777 663 828 τοῦ
702 782 968 842 παναγίου
1002 779 1328 844 μετέχοντας
1365 775 1709 844 Πνεύματος.
1746 776 1811 827 ⁸0

254 866 319 934 δὴ
368 869 460 919 καὶ
510 869 748 938 τήμερον
782 870 1002 938 ἐμφυσᾷ
1024 868 1099 935 τῷ
1133 866 1515 935 βαπτιζομένῳ
1555 868 1582 918 6
1610 866 1809 934 ἱερεὺς,

254 958 537 1024 ζωογονῶν
577 958 763 1025 ὥσπερ
825 960 927 1029 τὴν
966 959 1128 1013 αὑτοῦ
1184 958 1362 1028 ψυχὴν
1400 958 1811 1026 νενεκρωμένην

251 1049 354 1117 ἤδη
386 1050 465 1119 τῷ
490 1050 583 1102 τοῦ
618 1052 787 1121 ’Δδάμ
819 1051 1249 1121 παραπτώματι.

326 1226 467 1279 Ἀλλ’
505 1227 597 1280 ἐπὶ
625 1228 722 1295 τὴν
755 1229 1077 1283 ἀκολουθίαν
1131 1228 1227 1284 τοῦ
1280 1230 1440 1298 λόγου
1508 1232 1602 1284 καὶ
1654 1229 1814 1292 αὖθις

254 1317 559 1372 ἐπανιτέον.
606 1320 972 1390 Ἐνεφύσησεν
1018 1323 1112 1385 ιεῑς
1172 1323 1235 1376 τδ
1297 1323 1589 1393 πρόσωπον
1647 1321 1812 1374 αὐτοῦ

255 1411 429 1476 πνοὴν
471 1408 638 1476 ζωῆς.
675 1408 741 1462 Ἦ
769 1410 868 1479 μὲν
902 1409 998 1463 οὖν
1038 1411 1283 1482 ἡμετέρα
1316 1412 1411 1464 καὶ
1453 1411 1813 1480 ἀληθεστέρα

252 1498 380 1562 δόξα
438 1499 687 1570 περὶτῆς
745 1501 825 1564 εἰς
888 1503 952 1555 τὸ
1008 1503 1170 1571 σῶμα
1216 1502 1316 1570 τῆς
1343 1501 1522 1570 ψυχῆς
1567 1500 1815 1562 ἐνώσεως

250 1589 398 1657 ἁπλῆ
431 1589 516 1653 τίς
566 1592 682 1643 ἐστι
726 1592 820 1643 καὶ
860 1592 1059 1662 σαφής.
1109 1592 1185 1644 Τὸ
1236 1591 1333 1660 μιν
1382 1591 1490 1661 γὰρ
1530 1591 1691 1659 σῶμα
1746 1592 1811 1643 ἐκ

250 1678 409 1747 χοὸς,
442 1681 476 1749 ἡ
506 1680 564 1732 δέ
588 1680 736 1749 ψυχὴ
764 1681 988 1751 άμέσως
1019 1683 1084 1735 ἐκ
1135 1681 1274 1736 Θεοῦ
1308 1683 1644 1752 παράγεται.
1696 1682 1815 1735 Κάν

248 1769 446 1823 τεῦθεν
473 1772 567 1823 καὶ
600 1771 849 1843 ἀλλήλων
873 1774 1303 1843 συναπτομένων
1347 1772 1487 1837 ζῶον
1531 1773 1590 1824 ἐν
1626 1771 1815 1825 σύνθεο

249 1877 346 1914 τον
376 1861 609 1929 γίνεται.
642 1864 737 1915 καὶ
770 1862 929 1916 τοῦτό
956 1864 1107 1918 ἐστιν
1138 1865 1171 1934 ἡ
1202 1864 1322 1917 καθ’
1353 1865 1652 1917 ὑπόστασιν
1683 1864 1816 1915 ἐνω-

251 1967 361 2015 σις,
409 1952 442 2021 ἡ
488 1952 892 2023 άμφὸπαρκτος
949 1954 1059 2008 τῶν
1104 1955 1434 2023 ἐτσρουσιῶν
1482 1956 1605 2008 κατ’
1650 1955 1816 2007 αὑτὸν

250 2039 551 2110 συνδρομή.
584 2043 649 2094 ’0
672 2042 737 2111 δὴ
763 2044 859 2097 καὶ
888 2042 1187 2113 θαυμάζων
1216 2047 1245 2098 ό
1276 2045 1375 2116 τὴν
1407 2046 1656 2114 γλῶτταν
1687 2063 1816 2115 χρυ-

250 2130 376 2193 σοῦς
400 2128 587 2200 έλεγε,
623 2150 642 2184 ι
673 2132 797 2195 Πῶς
848 2135 909 2186 ἐν
950 2135 1135 2205 μήτρᾳ
1161 2136 1189 2188 6
1240 2135 1523 2205 ἄνθρωπος
1553 2135 1816 2190 διαπλάτ-

248 2239 440 2287 τεται;
496 2223 588 2275 καὶ
630 2224 747 2286 πῶς
777 2223 973 2294 ἀθρόον
1003 2227 1038 2295 ἠ
1088 2226 1392 2288 θεοείκελος
1425 2226 1574 2299 ψυχὴ
1607 2227 1683 2295 τῷ
1714 2227 1818 2280 σώ-

251 2331 385 2384 ματι
414 2317 973 2384 συμπαρυφῑσταται;
1022 2335 1040 2368 ι
1096 2319 1159 2371 Ol
1203 2318 1258 2372 δέ
1299 2335 1362 2386 γε
1395 2319 1557 2387 σοφία
1584 2322 1649 2389 τῇ
1682 2319 1815 2384 ἐξω-

249 2403 345 2457 θεν
372 2403 807 2472 ἐγκαυχώμενοι,
838 2406 1027 2473 ἐπειδὴ
1054 2407 1145 2458 τὸν
1190 2406 1286 2460 τοῦ
1334 2405 1624 2475 ἀνθρώπου
1677 2407 1816 2460 πλά-

250 2510 386 2562 στην
435 2494 711 2563 ἠγνόησαν
740 2534 756 2559 ,
812 2495 903 2549 καὶ
947 2496 1079 2564 περὶ
1135 2496 1232 2566 τὴν
1293 2495 1491 2548 πλάσιν
1536 2496 1710 2566 αὐτὴν
1757 2497 1818 2561 ἐξ

250 2581 499 2650 ἀνάγκης
526 2582 861 2649 ἐσφάλησαν.
894 2583 1025 2641 Ἀπὸ
1052 2582 1155 2652 γῆς
1192 2583 1290 2652 μὲν
1329 2578 1444 2646 οὖν,
1471 2584 1546 2646 ὡς
1578 2586 1817 2654 εἴρηται,

246 2674 277 2724 6
307 2672 457 2742 χοῦς,
480 2673 544 2725 ἐκ
574 2672 712 2725 Θεοῦ
736 2673 792 2725 δὲ
833 2675 864 2743 ή
891 2673 1059 2742 ψυχή.
1087 2675 1196 2727 Καὶ
1224 2675 1383 2728 τοῦτό
1414 2677 1562 2727 ἐστιν
1591 2676 1618 2729 ὅ
1655 2693 1817 2744 φησιν

248 2763 285 2833 ἡ
312 2761 526 2831 Γραφὴ,
566 2780 583 2812 ι
620 2763 729 2815 Καὶ
756 2761 1092 2832 ἐνεφύσησεν
1123 2765 1200 2827 εἰς
1229 2766 1290 2817 τὸ
1322 2765 1612 2833 πρόσωπον
1651 2764 1817 2819 αὐτοῦ

248 2851 619 2922 πνοὴνιζωῆς,
668 2854 764 2905 καὶ
813 2853 1033 2922 ἐγένετο
1095 2856 1122 2906 6
1170 2855 1457 2923 ἄνθρωπος
1515 2856 1594 2917 εἰς
1642 2854 1818 2924 ψυχὴν

248 2944 453 3008 ζῶσαν.
506 2962 526 2995 ι
570 2943 810 3014 [Ιρόσεχε
860 2943 976 2997 οὖν.
1019 2943 1254 3013 Εὖδη).ον
1289 2946 1397 3014 γὰρ
1448 2943 1698 2999 ἐντεῦθεν
1734 2948 1815 2999 ὅτι

170 3058 177 3063 ο
250 3034 353 3101 μία
381 3034 464 3093 τίς
493 3034 641 3087 ἐστιν
674 3035 707 3102 ὴ
756 3033 902 3104 ψυχὴ
944 3034 1204 3104 δυνάμεις
1247 3035 1450 3105 ἔχουσα
1505 3037 1813 3108 διαφόρους.

248 3126 419 3179 ὐθεν
473 3126 568 3179 καὶ
622 3126 711 3180 διὰ
768 3129 969 3190 παντὸς
1018 3129 1119 3197 μὲν
1173 3131 1207 3199 ἡ
1259 3128 1385 3199 δίκη
1416 3131 1511 3184 τοῦ
1544 3132 1818 3201 σώματος,

246 3216 483 3269 ἑκάστου
537 3217 593 3270 δέ
640 3218 830 3287 μορίου
864 3218 1216 3288 καταλλήλως
1245 3220 1570 3288 ἐφάπτεται.
1608 3221 1823 3274 Αὐτίκα

248 3308 361 3378 γὰρ
401 3308 461 3360 τὸ
508 3308 607 3376 μὲν
652 3308 886 3378 θυμικὸν
929 3311 1099 3379 αὐτῆς
1146 3312 1205 3363 ἐν
1244 3314 1313 3381 τῇ
1358 3312 1559 3382 καρδίᾳ
1603 3311 1823 3380 λέγουσι

247 3400 529 3453 ποιεῖσθαι
575 3399 673 3469 τὴν
730 3399 967 3469 οἴκησιν,
998 3400 1060 3454 τὸ
1103 3401 1162 3455 δέ
1193 3402 1593 3473 ἐπιθυμητικὸν
1622 3404 1823 3473 ὁμοίως

250 3494 311 3547 ἐν
360 3489 439 3561 τῷ
490 3491 683 3561 ἥπατι.
728 3491 791 3544 Ἠ
835 3491 892 3544 δέ
937 3491 1131 3563 λογικὴ
1178 3494 1349 3563 αὐτῆς
1397 3493 1626 3563 δύναμις
1657 3494 1821 3549 αὐτοῦ

250 3581 647 3651 καθαπτομένη
680 3580 774 3635 τοῦ
806 3582 1114 3651 ἐγκεφάλου
1166 3582 1234 3636 δι’
1281 3583 1452 3637 αὑτοῦ
1495 3586 1605 3647 τοῖς
1654 3588 1822 3640 πᾶσιν

251 3673 554 3741 ἐπιλάμπει
582 3674 674 3726 καὶ
702 3672 997 3726 δείκνυται.
1030 3673 1140 3726 Καί
1166 3691 1312 3736 τινες
1340 3675 1461 3744 μὲν,
1489 3667 1562 3727 ὧν
1598 3669 1675 3738 εἷς
1706 3678 1819 3729 ἐστι

249 3765 348 3817 καὶ
385 3763 794 3831 ’Δπολλινάριος
822 3764 851 3816 6
877 3763 976 3831 τῆς
1008 3764 1328 3836 ᾼαοδικείας
1361 3767 1663 3831 ἐπίσκοπος
1683 3809 1695 3829 ,
1729 3768 1820 3821 δύο

246 3856 568 3921 δοξάζουσιν
600 3855 695 3907 ἐπὶ
726 3856 821 3909 τοῦ
873 3856 1161 3925 ἀνθρώπου
1214 3856 1412 3927 ψυχάς.
1445 3859 1581 3912 Καθ’
1620 3861 1819 3931 ἑαυτὴν

249 3946 366 4014 γάρ
395 3941 535 3999 εἶναι
566 3945 789 4015 λέγουσι
815 3947 915 4017 τὴν
940 3947 1185 4015 ἀλογίαν,
1224 3949 1357 4001 αύτδ
1381 3949 1583 4019 δηλαδὴ
1611 3950 1669 4003 τὸ
1697 3951 1820 4004 ἀλο-

247 4036 492 4107 γώτερον
524 4037 689 4107 μέρος
734 4038 832 4107 τῆς
882 4037 1060 4109 ψυχῆς
1092 4039 1270 4108 ἡμῶν,
1301 4038 1376 4103 ὡς
1417 4041 1609 4108 ἄλογον
1641 4041 1818 4112 ψυχὴν

248 4127 416 4182 οὖσαν
444 4129 538 4181 καὶ
588 4128 650 4181 ού
699 4128 864 4198 μέρος
917 4130 1014 4198 τῆς
1060 4130 1310 4201 λογικῆς,
1347 4132 1560 4202 πρῶτον
1603 4135 1702 4202 μὲν
1734 4134 1816 4185 ὅτι

250 4220 352 4272 καὶ
390 4218 514 4271 καθ’
560 4219 761 4289 ἐαυτὴν
808 4220 867 4272 ἐν
894 4222 1006 4281 τοῖς
1039 4218 1255 4289 ἀλόγοις
1287 4220 1450 4285 ζώοις
1476 4222 1812 4293 εὑρίσκεται,

251 4308 314 4373 ἐξ
337 4301 400 4361 οὗ
427 4309 583 4374 δῆλον
608 4310 689 4362 ὅτι
722 4309 906 4362 τελεία
948 4310 1030 4373 τίς
1061 4315 1176 4362 ἐστι
1205 4311 1300 4363 καὶ
1329 4312 1390 4364 ού
1425 4312 1589 4382 μέρος
1624 4312 1813 4382 ἄλλης,

250 4395 356 4452 εἶθ’
391 4398 612 4457 ὅτιτῶν
657 4399 1024 4453 ἀτοπωτάτων
1072 4401 1189 4453 ἐστὶ
1242 4401 1342 4470 τῆς
1382 4402 1608 4471 λογικῆς
1635 4403 1814 4472 ψυχῆς

254 4491 424 4559 μέρος
470 4483 607 4541 εἶναι
653 4489 712 4541 τὸ
772 4488 986 4557 ἄλογον.
1033 4490 1171 4543 Ἀλλ’
1214 4464 1359 4545 οὗτοι
1395 4464 1494 4562 μὲν
1524 4464 1818 4556 ούτωςΠδύο
1847 4464 1895 4522 D

248 4576 568 4640 δοξάζουσιν
632 4578 723 4629 ἐπὶ
775 4577 868 4630 τοῦ
911 4578 1201 4647 ἀνθρώπου
1250 4581 1451 4652 ψυχὰς,
1498 4583 1816 4654 ἐλέγχονται

247 4669 308 4721 δὲ
349 4670 415 4737 τῇ
444 4667 674 4739 λεγούσῃ
697 4668 817 4737 θεία
846 4669 1059 4740 Γραφῇ·
1098 4691 1115 4722 ι
1153 4673 1261 4725 Καὶ
1308 4674 1521 4739 ἐγένετο
1550 4676 1577 4727 6
1603 4675 1813 4744 ἀνθρω-

249 4775 357 4820 πος
400 4761 482 4819 εὶς
527 4758 704 4828 ψυχὴν
736 4758 936 4823 ζῶσανο
979 4780 995 4811 ι
1030 4761 1152 4813 ούδέ
1182 4762 1288 4833 γὰρ
1326 4760 1476 4816 εἶπεν
1507 4766 1583 4828 εἰς
1616 4765 1815 4833 ψυχὰς.

248 4847 369 4902 ἀλλ’
400 4849 478 4911 εἰς
518 4848 698 4918 ψυχὴν
729 4848 930 4913 ζῶσαν.
967 4851 1127 4905 Ἀλλὰ
1151 4855 1242 4905 καὶ
1275 4854 1544 4917 Πλωτῖνος
1573 4857 1600 4907 6
1630 4857 1812 4923 σοφὸς,

246 4934 293 5009 ᾧ
319 4940 385 5011 δὴ
418 4940 512 4993 καὶ
553 4938 961 5011 ’Δπολλινάριος
1013 4945 1041 4996 6
1084 4944 1382 5008 Λαοδικεὺς
1418 4946 1810 5015 ἠκολούθησεν,

247 5033 315 5084 ἐκ
369 5028 536 5101 τριῶν
572 5030 722 5098 λέγει
772 5033 1160 5103 συνεστηκέναι
1191 5035 1281 5097 τὸν
1329 5035 1634 5104 ἄνθρωπον,
1666 5038 1730 5089 ἐκ
1754 5055 1811 5090 τε

246 5121 370 5182 νοὸς
398 5120 494 5172 καὶ
538 5120 718 5189 ψυχῆς
758 5120 851 5174 καὶ
892 5124 1168 5192 σώματος.
1205 5125 1364 5177 Ἀλλᾶ
1399 5127 1686 5204 ικὰνταῦθα
1715 5142 1814 5180 πε-

247 5209 543 5278 πλάνηταν
578 5210 606 5263 6
645 5208 753 5279 γάρ
776 5210 923 5275 νοῦς,
968 5213 1114 5266 καθά
1160 5231 1324 5283 φησιν
1370 5217 1397 5269 ό
1446 5216 1617 5283 μέγας
1653 5218 1814 5271 Βασί-

244 5304 420 5365 λειος,
450 5304 759 5370 ταυτοφυής
783 5305 896 5355 ἐστι
922 5307 987 5373 τῇ
1017 5304 1185 5376 ψυχῇ,
1214 5308 1306 5358 καὶ
1334 5308 1587 5377 καθάπερ
1615 5311 1815 5377 ὀφθαλ-

242 5393 352 5463 μὸς
400 5394 457 5443 ἐν
500 5392 734 5460 σώματι,
765 5394 905 5447 οὕτω
941 5396 1035 5448 καὶ
1071 5398 1097 5448 6
1127 5397 1249 5461 νοῦς
1290 5400 1347 5451 ἐν
1381 5402 1515 5472 αὐτῇ
1547 5404 1612 5472 τῇ
1641 5401 1808 5471 ψυχῇ.

239 5488 319 5539 Τὸ
351 5484 461 5554 γὰρ
486 5485 894 5555 καθαριώτερεν
930 5491 1020 5541 καὶ
1051 5495 1379 5561 κυριώτερον
1432 5498 1596 5566 μέρος
1641 5497 1811 5565 αὐτῆς

245 5574 372 5637 ,νοῦς
428 5577 869 5644 ἐπονομάζεται·
913 5581 1046 5633 καθὸ
1096 5582 1159 5647 δὴ
1193 5584 1287 5635 καὶ
1333 5588 1493 5656 νοερὰ
1524 5586 1740 5654 λέγεται
1776 5592 1806 5658 ὴ

242 5666 337 5719 τοῦ
390 5667 683 5737 ἀνθρώπου
715 5668 884 5739 ψυχὴ,
919 5674 985 5743 τῇ
1025 5672 1238 5742 μεθέξει
1277 5677 1491 5740 πάντως
1524 5680 1688 5733 αὑτοῦ
1714 5660 1807 5733 τοι)

238 5758 381 5818 νεός.

1845 3137 1890 3200 C
1923 3142 2043 3206 Quo
2084 3138 2144 3193 ﬁt
2172 3146 2230 3191 ut
2266 3137 2709 3207 per-universum
2757 3151 2818 3189 se
2843 3150 3042 3203 corpus
3085 3133 3233 3187 didat
3259 3173 3272 3194 ,

1916 598 1985 649 ob
2015 611 2229 651 causam
2265 596 2525 649 Dominus
2570 612 2692 649 cum
2761 610 2825 647 cx
2877 595 3103 647 mortuis
3153 592 3480 645 resurrexis-

1915 698 2015 752 set,
2064 702 2280 739 rursum
2314 687 2603 754 discipulos
2628 686 2855 749 aﬂlavit,
2894 696 2947 739 et
2981 685 3111 737 dixit
3142 702 3153 737 :
3191 702 3209 734 ι
3243 683 3479 750 Accipite

1916 776 2180 846 Spiritum
2230 786 2507 831 sanetum.
2545 797 2563 829 ι
2627 776 2738 831 Nec
2787 777 2932 831 enim
2984 776 3124 829 ferre
3160 782 3371 843 poterat
3422 780 3479 821 ut

1917 883 2025 922 non
2054 869 2121 922 de
2148 869 2361 935 integro
2401 869 2575 922 sancti
2607 868 2843 936 Spiritus
2892 866 3184 936 participes
3216 879 3336 918 esse
3386 863 3480 914 de-

1915 958 2273 1022 clararemur,
2329 974 2487 1025 quem
2528 959 2691 1012 etiam
2751 958 2913 1012 hodie
2982 956 3237 1011 sacerdos
3283 957 3330 1009 ei
3385 955 3476 1023 qui

1913 1050 2220 1118 baptizatur
2245 1049 2409 1112 amat,
2439 1050 2592 1116 quasi
2624 1050 2748 1103 vita;
2773 1050 3067 1103 restituens
3096 1048 3212 1117 ejus
3244 1048 3477 1101 animam

1914 1158 1976 1197 ex
2007 1141 2198 1195 Adami
2232 1142 2668 1211 transgressione
2704 1152 2992 1195 mortuam.

1986 1230 2191 1285 Verum
2222 1233 2503 1286 enimvero
2533 1233 2597 1284 ad
2651 1232 2848 1285 seriem
2884 1230 3152 1283 orationis
3182 1230 3479 1283 institutam

1916 1332 2272 1375 revertamur.
2319 1320 2531 1383 Nostra,
2564 1323 2811 1390 inquam,
2870 1336 3043 1387 eaque
3086 1321 3268 1374 verior
3301 1320 3483 1387 Opinio

1915 1412 1981 1466 de
2012 1412 2255 1479 corporis
2288 1426 2414 1464 cum
2466 1413 2648 1466 anima
2693 1410 3080 1479 conjunctione
3128 1410 3355 1479 simplex
3403 1418 3484 1461 est

1913 1509 2077 1568 atque
2115 1499 2422 1565 perspicua.
2472 1499 2686 1567 Corpus
2734 1499 2879 1553 enim
2926 1513 2991 1553 ex
3029 1498 3274 1564 pulvere.
3305 1499 3484 1548 anima

1915 1600 2097 1644 autem
2134 1591 2272 1644 citra
2296 1589 2532 1643 medium
2558 1589 2726 1642 ullum
2758 1604 2788 1641 a
2826 1589 2937 1641 Deo
2971 1588 3307 1657 producitur.
3335 1587 3486 1639 Ideo-

1917 1692 2023 1747 que
2058 1678 2290 1731 dicimus
2321 1677 2405 1733 his
2447 1678 2590 1732 inter
2624 1693 2681 1732 se
2717 1678 2982 1746 copulatis
3004 1718 3019 1742 ,
3066 1677 3265 1731 animal
3317 1691 3483 1728 unum

1917 1769 2171 1836 idemque
2226 1770 2586 1836 compositum
2636 1770 2946 1834 exstitisse;
2986 1783 3106 1835 quae
3155 1768 3373 1836 quidem
3401 1776 3485 1819 est

1920 1861 2010 1915 illa
2037 1860 2339 1927 personalis
2377 1860 2575 1924 unitio,
2608 1860 2866 1914 nimirum
2919 1858 3485 1925 exsistensutrinque

1921 1960 2242 2006 naturarum
2272 1950 2611 2005 diversarum
2650 1951 2704 2003 in
2755 1965 2920 2003 unum
2954 1964 3270 2002 concursus.
3311 1947 3483 2011 Quam

1917 2060 2031 2098 rem
2065 2042 2482 2106 Chrysostomus
2526 2042 2827 2103 admirans,
2865 2059 2882 2090 ι
2916 2039 3163 2105 Quonam
3187 2075 3202 2098 .
3264 2038 3438 2104 inquit
3468 2076 3483 2098 ,

1918 2144 2075 2203 pacto
2112 2134 2163 2188 in
2195 2134 2317 2187 alvo
2348 2142 2603 2187 materna
2638 2132 2903 2186 formatur
2942 2131 3125 2192 homo,
3166 2130 3257 2197 qui
3303 2129 3487 2182 subito

1918 2225 2100 2278 anima
2144 2224 2384 2278 divinam
2420 2222 2836 2277 similitudinem
2866 2220 3108 2275 referens
3137 2219 3347 2273 exsistit
3381 2233 3487 2270 una

1919 2329 2041 2367 cum
2073 2311 2351 2382 corpore?
2390 2330 2408 2362 ι
2468 2310 2569 2376 Qui
2619 2311 2857 2366 extraria
2908 2317 3080 2364 semet
3129 2307 3368 2361 eﬂ'erunt
3397 2322 3487 2359 sa~

1919 2404 2125 2474 pientia
2159 2444 2174 2469 ,
2231 2417 2354 2456 cum
2412 2401 2760 2455 formatoan
2800 2399 3040 2461 hominis
3081 2397 3485 2467 ignoraverint,

1923 2496 2089 2549 etiam
2122 2493 2433 2547 necessario
2486 2492 2538 2544 in
2580 2491 2697 2560 ipsa
2750 2490 2869 2557 ejus
2906 2488 3228 2541 formatione
3273 2487 3490 2538 aberra-

1920 2593 2066 2638 runt.
2088 2582 2183 2636 Est
2211 2582 2371 2651 igitur
2400 2597 2429 2635 e
2459 2591 2597 2635 terra
2630 2580 2825 2650 pulvis,
2863 2594 2985 2633 cum
3015 2578 3193 2631 anima
3224 2576 3293 2630 sit
3325 2592 3354 2628 a
3380 2577 3488 2628 Deo

1918 2679 2180 2751 profecta.
2214 2676 2368 2743 Quod
2407 2676 2626 2746 quidem
2658 2676 2898 2729 indicare
2941 2674 3122 2728 verbis
3154 2673 3239 2725 his
3270 2670 3489 2724 Littera:

1920 2786 2086 2826 sacra:
2118 2771 2308 2822 volunt
2356 2786 2369 2821 :
2411 2786 2428 2818 ι
2484 2767 2748 2836 Spiritum
2790 2765 3005 2819 vitalem
3048 2765 3100 2818 in
3142 2762 3333 2815 faciem
3370 2761 3488 2829 ejus

1922 2861 2227 2932 inspiravit,
2265 2874 2331 2914 ex
2369 2873 2478 2927 quo
2519 2860 2770 2912 animans
2814 2854 3045 2910 effectus
3075 2864 3178 2908 est.
3233 2872 3250 2905 ι
3282 2850 3489 2916 Quibus

1920 2976 1983 3015 ex
2016 2958 2216 3024 verbis,
2247 2958 2291 3011 si
2322 2956 2562 3010 animum
2593 2956 2869 3016 advertas,
2903 2954 3193 3023 perspicue
3217 2952 3490 3020 colligitur

1921 3067 2079 3105 unam
2112 3064 2232 3103 esse
2259 3048 2514 3111 animam,
2546 3047 2778 3101 diversis
2819 3044 3169 3098 facultatibus
3189 3044 3485 3111 praeditam.

3321 3143 3375 3185 Εἰ
3406 3146 3491 3184 1⁸3·

1927 3231 2076 3284 tione
2122 3229 2392 3297 modoque
2424 3211 2789 3281 consentaneo
2827 3224 3086 3278 membris
3140 3220 3367 3291 singulis
3396 3235 3492 3289 ap-

1924 3321 2178 3392 plicetur.
2234 3319 2312 3372 Ae
2367 3332 2491 3387 pars
2521 3317 2741 3385 quidem
2792 3316 2911 3384 ejus
2958 3315 3044 3368 illa
3076 3329 3194 3382 quae
3225 3315 3331 3366 vim
3384 3314 3491 3366 ira-

1924 3410 2111 3467 scendi
2146 3407 2411 3471 continet,
2455 3408 2637 3462 sedem
2684 3422 2837 3460 suam
2869 3407 2919 3459 in
2946 3406 3110 3460 corde
3139 3405 3308 3459 fertur
3344 3403 3487 3456 obti—

1923 3514 2077 3562 nere,
2110 3498 2281 3551 altera
2323 3511 2451 3549 vero
2480 3511 2583 3564 qua
2623 3494 3089 3563 concupiscimus,
3126 3495 3177 3545 in
3202 3492 3447 3561 jecinore
3474 3531 3488 3551 ,

1924 3591 2032 3660 7o
2063 3589 2221 3644 tertia
2249 3627 2262 3649 ,
2324 3603 2443 3657 qua:
2500 3587 2727 3641 rationis
2768 3586 2997 3641 facultas
3028 3594 3111 3639 est
3132 3624 3146 3646 ,
3180 3585 3231 3637 in
3264 3584 3489 3637 cerebro

1923 3683 2025 3738 sita
2048 3697 2144 3750 per
2176 3680 2228 3734 id
2257 3679 2512 3734 omnibus
2543 3694 2663 3733 sese
2694 3678 2952 3733 declarat.
2992 3676 3129 3730 Sunt
3166 3676 3327 3729 etiam
3352 3690 3491 3728 non-

1922 3775 2079 3829 nulli.
2112 3789 2344 3843 quorum
2381 3781 2461 3827 est
2512 3772 2565 3826 in
2600 3788 2827 3827 numero
2865 3769 3231 3840 Apollinarius
3262 3768 3489 3821 antistes

1921 3865 2223 3929 Laodiceae,
2250 3862 2340 3932 qui
2365 3862 2576 3917 animas
2595 3862 2646 3915 in
2679 3862 2899 3917 homine
2925 3860 3061 3916 duas
3093 3874 3213 3914 esse
3243 3858 3486 3913 tradunt.

1921 3953 2124 4010 Volunt
2180 3954 2325 4008 enim
2372 3951 2725 4022 peculiariter
2754 3962 2810 4006 et
2834 3965 3077 4005 seorsum
3110 3964 3231 4004 csse
3274 3956 3486 4017 partem

1923 4046 2048 4102 vitae
2098 4054 2299 4100 nostrae
2329 4044 2550 4099 brutam
2596 4058 2661 4097 ac
2710 4042 2940 4096 rationis
3000 4049 3303 4111 expertem,
3341 4038 3491 4092 velut

1918 4139 2155 4195 animam
2207 4136 2495 4207 quamdam
2530 4133 2756 4188 minime
2794 4132 3132 4192 rationalem,
3166 4144 3392 4197 quaeque
3421 4143 3490 4182 ne

1918 4245 2046 4301 pars
2075 4229 2292 4298 quidem
2330 4226 2403 4281 sit
2428 4222 2711 4278 rationalis
2733 4222 2947 4275 anitnaz.
2979 4218 3032 4273 Id
3067 4218 3302 4289 primum
3328 4234 3392 4273 ex
3423 4232 3489 4271 eo

1918 4330 2167 4377 statuunt
2197 4358 2212 4382 ,
2278 4316 2422 4387 quod
2479 4316 2594 4369 hmo
2645 4312 2992 4383 peculiariter
3042 4325 3106 4363 ac
3152 4325 3397 4363 seorsum
3434 4309 3489 4363 in

1919 4410 2098 4465 brutis
2131 4407 2292 4462 etiam
2353 4404 2683 4474 reperiatur.
2740 4402 2812 4456 De
2849 4416 2956 4470 quo
2993 4399 3255 4468 consequi
3300 4398 3489 4453 volunt

1920 4514 2045 4555 esse
2072 4501 2247 4568 ipsam
2283 4494 2601 4565 perfectam,
2635 4507 2746 4546 non
2778 4499 2985 4561 partem
3017 4479 3257 4544 alterius.
3285 4487 3487 4542 Deinde

1917 4598 2206 4657 propterea
2250 4583 2394 4654 quod
2432 4581 2666 4637 maxime
2689 4582 2759 4635 sit
2779 4581 3069 4634 absurdum
3099 4579 3293 4632 anima:
3324 4579 3492 4631 ratio—

1916 4678 2053 4731 nalis
2091 4686 2299 4746 partem
2335 4689 2454 4729 esse
2482 4673 2533 4728 id
2567 4672 2711 4742 quod
2756 4671 2984 4725 rationis
3010 4684 3206 4739 expers
3230 4671 3300 4724 sit
3329 4678 3491 4738 atque

1917 4770 2159 4824 brutum.
2191 4767 2280 4821 Sic
2307 4766 2359 4821 hi
2417 4766 2551 4821 duas
2606 4766 2661 4818 in
2720 4762 2943 4817 homine
2986 4764 3193 4817 animas
3215 4776 3309 4816 sua
3373 4762 3492 4829 qni-

1914 4862 2037 4916 dem
2104 4858 2361 4929 Opinione
2419 4856 2781 4911 constituunt.
2823 4852 3026 4909 Verum
3102 4869 3199 4922 per
3257 4851 3487 4907 Litteras

1916 4966 2100 5007 sacras
2126 4948 2457 5013 refutantur,
2480 4963 2706 5017 quarum
2739 4946 2857 5000 haec
2884 4945 3045 4999 verba
3073 4953 3235 4998 sunt:
3265 4961 3283 4994 ι
3316 4942 3487 4997 Homo

1915 5043 2090 5097 factus
2116 5051 2201 5097 est
2229 5040 2283 5093 in
2340 5039 2575 5093 animam
2603 5038 2833 5091 vivam.»
2866 5034 2984 5091 Non
3014 5037 3160 5089 enim
3194 5036 3348 5091 aiunt
3376 5054 3389 5089 :
3423 5037 3481 5090 In

1916 5134 2147 5197 animas,
2192 5132 2309 5196 sed,
2352 5147 2371 5181 t
2411 5130 2464 5183 in
2522 5128 2758 5183 animam
2814 5127 3013 5181 vivam.
3059 5146 3077 5178 ι
3135 5126 3488 5180 Doctissimus

1918 5225 2083 5279 etiam
2118 5223 2368 5276 Plotinus
2403 5220 2516 5285 ille,
2554 5234 2716 5289 quem
2749 5217 3098 5273 Laodicensis
3124 5217 3489 5286 Apollinarius

1915 5326 2137 5372 secutus
2167 5323 2271 5375 est,
2323 5311 2601 5366 hominem
2654 5312 2720 5365 de
2747 5310 2920 5364 tribus
2949 5308 3099 5363 hisce
3134 5306 3297 5361 tradit
3343 5306 3488 5360 exsi-

1915 5417 2083 5469 stere,
2133 5405 2395 5460 nimirum
2431 5414 2637 5469 mente,
2688 5402 2892 5463 anima,
2926 5415 3175 5469 corpore.
3224 5397 3338 5463 Qua
3372 5399 3485 5467 ipsa

1915 5498 1968 5551 in
2015 5498 2275 5568 Opinione
2307 5495 2663 5550 consimiliter
2709 5494 2937 5547 fallitur.
2994 5494 3146 5547 Mens
3193 5493 3376 5553 enim,
3429 5500 3489 5544 ut

1915 5606 2143 5659 magnus
2175 5589 2265 5642 ille
2290 5586 2529 5642 Basilius
2556 5586 2752 5656 inquit,
2787 5586 3028 5657 ejusdem
3048 5593 3127 5639 est.
3158 5599 3280 5637 cum
3305 5583 3484 5636 anima

1916 5691 2121 5736 naturae
2149 5699 2160 5741 ;
2188 5680 2443 5749 quodque
2488 5677 2702 5747 corpori
2733 5678 2925 5733 oculus
2957 5685 3061 5741 ost,
3090 5678 3192 5731 hoc
3227 5689 3381 5730 mens
3403 5680 3483 5728 cst

1915 5789 2122 5827 iillllli'tl‘.
