4204 6450
237 413 355 472 153
762 407 767 411 ’
1478 397 1883 456 ANNALIUM

253 519 405 589 παρὰ
436 519 538 588 τῆς
566 516 778 587 φύσεως
816 513 1087 582 λέγουσιν,
1122 511 1197 574 ὡς
1231 510 1289 563 ὲν
1320 509 1456 581 αὐτῇ
1487 512 1580 564 τὸν
1610 511 1815 581 ἡγεμό-
1842 514 1893 573 Λ

255 632 321 666 να
368 611 496 666 νοῦν
535 607 945 671 ἐνδιαιτᾶσθαι,
986 604 1237 675 καθάπερ
1277 603 1400 656 τινὰ
1447 603 1671 672 βασιλέα
1717 602 1815 654 τοῦ

252 698 958 770 παντὸςοὺπερκαθήμενον
1007 695 1284 765 σώματος.
1321 695 1385 747 Ol
1429 692 1487 746 δέ
1519 708 1583 760 γε
1612 692 1674 745 τὸ
1716 693 1817 761 τῆς

264 790 591 861 Ἐκκλησίας
621 787 1020 859 πρεσϐεύοντες
1074 781 1354 855 ὸρθόδοξον
1408 784 1666 852 φρόνημα
1716 782 1819 849 τὴν

251 883 373 936 κατ’
405 882 591 935 εἰκόνα
632 878 767 933 Θεοῦ
804 878 1112 933 κτισθεῖσαν
1139 879 1335 945 νοερὰν
1363 875 1521 944 ἡμῶν
1553 874 1729 944 ψυχὴν
1762 874 1820 926 ἐν

250 987 358 1022 τινι
391 969 543 1039 τόπῳ
572 966 665 1021 τοῦ
697 966 973 1036 σώματος,
1027 964 1321 1033 ἀσώματον
1357 963 1545 1027 οὖσαν,
1584 962 1819 1023 τοπικῶς

251 1058 594 1129 περιορίζειν
620 1057 721 1109 οὑκ
752 1039 1076 1123 ἰσασινίδλη
1118 1056 1212 1107 καὶ
1238 1053 1346 1124 γὰρ
1377 1054 1444 1105 δι’
1482 1053 1603 1105 ὅλου
1640 1054 1818 1120 διήκει

249 1151 347 1204 τοῦ
393 1150 667 1219 σώματος,
702 1148 823 1201 ὅλον
856 1145 992 1199 αὐτὸ
1024 1145 1270 1213 ψυχοῦσα
1316 1144 1410 1197 καὶ
1450 1144 1569 1196 ὅλον
1601 1144 1698 1212 ὅλη
1728 1160 1824 1196 κα-

254 1238 663 1305 ταιρωτὶζουσα.
705 1236 811 1288 Καὶ
839 1235 1088 1303 καθάπερ
1118 1235 1146 1286 6
1171 1234 1303 1295 Θεὸς
1330 1225 1390 1284 οὑ
1417 1232 1511 1284 καὶ
1529 1233 1651 1284 κατ’
1680 1232 1823 1284 εἰκό-

256 1345 326 1382 να
375 1325 838 1396 δεδημιούργηται
887 1324 1048 1394 αὕτη,
1099 1325 1158 1376 οὑ
1202 1324 1366 1393 μέρος
1400 1326 1458 1375 ὲν
1490 1324 1672 1393 μέρει,
1702 1322 1817 1374 ἀλλ’

257 1420 388 1486 ὅλος
419 1423 524 1489 ὅλῳ
580 1421 659 1490 τῷ
718 1421 907 1489 κόσμῳ
956 1419 1078 1473 κατ’
1108 1418 1298 1470 οὐσίαν
1342 1414 1641 1483 περίεστιν,
1673 1415 1816 1467 οὕτω

259 1513 358 1563 καὶ
406 1512 438 1580 ἡ
485 1509 579 1561 τοῦ
638 1507 1002 1577 πρωτοτύπου
1061 1504 1225 1558 εἰκὼν
1283 1504 1500 1574 ἀμερὴς
1544 1500 1678 1555 οὖσα
1730 1502 1825 1555 καὶ

253 1598 583 1659 ἀδιάστατος
641 1595 865 1665 ἁμερῶς
927 1598 1022 1648 καὶ
1060 1593 1397 1654 ἀδιαστάτως
1454 1593 1553 1661 ὅλη
1584 1591 1691 1660 ὅλῳ
1744 1590 1823 1658 τῷ

256 1689 473 1759 σώματι
510 1695 801 1757 πρόσεστι.
839 1688 949 1739 Καὶ
984 1685 1178 1738 τούτου
1231 1685 1393 1755 χάριν
1425 1684 1498 1753 μὴ
1549 1682 1821 1753 οαύμαζε’

265 1778 487 1831 ἴστασαι
527 1781 623 1847 μὲν
651 1778 760 1844 γὰρ
792 1775 930 1845 αὕτη
978 1777 1065 1843 ἐφ’
1100 1776 1300 1845 ἑαυτῆς
1339 1775 1592 1844 καθάπερ
1626 1775 1821 1843 ἡλιακή

252 1885 341 1928 τις
372 1871 574 1936 σφαῖρα
627 1868 726 1918 οὑκ
774 1866 877 1929 ἔξω
913 1864 1005 1917 τοῦ
1059 1865 1340 1933 σώματος,
1382 1862 1495 1916 ἀλλ’
1527 1863 1823 1933 ὑπερφυῶς
1860 1853 1898 1906 Β

253 1960 314 2011 ἐν
345 1958 512 2028 αὐτῷ,
548 1958 921 2026 συμπλέκεται
978 1957 1033 2008 δὲ
1094 1956 1269 2025 τούτῳ
1330 1958 1451 2014 ταῖς
1501 1956 1590 2024 ἀφ’
1624 1958 1825 2024 ἑαυτῆς

252 2049 575 2117 προϊούσαις
637 2047 861 2115 αύγαίς,
921 2046 1124 2109 αἵτινες
1178 2048 1275 2100 καὶ
1334 2048 1676 2116 τεμνομένου
1731 2046 1825 2099 τοῦ

255 2139 511 2209 σώματος
560 2140 791 2203 ἀπαθεῖς
832 2141 926 2192 καὶ
959 2141 1286 2210 ἀδιάτμητοι
1324 2142 1598 2210 μένουσιν,
1640 2141 1828 2211 ὥσπερ

250 2231 319 2297 δὴ
352 2233 445 2282 καί
484 2229 579 2281 τοῦ
608 2231 767 2299 ἀέρος
799 2233 915 2293 ταῖς
944 2230 1052 2282 τῶν
1086 2231 1302 2299 ἀνέμων
1338 2234 1525 2292 πνοαῖς
1576 2233 1830 2301 κινουμέ-

254 2338 351 2373 νου
378 2323 472 2372 καὶ
502 2322 939 2390 μεταπίπτοντος
987 2323 1048 2375 τὸ
1110 2323 1327 2390 ἡλιακὸν
1362 2322 1475 2388 φῶς
1502 2324 1646 2383 ἅπαξ
1676 2324 1824 2392 αὐτῷ

254 2410 576 2478 συμπλακὲν
607 2410 727 2463 οὒτε
759 2411 932 2480 τομὴν
960 2410 1084 2463 οὔτε
1127 2410 1312 2483 ρεὖσιν
1336 2410 1459 2463 οὑτε
1489 2414 1826 2482 μετάστασιν

252 2503 570 2569 ὑφίσταται.

3378 390 3479 450 liti

1922 396 2113 455 PARS
2154 396 2203 456 ῐ.

1918 512 2164 565 dolorum
2198 508 2441 578 corporis
2482 508 2754 578 particeps
2801 506 2913 561 11111.
2955 524 2972 557 1
3013 505 3080 559 Et
3110 505 3221 558 haec
3266 504 3483 569 quidem

1920 602 1988 654 ab
2022 601 2107 654 his
2145 599 2337 652 tradita
2392 607 2542 651 sunt.
2593 596 2915 650 Aristoteles
2955 605 3133 647 autem
3185 591 3487 643 rationibus

1921 691 2176 745 humanis
2209 689 2430 743 innixus
2468 696 2729 750 mentem,
2760 700 2879 753 qua:
2934 684 2988 737 in
3024 683 3239 735 homine
3285 683 3486 749 princi-

1921 790 2103 850 patum
2133 780 2365 843 obtinet,
2393 780 2571 833 sedem
2622 779 2675 831 111
2717 777 2882 830 corde
2919 789 3071 828 suam
3120 775 3319 826 habere
3356 788 3488 824 con-

1921 872 2121 937 ﬁrmat,
2159 872 2305 925 unde
2335 870 2415 924 vis
2443 870 2561 934 ejus
2588 868 2655 921 ab
2681 867 2949 921 electione
2983 865 3323 928 consilioque
3353 878 3485 930 peu-

1921 966 2058 1017 dens
2085 963 2398 1016 unitersum
2444 962 2497 1013 in
2526 975 2724 1028 corpus
2771 959 2928 1012 facile
2959 958 3336 1011 distribuatur.
3385 955 3488 1008 Alii

1921 1066 2083 1122 Caput
2115 1054 2288 1108 instar
2326 1050 2602 1119 cujusdam
2639 1050 2782 1103 arcis
2828 1066 2855 1101 a
2906 1057 3101 1100 natura
3158 1047 3349 1099 dicunt
3396 1062 3492 1096 cr-

1922 1152 2211 1205 structum,
2248 1150 2307 1194 ut
2342 1143 2592 1208 princeps
2626 1139 2677 1191 in
2710 1139 2927 1191 homine
2970 1152 3121 1189 nens
3152 1137 3309 1203 degat
3341 1135 3390 1186 111
3429 1150 3493 1185 eo

1922 1233 2185 1301 quasique
2225 1247 2314 1285 rex
2355 1233 2536 1285 sedem
2585 1246 2748 1298 supra
2788 1244 2988 1296 corpus
3015 1228 3326 1279 universum
3355 1241 3496 1292 posi-

1928 1333 2034 1376 tam
2089 1323 2306 1376 habeat.
2340 1320 2539 1375 Verum
2582 1322 2673 1390 qui
2727 1320 2981 1374 Eeclesiw
3038 1320 3363 1370 sententiam
3412 1331 3498 1368 se-

1923 1422 2189 1480 quuntur,
2226 1410 2462 1463 animau-
2495 1423 2736 1462 nostram
2795 1406 3163 1473 intelligentisc
3205 1404 3254 1454 ri
3302 1404 3494 1470 pradi-

1926 1511 2059 1567 tam,
2090 1517 2209 1569 qua:
2240 1503 2304 1554 ad
2343 1500 2630 1570 imaginem
2670 1499 2767 1552 Dei
2798 1499 3014 1551 condita
3048 1505 3127 1548 (sl
3162 1504 3214 1547 ct
3251 1496 3495 1561 corporis

1924 1604 2008 1649 est
2033 1610 2247 1662 expers.
2276 1593 2329 1644 in
2366 1602 2512 1645 certo
2548 1591 2779 1657 quodam
2812 1588 3058 1655 corporis
3099 1586 3217 1639 loco
3264 1586 3494 1637 circum-

1928 1685 2162 1737 scribere
2193 1682 2442 1735 loealiter
2477 1682 2691 1734 nolunt.
2729 1680 2864 1732 Nam
2904 1688 3010 1731 tota
3047 1693 3141 1746 per
3182 1688 3348 1730 totum
3380 1692 3499 1727 cur-

1929 1792 2028 1846 pus
2075 1790 2196 1829 sese
2261 1774 2418 1839 1⁸11111,
2454 1784 2505 1825 ct
2554 1774 2725 1841 ipsum
2778 1771 3018 1833 animat,
3073 1779 3353 1831 totumque
3389 1776 3499 1819 111111

1932 1870 2235 1921 collustrat.
2276 1867 2340 1919 Et
2363 1863 2821 1934 quemadmodum
2852 1862 3012 1923 Deus,
3041 1862 3194 1929 cujus
3226 1860 3499 1926 1111111111μ1-

1934 1975 2053 2012 uem
2085 1958 2301 2012 condita
2330 1967 2413 2011 est
2442 1972 2550 2010 non
2580 1971 2707 2024 pars
2742 1956 2792 2007 in
2832 1965 3002 2022 parte,
3034 1954 3126 2007 scd
3162 1962 3302 2005 totus
3330 1963 3497 2004 totum

1935 2050 2192 2101 mundum
2226 2048 2607 2115 complectitur
2641 2045 2875 2097 essentia
2905 2059 3021 2107 sua,
3056 2043 3133 2093 sic
3166 2042 3327 2093 etiam
3356 2056 3503 2106 [:l'tit~

1934 2142 2072 2207 cipis
2106 2139 2250 2190 illius
2302 2137 2628 2204 exeinplazis
2672 2136 3021 2187 suniat-run:
3048 2172 3063 2193 ,
3097 2148 3219 2183 cum
3270 2131 3501 2196 ι11111111111

1934 2232 2005 2284 sit
2054 2245 2251 2299 expers
2296 2239 2350 2283 et
2391 2229 2732 2282 dimensione
2763 2237 2976 2289 careat,
3017 2227 3149 2278 citra
3182 2224 3502 2277 divisionem

1934 2336 1996 2374 ac
2063 2318 2457 2373 dimensioncm
2526 2320 2630 2388 72
2692 2320 2855 2371 ullam
2926 2328 3095 2369 totum
3143 2327 3236 2368 tuti
3290 2315 3502 2382 corpori

1931 2412 2106 2463 adi-st.
2139 2410 2310 2475 Quam
2340 2410 2561 2479 quidem
2587 2425 2698 2462 rem
2732 2408 2987 2462 admirari
3014 2406 3217 2459 desine.
3246 2405 3510 2458 COllsislil

1933 2504 2078 2555 cnim
2110 2503 2461 2570 peculiariter
2493 2502 2672 2553 anima
2694 2500 2848 2569 quasi
2885 2500 3074 2568 globus
3106 2499 3324 2567 quidam
3372 2497 3511 2549 solu-

253 2596 343 2647 ris
374 2610 482 2648 non
514 2606 661 2650 cura
691 2612 907 2665 corpus,
936 2596 1029 2650 sed
1076 2596 1128 2649 in
1164 2597 1303 2665 ipso,
1330 2592 1491 2664 idque
1519 2597 1680 2651 modo
1703 2596 1932 2660 quodam
1968 2598 2105 2649 ultra
2146 2595 2408 2649 naturali.
2476 2594 2650 2647 Simul
2711 2593 2927 2660 corpori
3000 2607 3246 2645 connexa
3286 2599 3371 2643 est
3417 2604 3511 2657 per

259 2686 543 2740 derivatos
579 2701 644 2741 ex
694 2688 809 2756 ipsa
858 2688 1079 2751 radios,
1119 2689 1211 2754 qui
1247 2687 1291 2739 si
1337 2702 1538 2756 corpus
1592 2688 1831 2743 sectione
1871 2688 2121 2753 lardatur,
2154 2698 2335 2741 tamen
2371 2685 2512 2739 haud
2558 2684 2867 2737 adiciuntur
2915 2692 2970 2738 et
3048 2687 3344 2737 sectionem
3389 2686 3513 2738 nul-

254 2777 366 2831 lam
393 2779 770 2849 experiuntur.
802 2776 1033 2831 Prorsus
1065 2787 1122 2832 ut
1165 2793 1290 2833 aere
1335 2794 1433 2847 per
1463 2780 1620 2831 ﬂatus
1652 2791 1935 2832 ventorum
1974 2789 2121 2833 moto
2151 2788 2206 2832 et
2266 2780 2469 2847 agitato
2543 2776 2636 2830 lux
2685 2777 2880 2831 solaris
2957 2777 3008 2830 ei
3052 2778 3221 2831 semel
3268 2793 3511 2833 connexa

256 2886 443 2939 neque
473 2870 768 2925 sectionem
801 2884 979 2938 neque
1016 2869 1218 2923 [luxum
1260 2885 1438 2939 neque
1469 2870 1826 2924 mutationem
1870 2871 2099 2938 patitur.

343 2962 457 3013 Καὶ
513 2962 542 3012 6
594 2961 693 3028 μὲν
744 2961 867 3021 νοῦς
931 2960 1220 3028 ἀσώματος
1275 2961 1423 3011 ἐστιν
1476 2961 1688 3028 ἀληθῶς
1739 2963 1830 3013 καὶ

258 3051 515 3122 ἀόρατος,
565 3051 679 3104 ἀλλ’
719 3052 867 3120 ὅμως
899 3051 973 3112 ὡς
1023 3054 1081 3102 έν
1114 3052 1331 3120 ὀργάνῳ
1362 3051 1440 3121 τῷ
1474 3052 1687 3120 σώματι
1731 3053 1829 3119 τὴν

260 3143 475 3195 οἰκείαν
506 3143 790 3211 ἐνέργειαν
821 3142 1084 3194 δείκνυσι.
1120 3143 1231 3193 Καὶ
1279 3141 1438 3194 εἴωθε
1483 3143 1582 3210 μὲν
1639 3144 1667 3194 6
1713 3142 1835 3204 νοῦς
1863 3142 1905 3197 C

263 3235 518 3303 ἐνεργεῖν
572 3236 629 3285 ἐν
672 3228 754 3295 οἷς
786 3233 956 3300 ὑγιῶς
1000 3233 1061 3284 τὸ
1119 3233 1277 3302 σῶμα
1327 3233 1617 3296 διάκειται,
1649 3233 1739 3285 ἐπὶ
1773 3233 1829 3283 δὲ

258 3326 374 3378 τῶν
420 3324 663 3385 ἀσθενῶς
698 3325 927 3393 ἐχόντων
965 3324 1063 3390 τὴν
1095 3324 1351 3393 τεχνικὴν
1397 3324 1561 3376 αὑτοῦ
1600 3323 1830 3392 δύναμιν

262 3414 520 3479 δέξασθαι
553 3414 829 3483 ἄπρακτος
881 3412 1068 3480 πάντη
1125 3415 1218 3465 καὶ
1261 3414 1618 3482 ἀνενέργητος
1649 3412 1834 3478 φαίνε-

259 3524 376 3561 ται.
429 3506 575 3575 Πλὴν
615 3507 675 3557 οὑ
716 3504 841 3557 καθ’
874 3504 1067 3557 ἑαυτὸν
1129 3504 1293 3566 αὐτὸς
1350 3504 1831 3573 παραϐλάπτεται,

264 3598 524 3665 καθάπερ
581 3596 691 3647 τισὶ
730 3596 837 3647 τῶν
881 3592 1081 3658 ἔξωθεν
1114 3594 1330 3658 ἔδοξεν·
1368 3595 1486 3646 οὐδὲ
1522 3594 1629 3662 γὰρ
1663 3594 1834 3661 ἁρμο-

253 3687 385 3748 νίας
415 3686 648 3754 ὀργάνου
675 3685 819 3748 τινὸς
855 3684 1213 3754 ὁπωσδήποτε
1243 3682 1594 3752 διεφθορυίας
1621 3684 1833 3751 ἀνάγκη

250 3782 447 3833 πᾶσαν
495 3780 590 3830 καὶ
650 3778 818 3846 αὑτὴν
872 3775 966 3829 τοῦ
1024 3776 1269 3844 τεχνίτου
1315 3775 1414 3840 τὴν
1468 3775 1666 3845 τέχνην
1714 3792 1839 3829 συν-

246 3869 692 3938 διαφθείρεσθαι.
728 3869 836 3919 Καὶ
866 3868 947 3919 ὃτι
1002 3867 1101 3935 μὲν
1142 3867 1219 3934 τῷ
1268 3866 1481 3935 σώματι
1511 3866 1763 3918 σύνεστιν
1799 3868 1832 3935 η

242 3957 587 4031 ψυχὴ,οἶδα,
627 3960 686 4012 τὸ
722 3960 776 4011 δὲ
807 3958 921 4019 πῶς
952 3959 1009 4010 ὲν
1041 3957 1251 4027 σώματι
1294 3958 1356 4009 τὸ
1407 3957 1694 4025 ἀσώματον
1735 3958 1837 4009 οὐκ

248 4051 400 4107 οἷδαο
432 4053 554 4104 οὐδὲ
594 4053 700 4121 γὰρ
732 4051 1121 4120 αἱδεσθήσομαι
1141 4049 1239 4118 τὴν
1256 4049 1478 4116 ἄγνοιαν
1509 4048 1600 4099 ὲπὶ
1626 4048 1839 4111 τούτοις
1888 4058 1891 4059 ⁷

242 4141 561 4213 ὁμολογῶν.
599 4141 659 4192 El
698 4141 807 4208 γὰρ
853 4138 1201 4207 ὲξηπλῶσθαι
1232 4133 1438 4205 ταύτην
1467 4138 1600 4207 εῐπῃ
1625 4154 1704 4196 τις
1733 4137 1839 4205 ὅλῳ

236 4235 330 4304 τῷ
358 4234 510 4303 δγκῳ
532 4230 626 4284 τοῦ
662 4230 931 4300 σώματος,
957 4228 1204 4299 καθάπερ
1230 4231 1296 4299 δὴ
1324 4231 1418 4281 καὶ
1458 4231 1486 4281 6
1528 4230 1840 4299 χρυσορρή-

244 4343 377 4395 μων
402 4325 557 4392 φησὶ,
576 4322 668 4374 καὶ
691 4322 789 4374 οὐκ
811 4323 921 4389 ἔχει
948 4321 1103 4385 λόγον
1130 4320 1189 4372 τὸ
1218 4319 1531 4389 λεγόμενον*
1562 4321 1719 4372 τοῦτο
1748 4318 1841 4373 καὶ

239 4416 367 4484 γὰρ
402 4412 532 4464 ῐδιον
562 4412 669 4463 τῶν
697 4412 963 4479 σωμάτων
983 4410 1150 4462 ἐστίν.
1178 4408 1383 4470 ’Ἄλλως
1410 4426 1469 4460 τε
1503 4409 1551 4460 ει
1572 4407 1838 4478 ἐξηπλοῦο

236 4523 314 4557 το
364 4502 446 4571 τῷ
494 4502 586 4554 τοῦ
620 4501 867 4569 σώματος
893 4500 1063 4570 ὄγκῳ,
1091 4501 1184 4552 καὶ
1213 4498 1570 4568 συνετέμνετο
1603 4501 1688 4562 ἂν,
1724 4498 1832 4550 τῶν
1868 4482 1910 4534 υ

235 4594 462 4665 χειρῶν
494 4592 750 4653 πολλάκις
783 4592 876 4643 καὶ
910 4591 1016 4643 τῶν
1060 4589 1236 4642 ποδῶν
1285 4591 1647 4643 ὲκκοπέντων.
1694 4589 1831 4641 Ἀλλ’

233 4689 356 4740 οὐκ
394 4685 543 4735 ἐστιν
568 4686 624 4735 ὲν
650 4684 756 4751 ὅλῳ
782 4681 860 4751 τῷ
920 4682 1161 4749 σώματι,
1202 4680 1257 4731 ἓν
1298 4696 1402 4731 τινι
1454 4681 1510 4732 δὲ
1543 4682 1704 4749 μέρει
1734 4682 1832 4732 αὑ-

228 4774 345 4829 τοῦ
410 4772 765 4825 συνείλεκται.
819 4769 1027 4823 Οὐκοῦν
1074 4770 1287 4840 ἀνάγκη
1350 4772 1518 4836 νεκρὰ
1569 4771 1637 4823 τὰ
1668 4771 1834 4823 λοιπὰ

224 4866 505 4936 γίνεσθαι
570 4865 751 4932 μέρηο
805 4862 865 4915 τὸ
917 4861 1025 4929 γὰρ
1079 4859 1287 4930 ἄψυχον
1342 4863 1561 4925 πάντως
1612 4865 1827 4933 νεκρόν.

244 4957 414 5012 Ἀλλ’
456 4955 575 5007 οὐδὲ
611 4953 766 5005 τοῦτο
799 4953 947 5004 ἐστιν
980 4953 1178 5004 εἰπεῖν.
1213 4952 1336 5004 Ὀτι
1374 4953 1474 5023 μὲν
1521 4955 1630 5022 γὰρ
1669 4956 1727 5005 ὲν
1753 4954 1831 5023 τῷ

226 5045 479 5114 σώματί
527 5046 676 5096 ἔστιν
710 5046 888 5113 ἡμῶν,
923 5045 1169 5113 οἴδαμεν,
1201 5044 1261 5096 τὸ
1307 5045 1362 5097 δὲ
1404 5044 1521 5107 πῶς
1554 5046 1655 5097 οὑκ
1684 5047 1831 5099 οῖδα-

224 5158 377 5212 μεν.
418 5138 529 5190 Καὶ
562 5139 643 5190 ὅτι
675 5138 771 5206 μὲν
798 5138 957 5198 liii/.6;
988 5140 1107 5191 ἐστι
1142 5140 1235 5191 καὶ
1280 5137 1567 5205 ἀσώματος
1594 5139 1627 5207 ἡ
1659 5138 1827 5209 ψυχὴ,

219 5228 374 5285 οἶδα
411 5228 645 5298 (ἤκουσα
679 5228 831 5296 γὰρ),
872 5227 944 5293 τίξ
979 5227 1035 5279 δὲ
1088 5228 1147 5279 τὸ
1192 5222 1332 5289 εἶδος
1385 5225 1553 5295 αὑτῆς
1608 5229 1703 5278 καὶ
1730 5244 1829 5279 πο-

218 5320 406 5390 ταπὴ
457 5320 557 5388 τὴν
594 5318 802 5382 οὐσίαν,
848 5319 948 5371 οὐκ
997 5313 1136 5383 οῖδα,
1180 5318 1263 5370 ὅτι
1309 5317 1401 5370 καὶ
1427 5317 1833 5385 ἁνερμήνευτον

213 5412 414 5468 τοῦτο
460 5409 764 5478 μεμένηκε.
826 5409 948 5472 Πῶς
998 5409 1106 5479 γὰρ
1156 5408 1222 5480 ἂν
1269 5408 1365 5461 καὶ
1424 5410 1590 5477 εἰδείη
1619 5425 1703 5470 τις
1734 5408 1831 5477 τὴν

214 5504 374 5560 κατ’
421 5504 607 5556 εἰκόνα
667 5504 978 5557 κτισθεῖσαν
1017 5502 1108 5555 τοῦ
1152 5502 1513 5572 ἁπερινοήτου
1552 5502 1647 5553 καὶ
1691 5504 1833 5554 ἅκα-

211 5597 538 5664 ταληπτου
570 5594 745 5661 Θεοῦ;
791 5596 914 5647 Ἐὰν
960 5597 994 5665 ὴ
1029 5595 1129 5665 τῆς
1160 5594 1340 5664 ψυχῆς
1370 5592 1526 5646 οὑσία
1552 5593 1830 5661 κατελαμ-

211 5692 472 5752 ϐάνετο,
507 5687 951 5757 κατελαμϐάνετο
999 5688 1082 5741 ἂν·
1109 5690 1203 5741 καὶ
1236 5686 1371 5740 αύτδ
1400 5686 1461 5739 τὸ
1498 5686 1596 5756 τῆς
1625 5687 1830 5749 εἰκόνος

216 5784 642 5840 ποωτότυπον·
698 5784 745 5834 εί
785 5782 843 5833 δὲ
894 5782 955 5834 τὸ
1011 5781 1368 5843 πρωτότυπον
1419 5779 1823 5844 ἀκατάληπτον,

2013 2964 2213 3028 Estque
2264 2978 2417 3016 mens
2463 2978 2655 3032 reapse
2695 2961 2913 3030 quidem
2944 2976 3142 3029 expers
3183 2961 3427 3029 corporis
3460 2973 3514 3015 et

1939 3054 2381 3123 iuaspectabilis,
2421 3072 2603 3129 rerum
2643 3054 3004 3107 nihilominus
3046 3055 3355 3121 incorpore
3391 3065 3512 3106 tan-

1944 3162 2107 3213 quam
2141 3148 2510 3200 instrumento
2549 3161 2699 3199 suam
2732 3146 3103 3199 edicaeitatem
3132 3146 3388 3199 declarat.
3419 3147 3516 3198 Ea-

1933 3238 2054 3289 dem
2096 3240 2146 3288 in
2180 3238 2247 3291 iis
2282 3252 2512 3305 quorum
2551 3253 2679 3290 sana
2716 3246 2971 3304 recteque
3005 3238 3197 3290 alTecta
3225 3247 3355 3291 sunt
3388 3254 3513 3290 eor-

1932 3342 2063 3397 pora
2094 3328 2386 3382 ellicaeiter
2422 3328 2569 3396 agit,
2623 3344 2745 3380 cum
2784 3330 2837 3382 iu
2896 3329 3053 3393 aliis,
3102 3329 3195 3397 qui
3245 3329 3514 3382 facultatis

1933 3420 2055 3491 ejus
2081 3420 2387 3473 artiﬁciosa:
2406 3436 2516 3498 pou
2558 3429 2685 3474 sunt
2712 3436 2960 3489 capaces,
2987 3423 3157 3475 otiosa
3196 3422 3261 3473 sit
3288 3437 3348 3474 ac
3376 3422 3513 3474 nihil

1935 3510 2158 3563 omnino
2196 3507 2460 3578 perﬁciat.
2501 3508 2617 3561 Non
2650 3518 2832 3563 tamen
2869 3514 2982 3577 ipsa
3022 3518 3276 3575 reSpectu
3307 3509 3388 3560 sui
3420 3508 3514 3560 lae-

1943 3600 2111 3663 ditur,
2150 3600 2603 3668 quemadmodum
2637 3600 2892 3653 extrariis
2915 3598 3234 3666 quibusdam
3275 3599 3512 3666 philos”.

1936 3689 2061 3758 phis
2092 3691 2268 3744 visum
2318 3690 2439 3744 fuit.
2476 3690 2611 3743 Nam
2645 3691 2686 3742 si
2740 3691 2978 3745 niauiine
3005 3692 3283 3758 cujusdam
3317 3692 3518 3744 instru-

1940 3783 2105 3833 menti
2163 3784 2444 3839 harmonia
2480 3797 2699 3851 quoquo
2744 3784 2906 3836 modo
2964 3792 3365 3851 corrumpatur,
3410 3798 3518 3834 non

1944 3884 2125 3927 tamen
2154 3875 2379 3927 omnino
2404 3875 2556 3942 sequi
2578 3889 2803 3929 necesse
2826 3883 2911 3927 est
2940 3882 3000 3928 ut
3030 3888 3121 3927 ars
3164 3874 3332 3941 ipsius
3356 3875 3519 3927 etiam

1941 3966 2168 4019 artilieis
2195 3974 2484 4033 prOplerea
2518 3966 2745 4033 periisse
2765 3974 3059 4019 statuatur.
3079 3966 3280 4018 Adesse
3301 3966 3521 4031 quidem

1944 4058 1998 4111 in
2034 4071 2261 4124 corpore
2289 4056 2524 4110 animam
2579 4058 2703 4109 novi
2742 4066 2838 4110 :at
2880 4056 2973 4125 qui
3016 4070 3103 4108 res
3151 4057 3400 4123 corporis
3429 4072 3520 4107 ex.

1942 4161 2070 4213 pers
2109 4146 2161 4199 in
2194 4161 2426 4213 corpore
2461 4147 2551 4211 sit,
2597 4148 2809 4215 ignoro.
2844 4146 2957 4199 Non
2999 4147 3143 4201 enini
3198 4147 3521 4215 imperitiam
3555 4189 3561 4195 .

1943 4237 2044 4297 hac
2071 4240 2123 4292 in
2152 4246 2304 4308 parte
2336 4255 2509 4292 meum
2545 4239 2697 4291 fateri
2733 4254 2816 4291 me
2854 4240 3040 4308 pudet.
3079 4240 3289 4307 Quippe
3321 4242 3364 4292 si
3399 4242 3524 4307 quis

1942 4346 2061 4383 eam
2088 4330 2237 4382 dicat
2274 4345 2572 4397 expansum
2623 4344 2743 4383 esse
2778 4345 2872 4395 per
2909 4340 3077 4383 totam
3126 4332 3368 4398 corporis
3402 4347 3521 4384 mo-

1942 4418 2069 4482 lem,
2100 4419 2241 4472 sicut
2270 4419 2695 4487 Chrysostomus
2711 4420 2806 4483 ait,
2839 4423 2889 4472 id
2920 4422 3094 4488 ipsum
3124 4421 3331 4474 ratione
3351 4435 3522 4478 cauet.

1940 4512 2072 4565 Nam
2129 4513 2232 4565 tale
2271 4513 2531 4581 quiddam
2588 4515 2913 4582 corporibus
2954 4525 3038 4568 est
3094 4516 3405 4583 proprium;
3458 4534 3523 4569 ae

1941 4602 2244 4670 praesertim
2300 4602 2345 4655 si
2383 4603 2601 4657 extendi
2638 4619 2760 4657 cum
2813 4604 2957 4658 mole
2996 4606 3241 4673 corporis
3286 4607 3521 4668 dicatur,

1939 4694 2103 4747 etiam
2140 4703 2464 4762 sequeretur
2496 4710 2614 4747 eam
2651 4711 2752 4748 una
2796 4698 3053 4755 resecari,
3085 4700 3299 4764 quoties
3330 4715 3521 4751 manus

1942 4793 2105 4852 atque
2139 4784 2306 4853 pedes
2334 4795 2710 4853 amputantur.
2761 4787 2831 4839 At
2879 4787 3023 4838 enim
3060 4798 3363 4841 statuamus
3397 4805 3520 4844 eum

1939 4889 2040 4942 per
2076 4890 2276 4943 corpus
2311 4875 2628 4929 universum
2675 4890 2782 4928 non
2834 4891 2954 4930 esse
2990 4892 3259 4943 Sparsam,
3288 4882 3381 4932 sed
3413 4896 3519 4933 una

1940 4965 2173 5033 quadam
2210 4964 2382 5034 ipsius
2414 4964 2469 5018 in
2523 4976 2674 5034 parte
2725 4967 3032 5020 collectam.
3072 4968 3149 5021 Ita
3190 4985 3316 5023 vero
3366 4972 3516 5037 sequi

1940 5068 2165 5108 neceSse
2217 5067 2301 5109 est
2348 5065 2405 5108 ut
2455 5057 2697 5108 membra
2735 5056 2942 5124 reliqua
2985 5057 3094 5108 sint
3125 5073 3353 5112 11111111111.
3384 5056 3518 5109 Diam

1940 5146 2083 5215 quod
2118 5159 2316 5213 expers
2348 5152 2432 5198 est
2462 5146 2687 5206 anima),
2728 5162 2949 5216 prorsus
2995 5159 3270 5200 mortuum
3304 5156 3419 5209 est;
3468 5147 3520 5200 111

1939 5236 2083 5305 quod
2114 5238 2204 5291 hic
2251 5232 2355 5290 diei
2385 5237 2597 5305 nequit.
2631 5235 2995 5302 Quamobrem
3048 5254 3171 5291 esse
3202 5238 3418 5305 quidem
3460 5240 3520 5290 il-

1942 5330 2045 5382 lam
2101 5330 2153 5381 iu
2205 5343 2432 5396 corpore
2469 5340 2656 5383 nosu'o
2710 5331 2946 5395 scimus,
3002 5342 3054 5384 at
3098 5347 3206 5399 quo
3239 5344 3400 5399 pacm
3451 5332 3523 5384 sit

1942 5418 2277 5488 ignoramus.
2313 5419 2767 5473 ltidemunimam
2804 5434 3084 5489 expertem
3118 5436 3241 5475 esse
3275 5423 3521 5475 uiaterici

1940 5525 2136 5564 crassu'
2164 5526 2227 5564 ac
2262 5513 2643 5579 incorporeum
2673 5512 2808 5577 scio,
2836 5514 3054 5579 quando
3083 5516 3153 5566 ita
3190 5528 3247 5567 se
3276 5530 3387 5566 rem
3424 5515 3489 5565 lia
3512 5544 3525 5556 ι

1942 5601 2072 5654 bere
2106 5602 2289 5669 accepi
2318 5619 2329 5652 :
2362 5617 2547 5655 verum
2577 5618 2697 5671 qua:
2731 5603 2801 5656 sit
2826 5603 2941 5670 ejus
2968 5605 3178 5671 species
3208 5604 3324 5659 sive
3347 5603 3522 5657 forma

1945 5692 2027 5744 vel
2054 5691 2232 5758 qualis
2265 5694 2502 5747 essentia
2524 5735 2539 5758 ,
2573 5696 2713 5748 scire
2746 5710 2984 5763 nequeo.
3020 5697 3232 5766 Quippe
3274 5714 3380 5749 111111
3429 5715 3525 5764 pu-

1943 5789 2047 5834 test
2092 5782 2191 5833 Itot'
2241 5784 2487 5837 oratione
2541 5786 2858 5852 cujttsattutti
2907 5788 3186 5846 explicati.
3242 5788 3372 5842 Nam
3425 5792 3518 5850 qui
