4204 6450
699 416 801 479 155

1924 409 2342 471 MICIIAELIS
2376 408 2632 468 GLYC/ﬁ

3827 404 3929 468 156

692 543 919 583 cernere
950 528 1073 595 quis
1108 543 1226 579 eam
1279 530 1475 596 possit,
1506 544 1627 594 qua:
1671 526 1886 580 condita
1916 540 1999 580 est
2028 528 2094 580 ad
2130 527 2266 579 ima-
2295 527 2344 586 Α

2295 527 2344 586 Α
2373 524 2755 592 άκατάληπτος
2804 522 2863 585 ἐξ
2911 522 3154 590 ἀνάγκης
3205 522 3301 575 καὶ
3356 522 3388 592 ἡ
3430 517 3525 575 τοῦ
3571 523 3932 591 πρωτοτύπω

693 625 874 691 ginem
905 620 1020 682 Dei,
1050 634 1209 687 quem
1243 634 1343 672 nec
1378 618 1752 683 intelligentia:
1795 620 1842 670 vi
1889 632 1991 671 nec
2018 618 2123 671 ulla
2148 633 2272 687 per-

693 713 946 781 ceptione
975 711 1443 779 comprehendere
1460 710 1794 779 possumus?
1822 708 2038 779 Quippe
2072 711 2116 764 si
2145 709 2269 762 ani-

694 818 795 855 me
844 800 1234 869 comprehendi
1292 809 1472 867 posset
1531 802 1807 862 essentia,
1854 809 2035 869 posset
2084 800 2272 852 itidem

694 894 952 961 imaginis
987 906 1207 960 quoque
1259 893 1508 959 princeps
1543 896 1821 960 exemplar
1854 890 2271 959 comprehendi.

694 986 763 1036 At
793 984 837 1036 si
876 984 1067 1050 nequit
1098 984 1381 1049 exemplar
1408 982 1536 1033 illud
1579 982 1833 1048 princeps
1861 982 2275 1048 comprehendi,

2375 618 2563 668 εἰκών.
2602 613 2797 665 Ἔνθεν
2844 630 2929 665 τοι
2962 615 3055 665 xa‘t
3086 613 3255 666 πολλά
3290 612 3387 680 μὶν
3410 612 3776 681 ὲφιλοσοφήθη
3806 612 3937 682 περὶ

2380 706 2573 773 αὐτῆς.
2599 704 2773 766 οὐδεὶς
2826 702 2883 756 δὲ
2918 705 3019 773 τὴν
3048 686 3251 771 ταύτης
3277 702 3467 755 οὐσίαν
3494 702 3732 771 ἠδυνήθη
3764 718 3936 754 κατα-

2378 794 2639 849 λαϐέσθαι
2695 796 2848 859 ποτε,
2894 794 3017 847 κατ’
3071 794 3277 858 εἰκόνα,
3309 794 3385 856 ὡς
3418 796 3657 862 εῐρηται,
3696 793 3935 845 κτισθεῖ-

2378 904 2482 938 σαν
2512 885 2607 937 τοῦ
2641 885 3026 953 ἀκαταλήπτου
3052 886 3147 936 καὶ
3181 888 3541 954 ἀπερινοήτου
3580 884 3743 939 Θεοῦ.
3780 885 3939 936 ’Δλλά

2377 980 2472 1029 καὶ
2526 975 2799 1029 παιδεύων
2835 977 2981 1043 ἡμᾶς
3033 976 3063 1026 ὁ
3113 967 3254 1037 ’Θεὸς
3301 974 3441 1029 ὥστε
3495 975 3749 1029 ταπεινὸν
3794 974 3940 1042 ἔχειν

692 1073 859 1125 etiam
924 1072 1234 1125 necessario
1268 1080 1529 1139 sequetur
1559 1072 1843 1138 imaginem
1875 1072 1992 1138 ejus
2020 1071 2281 1123 consimi-

2278 1101 2281 1109 ι
2381 1068 2637 1135 φρόνημα
2686 1068 2780 1119 καὶ
2818 1068 2893 1135 μὴ
2936 1067 3005 1117 τὰ
3036 1067 3167 1133 περὶ
3196 1067 3344 1134 ἡμᾶς
3388 1064 3938 1132 ὃλω;’φαντάζεσθαι,

694 1160 819 1210 liter
866 1161 1259 1225 comprehendi
1305 1175 1412 1211 non
1445 1174 1625 1226 posse.
1665 1160 1776 1223 Qua
1817 1159 1884 1212 de
1933 1172 2098 1212 causa
2135 1160 2194 1212 ﬁt
2226 1168 2283 1211 ut

1962 1172 2098 1212 ausa
2135 1160 2194 1212 ﬁt
2226 1168 2283 1211 ut
2383 1160 2640 1225 τοιαύτην
2673 1158 3053 1226 ἀκαταληψίαν
3087 1158 3312 1226 ἐνέθηκε
3355 1160 3420 1225 τῇ
3454 1157 3622 1225 ψυχῇ.

698 1252 912 1303 tametsi
947 1252 1111 1303 nmlta
1150 1252 1302 1304 multi
1341 1252 1408 1304 de
1456 1266 1515 1302 ea
1584 1251 1933 1304 cotmnentati
1977 1253 2124 1312 sint,
2190 1264 2350 1303 nemo
2389 1258 2569 1304 tamen
2598 1251 2892 1305 essentiam
2938 1250 3111 1319 ipsius
3135 1263 3370 1317 unquam
3396 1248 3499 1318 73
3532 1249 3812 1317 percipere
3844 1261 3945 1316 po-

698 1345 886 1405 tuerit,
918 1342 1216 1400 conditam.
1274 1352 1331 1394 ut
1364 1342 1568 1394 dictum
1608 1352 1729 1403 est,
1770 1343 1836 1394 ad
1866 1341 2158 1409 imaginem
2192 1340 2285 1394 Dei
2325 1341 2567 1393 neminis
2629 1340 2957 1409 cogitatione
3001 1355 3065 1393 ac
3144 1341 3492 1410 intelligentia
3534 1341 3947 1409 comprehensi-

698 1434 848 1487 bilis.
905 1432 1050 1485 Deus
1080 1432 1299 1501 quidem
1338 1442 1485 1486 certe
1553 1448 1653 1484 nos
1691 1434 1967 1499 castigans
1998 1441 2049 1485 et
2085 1433 2357 1494 erudiens,
2404 1442 2462 1485 ut
2491 1432 2672 1486 animo
2705 1434 2941 1485 demisso
2968 1433 3137 1487 simus
3184 1447 3287 1486 nec
3336 1433 3813 1504 imaginationibus
3852 1447 3952 1483 nn-

697 1525 827 1578 stris
858 1524 1044 1576 omnia
1082 1540 1199 1592 quaa
1231 1526 1285 1577 in
1333 1525 1491 1577 nobis
1536 1536 1665 1578 sunt
1697 1525 1984 1592 complecti
2032 1524 2283 1588 velimus,
2322 1523 2629 1593 huiusmodi
2664 1525 2953 1593 quamdam
2994 1525 3379 1579 obscuritatem
3438 1523 3806 1594 perceptionis
3834 1519 3952 1573 ani-

700 1633 800 1670 ma:
830 1617 1043 1670 indidit.

771 1710 869 1763 Hic
907 1721 1087 1763 autem
1114 1708 1354 1762 animum
1384 1708 1541 1770 mihi,
1592 1709 1787 1764 dilecte
1832 1710 1928 1773 liii,
1977 1708 2272 1763 advertito.

2453 1710 2692 1779 Πρόσεχε
2739 1710 2817 1770 δὲ.
2849 1709 3126 1778 ἀγαπητὲ.
3162 1706 3380 1768 Φθάσας
3425 1707 3527 1774 μὲν
3571 1706 3679 1777 γάρ
3707 1708 3737 1760 ὁ
3792 1706 3950 1772 λόγος

703 1801 920 1855 Dictum
966 1810 1053 1853 est
1081 1815 1244 1869 supra
1280 1800 1331 1853 in
1368 1801 1491 1854 alvo
1532 1811 1775 1854 materna
1805 1801 1983 1855 subito
2016 1801 2275 1862 animam,
2312 1820 2353 1875 Β

2312 1820 2353 1875 Β
2382 1804 2585 1869 ἔδειξεν
2624 1805 2706 1856 ὅτι
2742 1802 2937 1873 ἀθρόον
2986 1804 3045 1855 ὲν
3096 1804 3166 1871 τῇ
3236 1802 3418 1871 μήτρᾳ
3444 1802 3477 1869 ἡ
3516 1799 3815 1860 θεοείκελος
3874 1797 3950 1867 τῷ

700 1911 820 1963 quae
853 1895 945 1947 Dei
980 1892 1143 1947 refert
1176 1892 1490 1963 imaginem,
1528 1910 1633 1947 una
1688 1909 1811 1948 cum
1863 1908 2092 1963 corpore
2137 1893 2279 1946 exsi-

702 1995 867 2045 stere,
897 1996 1057 2053 atque
1097 1986 1201 2038 hoc
1240 1994 1398 2053 pacto
1429 1985 1629 2038 animal
1656 2002 1821 2039 unum
1865 1986 2026 2054 idque
2054 1996 2278 2052 compo—

703 2079 867 2131 situm
899 2076 1131 2137 ahsolvi,
1174 2092 1333 2143 quem
1368 2077 1649 2132 hominem
1681 2077 1939 2132 dicimus.
1988 2076 2121 2132 Esse
2148 2078 2278 2130 item

704 2168 845 2221 hanc
880 2167 1182 2219 nnitionem
1215 2166 1584 2235 personalem,
1616 2166 1876 2220 nimirum
1915 2166 2277 2220 exsistentem

704 2260 959 2326 utrinque
995 2268 1313 2311 naturarum
1345 2258 1685 2312 diversarum
1740 2260 1792 2312 in
1846 2274 2015 2312 unum
2051 2272 2281 2312 concur-

703 2350 933 2403 sionem.
964 2348 1131 2418 lgitur
1170 2364 1277 2418 quo
1308 2358 1466 2416 pacto
1499 2364 1699 2418 corpus
1729 2361 1785 2405 et
1805 2351 1983 2404 anima
2015 2350 2197 2405 subito
2223 2348 2280 2405 in

702 2441 824 2493 alvo
861 2450 1104 2493 materna
1129 2448 1490 2501 concurrunt,
1543 2440 1735 2494 eodem
1770 2455 1988 2509 quoque
2033 2456 2221 2494 rursus
2250 2455 2280 2494 a

704 2544 762 2583 se
788 2528 1019 2582 invicem
1048 2528 1228 2581 subito
1251 2528 1442 2582 mortis
1464 2541 1707 2596 tempore
1730 2529 2077 2582 dirimuntur.
2104 2529 2281 2594 Quare

704 2619 747 2673 si
781 2619 903 2686 quis
928 2618 1204 2672 existimat
1238 2618 1472 2671 animam
1528 2632 1558 2670 e
1588 2632 1815 2687 corpore
1849 2619 2103 2690 paulatim
2145 2628 2281 2672 tem-

706 2725 834 2777 pore
868 2710 1060 2763 mortis
1084 2710 1349 2763 excedere
1374 2719 1683 2778 propterea,
1734 2712 1878 2778 quod
1913 2709 2278 2763 membrorum

705 2811 963 2854 extrema-
994 2811 1177 2869 partes
1210 2800 1263 2853 in
1297 2801 1363 2854 iis
1410 2801 1501 2869 qui
1562 2801 1745 2855 subito
1797 2816 1906 2855 non
1938 2801 2281 2855 emoriuntur

706 2892 866 2961 plane
898 2890 1136 2959 {rigeant
1162 2904 1226 2943 ac
1275 2904 1497 2943 sensum
1554 2890 1831 2950 amittant,
1883 2898 2139 2957 tanquam
2176 2890 2280 2942 sia

710 2981 953 3049 corporis
979 2980 1425 3034 extremitatibus
1455 2980 1721 3049 inciperet
1774 2997 1895 3035 sese
1955 2981 2281 3036 contrahere

708 3073 1083 3143 paulatimque
1115 3073 1281 3127 veluti
1312 3073 1654 3136 convolvere,
1720 3084 1779 3126 ut
1833 3083 2181 3143 posteaquam
2214 3073 2279 3126 ad

2387 1898 2600 1967 σώματι
2634 1896 3126 1966 συμπαρυφίστατο
3174 1894 3340 1963 ψυχὴ,
3379 1892 3676 1947 κάντεῦθεν
3721 1892 3778 1943 ἓν
3812 1892 3951 1955 ζῶον

2388 1989 2642 2043 σύνθετον
2690 1986 3037 2040 ἀποτελεῖται
3067 1988 3095 2039 ὁ
3123 1984 3428 2054 ἄνθρωπος.
3473 1985 3582 2037 Καὶ
3622 1982 3764 2039 τοῦτ’
3800 1982 3950 2035 ἔστιν

2386 2084 2421 2153 ἡ
2445 2082 2567 2135 καθ’
2602 2081 2900 2134 ὑπόστασιν
2930 2080 3148 2143 ἓνωσις,
3200 2076 3345 2130 τοῦτ’
3396 2077 3544 2130 εστιν
3577 2078 3611 2146 ἡ
3645 2074 3952 2145 ἀμφύπαρο

2388 2193 2513 2237 κτος
2540 2174 2649 2226 τῶν
2672 2172 2999 2241 ὲτερουσίων
3030 2172 3152 2222 κατ’
3179 2170 3340 2222 αὑτὸν
3371 2167 3663 2237 συνδρομή.
3696 2164 3833 2220 καθ’
3888 2166 3950 2219 ὃν

2386 2261 2569 2314 τοίνυν
2596 2260 2805 2329 τρόπον
2832 2256 3027 2327 ἀθρόον
3087 2256 3341 2325 ἀλλήλοις
3374 2257 3431 2309 ὲν
3465 2256 3531 2325 τῇ
3599 2255 3784 2324 μήτρᾳ
3825 2254 3953 2306 σύν-

2386 2354 2643 2423 τρέχουσι
2673 2351 2733 2402 τό
2761 2366 2823 2402 τε
2864 2349 3023 2418 σῶμα
3057 2349 3152 2400 καὶ
3178 2349 3211 2417 ἠ
3250 2348 3415 2417 ψυχὴ,
3474 2349 3617 2400 κατά
3666 2346 3756 2399 τὸν
3786 2346 3951 2400 αὑτὸν

2388 2445 2544 2506 αὖθις
2572 2442 2766 2514 ἀθρόον
2812 2440 3059 2510 ἀλλήλων
3085 2439 3383 2494 διίστανται
3418 2438 3558 2493 κατά
3608 2455 3671 2506 γε
3703 2439 3799 2491 τὸν
3853 2435 3950 2490 τοῦ

2389 2536 2620 2589 θανάτου
2652 2532 2866 2601 καιρόν.
2905 2531 2966 2584 '0
2999 2529 3183 2582 τοίνυν
3206 2528 3456 2596 οίόμενος
3482 2528 3583 2599 τὴν
3611 2526 3789 2597 ψυχὴν
3808 2527 3951 2579 κατὰ

2391 2625 2563 2699 βραχὺ
2600 2624 2694 2678 τοῦ
2746 2622 2995 2691 σώματος
3024 2621 3407 2689 ὕπαναχωρεῖν
3460 2622 3520 2673 ἐν
3555 2620 3632 2688 τῷ
3662 2619 3753 2672 τοῦ
3787 2617 3951 2671 θανά.

2388 2736 2484 2772 του
2521 2716 2699 2786 καιρῷ
2727 2714 2816 2767 διὰ
2844 2713 2904 2766 τὸ
2952 2712 3293 2781 κατεψῦχθαί
3332 2728 3392 2764 τε
3447 2711 3543 2764 καὶ
3602 2710 3955 2764 παντάπασιν

2390 2810 2736 2878 ἀναισθητεῖν
2772 2807 2842 2859 τὰ
2871 2806 3013 2875 ἀκρα
3036 2805 3146 2858 τῶν
3182 2804 3258 2876 μὴ
3288 2804 3523 2870 ἐξάπινα
3550 2801 3947 2865 τελευτώντων,

2388 2903 2578 2972 ὥσπερ
2624 2899 2732 2953 ἀπὸ
2769 2898 2878 2951 τῶν
2909 2897 3166 2968 περάτων
3214 2895 3308 2949 τοῦ
3359 2895 3611 2963 σώματος
3640 2880 3951 2967 ’ἀρχομένης

2389 2995 2562 3063 αὐτῆς
2592 2990 2977 3045 συστέλλεσθαι
3010 2990 3103 3043 καὶ
3129 2992 3271 3042 κατὰ
3310 2989 3475 3058 μέρος
3509 2987 3835 3052 ἑλίττεσθαι,
3866 2986 3952 3039 ῐνα

2391 3083 2611 3137 ἐπειδάν
2646 3082 2743 3151 ὅλη
2777 3081 2912 3152 πρὸς
2939 3079 3039 3148 τὴν
3104 3079 3339 3148 καρδίαν
3386 3076 3749 3148 συσπειραθῇ,
3787 3079 3815 3129 ὁ
3841 3093 3951 3128 τοιο

707 3179 803 3217 eor
836 3172 942 3216 tota
966 3163 1195 3217 collecta
1234 3162 1419 3223 fuerit.
1474 3162 1657 3217 subito
1712 3163 1839 3217 inde
1869 3162 2105 3226 eluetur,
2157 3178 2278 3217 om-
2312 3169 2356 3225 C

2312 3169 2356 3225 C
2387 3175 2540 3238 οὗτος
2570 3175 2885 3245 ἠπάτηταιο
2934 3174 2995 3226 οὐ
3033 3172 3142 3243 γάρ
3201 3169 3379 3233 οὕτως
3420 3170 3555 3240 ἔχει,
3598 3166 3713 3223 ἀλλ’
3764 3165 3950 3236 ὥσπερ

709 3254 843 3306 nino
875 3253 921 3306 is
954 3254 1217 3322 Opinione
1260 3268 1359 3307 sua
1417 3253 1649 3309 fallitur.
1704 3253 1918 3322 Quippe
1974 3269 2064 3307 res
2107 3268 2175 3307 eo
2224 3267 2285 3307 se

708 3354 869 3413 pacto
894 3360 1003 3397 non
1041 3345 1225 3412 habet,
1256 3346 1349 3399 sed
1376 3346 1834 3415 quemadmodum
1857 3347 1994 3399 citra
2023 3344 2285 3414 temporis

711 3436 1061 3490 intervallum
1091 3437 1272 3491 elucet
1299 3438 1481 3490 anima
1519 3437 1575 3490 in
1627 3450 1879 3506 corpoge,
1931 3435 2063 3490 solis
2111 3436 2286 3489 instar

710 3540 836 3579 aera
874 3526 1056 3581 subito
1081 3525 1479 3592 collustrantis,
1529 3526 1725 3581 eodem
1774 3526 1938 3580 modo
1964 3526 2128 3580 etiam
2162 3525 2287 3579 inde

710 3617 911 3671 avolat.
940 3618 1308 3683 Quamobrem
1341 3632 1443 3671 nec
1468 3618 1803 3680 extenditur,
1842 3630 1899 3670 ul.
1923 3616 2178 3686 superius
2202 3616 2289 3669 in-

712 3711 1052 3776 dicabamus,
1115 3725 1218 3765 nec
1246 3710 1655 3764 dimensioncm
1714 3707 1998 3762 admittit:
2050 3707 2146 3762 sed
2179 3715 2290 3762 tota

716 3809 887 3854 totum
915 3815 1117 3870 corpus
1145 3801 1397 3855 animans
1423 3800 1788 3856 nihilominus
1838 3799 2191 3869 peculiariter
2222 3814 2289 3854 ex

714 3906 774 3945 se
807 3892 1081 3948 consistit.
1122 3890 1261 3957 Quid
1298 3901 1384 3946 est
1410 3901 1593 3947 autem
1615 3892 1759 3961 quod
1790 3892 2101 3945 extenditur
2129 3890 2288 3943 simul

714 3998 838 4037 eum
868 3998 1101 4048 corpore
1130 3993 1187 4038 et
1221 3985 1399 4053 ipsum
1429 3984 1683 4038 animat?
1744 3984 1952 4037 Natura
1987 3990 2043 4037 et
2068 3982 2177 4035 vita
2210 3997 2292 4036 ra-

717 4074 884 4130 tionis
917 4089 1132 4143 expers.
1167 4074 1355 4144 Neque
1386 4076 1615 4131 decebat
1639 4075 1694 4129 in
1720 4088 1909 4128 crasso
1934 4073 2138 4128 versari
2169 4088 2292 4127 cor-

718 4180 848 4233 pore
901 4166 1159 4231 animam,
1218 4169 1425 4235 alisque
1485 4157 1667 4221 medio
1726 4166 1966 4235 quodam
2026 4165 2293 4220 extremis

719 4269 972 4330 cognato.
1004 4259 1120 4329 Ipsa
1158 4260 1379 4330 quidem
1441 4270 1569 4315 ante
1623 4261 2051 4329 exspirationem
2082 4268 2296 4329 postreo

722 4368 865 4407 mam
899 4368 1005 4405 una
1058 4368 1179 4406 cum
1242 4353 1679 4407 extremitatibus
1740 4352 2127 4420 exstinguitur,
2184 4366 2294 4405 non

2389 3265 2629 3336 ἀχρόνως
2660 3264 2960 3332 ἐπιλάμπει
2988 3262 3064 3329 τῷ
3107 3261 3319 3329 σώματι
3358 3261 3511 3331 δίκην
3539 3260 3693 3330 ἡλίου
3724 3258 3954 3323 ἑξάπινα

2388 3356 2478 3409 τὸν
2500 3357 2641 3427 ἀέρα
2668 3354 3165 3423 καταφωτίζοντος,
3200 3352 3344 3406 κατά
3366 3352 3458 3404 τὸν
3492 3351 3659 3404 αὑτὸν
3686 3350 3844 3418 λόγον
3862 3350 3955 3403 καὶ

2389 3449 2601 3500 ἐκεῖθεν
2626 3448 2954 3514 ἀφίπταται.
3002 3446 3214 3498 Οὖκουν
3241 3444 3547 3496 ἐκτείνεται
3601 3443 3782 3504 τοῦτο,
3810 3443 3952 3495 καθά

2388 3538 2596 3593 ἀνωθεν
2625 3538 2874 3604 εἴπομεν,
2908 3535 3029 3588 οὐδὲ
3061 3535 3357 3599 διίσταται,
3392 3533 3528 3587 ἀλλά
3584 3535 3682 3586 καὶ
3716 3533 3841 3586 δλον
3885 3531 3954 3586 δι’

2388 3630 2509 3683 ὅλου
2536 3629 2782 3699 ψυχοῦσα
2814 3628 2967 3682 οὗδὶν
2995 3624 3159 3700 ἦττον
3191 3627 3279 3695 ἐφ’
3306 3626 3503 3696 ἑαυτῆς
3543 3626 3768 3694 ἕστηκε.
3798 3625 3864 3679 Τί
3893 3625 3950 3678 δι

2389 3721 2506 3772 ἐστι
2528 3718 2588 3771 τὸ
2620 3718 3085 3786 συνεκτεταμένον
3112 3715 3191 3785 τῷ
3216 3712 3429 3785 σώματι
3455 3714 3552 3769 καὶ
3579 3713 3753 3776 (toon
3783 3714 3911 3766 αὑτό
3934 3730 3951 3779 ;

2404 3807 2466 3862 Ἥ
2501 3810 2663 3878 φύσις
2691 3808 2785 3861 καὶ
2814 3809 2846 3878 ἡ
2878 3806 3070 3873 ἄλογος
3100 3805 3238 3876 ζωή.
3268 3805 3404 3859 Οὐδὲ
3436 3805 3545 3875 γάρ
3580 3798 3648 3875 ἦν
3683 3804 3959 3874 εὐπρεπὲς

2389 3898 2469 3969 τῷ
2493 3899 2661 3968 παχεῖ
2689 3895 3094 3967 προσομιλῆσαι
3128 3882 3346 3965 σώματι
3377 3895 3477 3965 τὴν
3509 3894 3690 3966 ψυχὴν
3717 3894 3851 3947 ἄνευ
3876 3912 3955 3947 τι·

2391 3992 2480 4055 νὸς
2514 3989 2829 4061 προσφυοῦς
2887 3990 2997 4051 τοϊς
3031 3987 3222 4059 ἄκροις
3272 3987 3591 4056 μεσότητος.
3643 3987 3754 4040 Καὶ
3818 3985 3955 4047 αὕτη

2395 4084 2498 4153 μὶν
2526 4084 2633 4153 πρὸ
2661 4082 2762 4152 τῆς
2797 4079 3093 4142 παντελοῦς
3150 4077 3545 4140 ἀποπνεὺσεως
3596 4080 3713 4141 τοῖς
3778 4080 3959 4148 ἀκρω-

2392 4175 2601 4244 τηρίοις
2637 4172 3159 4236 συναποσῦἐννυται,
3191 4171 3251 4221 οὐ
3289 4168 3396 4240 μὴν
3425 4169 3631 4221 ἐκεῖθεν
3665 4169 3957 4238 ὑποχωρεῖ.

2395 4261 2505 4317 Ἦν
2539 4267 2649 4336 γάρ
2684 4265 2751 4319 ἂν
2784 4263 3051 4326 ἀθάνατος
3104 4262 3513 4331 ὲπανερχομένη
3553 4261 3693 4332 πρὸς
3741 4262 3960 4332 ἑαυτήν.

2410 4356 2475 4409 Ἦ
2499 4356 2557 4408 δέ
2588 4372 2648 4422 γε
2678 4354 2827 4425 ψυχὴ
2860 4353 2957 4407 τοῦ
2993 4353 3159 4423 μέσου
3183 4352 3378 4405 τούτου
3433 4352 3635 4422 δεσμοῦ
3684 4351 3962 4404 διαλυθὲν-

717 4445 844 4499 inde
870 4445 1068 4516 migrat
1098 4464 1109 4499 ε
1139 4445 1281 4497 foret
1310 4445 1454 4498 enim
1496 4444 1840 4509 immortalis,
1863 4444 1906 4497 si
1937 4444 2003 4497 ad
2033 4458 2090 4497 se
2119 4443 2295 4512 ipsam
2332 4515 2347 4517 ᾼ

2332 4515 2347 4517 ᾼ
2397 4465 2509 4512 τος,
2549 4447 2738 4515 ὥσπερ
2764 4449 2819 4499 ὲν
2853 4445 3042 4517 ἀτόμῳ
3077 4444 3109 4515 ἢ
3161 4445 3296 4516 ῥιπῇ
3322 4442 3653 4513 ηόφθαλμοῦ,
3713 4446 3743 4497 ὃ
3803 4461 3964 4513 φησιν

716 4515 1093 4606 colligeretur.
1125 4538 1196 4590 At
1223 4537 1326 4590 hoc
1360 4536 1690 4590 intertnedio
1725 4534 1943 4587 vinculo
1998 4532 2287 4598 dissoluto,
2324 4515 2365 4569 θ

2324 4515 2365 4569 D
2396 4537 2749 4601 Ἀπὸστολος,
2816 4534 2911 4589 τοῦ
2972 4515 3222 4604 σώματος
3284 4530 3471 4599 [Euan
3547 4533 3657 4587 Καὶ
3728 4536 3964 4588 τοσαῦτα

720 4637 975 4696 tanquam
1019 4628 1071 4681 in
1103 4627 1286 4695 spatio
1323 4625 1583 4692 temporis
1642 4622 1963 4693 impartibili
2019 4623 2101 4676 vel
2148 4622 2289 4675 oculi

720 4729 1023 4782 momento,
1081 4720 1222 4772 sicut
1248 4718 1543 4787 Apostolus
1599 4716 1864 4785 loquitur,
1891 4716 2070 4768 anima
2114 4729 2144 4767 e
2171 4728 2293 4768 cor-

720 4826 851 4880 pore
879 4810 1131 4863 discedt.
1163 4809 1225 4862 Et
1256 4810 1521 4863 lmelentts
1539 4809 1757 4874 quidem
1777 4807 1846 4860 de
1876 4806 2056 4859 anima
2084 4806 2292 4859 dictum

717 4914 858 4957 8510.

791 4991 977 5046 Fuerit
1009 5000 1194 5047 autem
1230 4991 1464 5056 pretium
1528 5004 1711 5059 operm
1772 4987 2022 5041 nonnihil
2078 5002 2178 5041 nos
2228 4987 2295 5041 iis

719 5086 884 5141 etiam
922 5084 1200 5139 immorari
1228 5098 1351 5152 quae
1377 5083 1444 5135 de
1471 5095 1703 5150 corpore
1732 5080 1950 5148 quidam
2003 5079 2131 5133 olitn
2186 5080 2297 5133 dis-

721 5186 1052 5239 seruerunt;
1096 5175 1256 5243 idque
1287 5174 1355 5227 de
1404 5188 1568 5227 causa
1615 5172 1959 5239 potissimum
2010 5184 2095 5233 ea,
2155 5170 2297 5238 quod

721 5282 818 5336 pro
841 5266 1199 5335 dispositione
1225 5264 1472 5333 corporis
1502 5271 1558 5317 et
1583 5261 1873 5314 aﬂ‘eetione
1925 5261 2105 5311 anima
2162 5273 2300 5325 quo-

718 5374 825 5428 que
874 5358 1225 5411 consueverit
1282 5370 1467 5425 agere.
1533 5352 1668 5407 Nam
1713 5351 2169 5421 quemadmodum
2218 5350 2299 5403 sol

723 5470 821 5522 pro
875 5452 1019 5507 aeris
1082 5452 1199 5505 sive
1265 5449 1519 5504 crassitie
1588 5445 1707 5500 sive
1766 5443 2066 5497 subtilitate
2120 5442 2299 5496 radios

721 5544 884 5597 etiam
913 5546 978 5597 ad
1010 5559 1112 5598 nos
1140 5544 1388 5598 diversos
1422 5538 1647 5604 emittit,
1676 5537 1755 5591 sic
1784 5544 1839 5589 et
1867 5537 2045 5587 anima
2082 5534 2132 5587 vi
2163 5550 2299 5604 pra:-

721 5631 833 5683 dita
866 5630 1245 5700 intelligentiae
1279 5644 1376 5698 pro
1428 5625 1779 5680 instrumenti
1815 5624 2110 5678 aﬂ'ectione
2145 5638 2299 5677 suam

723 5719 1099 5774 eliicacitatem
1134 5720 1401 5774 declarat.
1470 5717 1610 5771 Hinc
1638 5717 1908 5785 quosdam
1958 5728 2079 5767 esse
2122 5713 2301 5765 fatuos

726 5812 991 5873 videmus,
1018 5813 1281 5878 quosdam
1310 5828 1417 5866 non
1444 5812 1571 5865 item
1598 5826 1611 5876 ;
1662 5810 1788 5864 hinc
1822 5808 1957 5859 aiios
1988 5804 2303 5858 somnolen-

2395 4630 2496 4699 μὲν
2548 4631 2576 4682 ὀ
2627 4629 2785 4698 λόγος
2834 4629 2939 4701 ἥδη
2994 4628 3237 4698 διείληφε
3300 4625 3429 4696 περὶ
3487 4625 3659 4695 αὐτῆς
3719 4626 3818 4696 τῆς
3865 4626 3965 4694 ψυ-

2392 4724 2515 4793 xi:-

2468 4984 2796 5049 ’Λναγκιῖον
2867 4979 2923 5031 δὲ
2972 4974 3389 5046 προσδιατριψαι
3441 4973 3638 5044 μικρὸν
3703 4976 3802 5029 καὶ
3864 4979 3971 5038 τοῖς

2398 5074 2633 5127 ἔκπαλαι
2689 5073 2817 5143 περὶ
2870 5070 3036 5123 αὑτοῦ
3069 5067 3511 5138 φυσιολογηθείσι
3545 5067 3642 5118 τοῦ
3691 5068 3971 5136 σώματος.

2397 5166 2554 5227 Τίνος
2592 5165 2778 5217 ἕνεκεν
2807 5182 2820 5227 ;
2856 5163 2979 5215 Ὀτι
3002 5161 3144 5214 κατά
3172 5159 3277 5229 τὴν
3307 5156 3472 5212 αὑτοῦ
3502 5157 3751 5210 διάθεσιν
3778 5158 3971 5211 εῐωθεν

2400 5257 2604 5326 ἡψυχὴ
2635 5256 2902 5325 ἐνεργεῖν.
2958 5251 3228 5320 Καθάπερ
3261 5252 3371 5318 γάρ
3418 5249 3447 5301 ὁ
3500 5248 3760 5318 λαμπρὸς
3813 5242 3973 5311 οὗτος

2398 5351 2549 5421 ἥλιος
2572 5348 2712 5400 κατά
2736 5346 2835 5416 τὴν
2868 5344 2961 5396 τοῦ
3008 5342 3169 5411 ἀέρος
3209 5342 3319 5394 εἴτε
3372 5339 3666 5409 παχύτητα
3718 5340 3833 5392 εἴτε
3888 5340 3973 5392 λε·

2404 5441 2645 5511 πτότητα
2678 5438 2814 5508 πρὸς
2847 5436 3000 5507 ημᾶς
3030 5434 3130 5495 τὰς
3162 5434 3386 5494 ἀκτῖνας
3416 5432 3669 5500 ἀφίησιν,
3701 5430 3849 5484 οὕτω
3880 5431 3971 5482 καὶ

2402 5532 2565 5599 νοερὰ.
2586 5528 2731 5599 ψυχὴ
2763 5526 2905 5580 κατὰ
2931 5526 3032 5594 τὴν
3079 5523 3309 5593 ὀργάνου
3346 5521 3586 5573 διάθεσιν
3635 5521 3737 5591 τὴν
3766 5520 3972 5585 ἑαυτῆς

2402 5623 2684 5691 ὲνέργξιαν
2740 5619 3037 5671 δείκνυσιν.
3107 5613 3383 5667 Ἐντεῦθεν
3423 5614 3516 5667 καὶ
3568 5614 3755 5681 μωρὸν
3823 5611 3967 5664 ἐστιν

2405 5715 2533 5767 ἰδεῖν
2569 5712 2661 5764 καὶ
2704 5710 2777 5781 μὴ
2808 5704 3073 5769 τοιοῦτον,
3108 5702 3349 5772 ὑπνηλὸν
3400 5700 3494 5753 καὶ
3526 5701 3824 5769 γρηγορον,
3874 5697 3966 5747 ου-

2410 5798 2559 5870 μὼδη
2613 5801 2705 5851 καὶ
2758 5798 2954 5867 πρᾶον,
3029 5792 3273 5863 ἀνδρτῐον
3320 5789 3412 5843 καὶ
3465 5788 3661 5857 δειλὸν,
3716 5790 3810 5841 καὶ
3870 5787 3965 5839 ὅτι
