4204 6450
221 419 321 483 157

1445 412 1851 471 ANNALUIM
1894 412 2087 467 PARS
2129 413 2173 467 i.

3339 408 3437 465 153

224 535 469 590 τοιαῦτα.
516 532 627 587 Καὶ
661 532 734 603 μὴ
788 530 954 600 μῦθον
1003 529 1138 599 ἡγοῦ
1175 529 1244 580 τὰ
1296 528 1564 594 λεγόμενα
1591 542 1603 556 ·
1640 524 1781 595 ἔχεις
1810 525 1859 583 Α

1779 538 1781 579 τ
1810 525 1859 583 Α
1888 532 1992 584 tos,
2021 519 2157 573 alios
2192 516 2476 586 vigilantes
2500 532 2514 580 ;
2542 516 2677 570 alios
2714 516 3028 573 iracundos.
3082 516 3217 569 alios
3246 517 3439 580 mites;

228 635 333 697 γὰρ
358 628 449 680 τδν
472 625 721 696 Σιναττην
743 623 884 676 θεῖον
922 622 1272 675 ’Δναστάτιον
1300 619 1528 685 λέγοντα
1568 617 1643 685 μὴ
1689 616 1780 667 τὸν
1879 627 1888 663 :

1879 612 2015 664 alios
2038 609 2226 671 fortes,
2245 609 2378 661 alios
2402 607 2621 661 timidos
2643 607 2871 675 :quibus
2900 607 3005 677 74
3023 606 3157 659 adde
3180 621 3298 673 quin
3320 619 3443 660 sunt

228 720 359 772 Θεὸν
388 715 531 770 εἶναι
580 717 689 768 τῶν
716 715 971 768 τοιούτων
998 714 1192 775 αἴτιον,
1244 711 1415 781 αὐτὴν
1459 710 1514 762 δὲ
1581 709 1781 777 μᾶλλον
1881 721 1888 751 l

1881 702 1999 770 ejus
2034 702 2247 770 generis
2279 700 2406 753 alia.
2436 698 2547 753 Nec
2577 715 2678 767 pro
2710 699 2908 753 fabulis
2941 701 3053 751 lum:
3073 700 3166 751 tibi
3196 700 3442 751 ducenda

227 810 324 877 τὴν
355 807 518 875 φύσιν
541 808 637 860 καὶ
666 807 764 877 τὴν
799 804 909 857 τῶν
938 803 1223 871 τεσσάρων
1256 802 1538 869 στοιχείων
1563 799 1784 868 συνδρο-

230 900 337 967 μὴν
368 898 466 951 καὶ
488 898 825 950 συνέλευσιν.
858 898 958 949 ’Ἂν
990 896 1103 965 γάρ
1132 894 1331 964 εὑρεθῇ
1365 891 1671 961 πλημμύρα
1688 889 1782 943 τοῦ

228 989 429 1058 θερμοῦ
463 989 725 1056 στοιχείου
755 990 812 1039 ὲν
835 990 901 1056 τῇ
935 988 1055 1056 ὥρᾳ
1078 986 1180 1053 τῆς
1232 984 1324 1037 τοῦ
1381 984 1614 1052 βρέφους
1658 983 1784 1033 συλ-

229 1077 463 1143 λήψεως,
495 1076 703 1145 θερμῆς
763 1076 1014 1144 κράσεως
1058 1076 1118 1127 τὸ
1168 1074 1486 1142 τικτόμενον
1537 1073 1781 1140 γίνεται·

226 1169 322 1222 ὲάν
346 1169 402 1220 δὲ
431 1167 490 1219 τὸ
518 1166 728 1236 ψυχρὸν
761 1166 1223 1236 καθυπερτερήσῃ
1263 1167 1548 1232 στοιχεῖον,
1579 1164 1787 1231 ψυχρο-

228 1258 391 1325 τέρας
426 1255 590 1319 ἕξεως
634 1254 949 1323 εὑρίσκεται
1013 1254 1073 1306 τδ
1114 1253 1455 1321 τικτόμενον.
1506 1251 1787 1305 Ἐντεῦθεν

226 1346 414 1397 λοιπὸν
441 1347 468 1398 ὃ
507 1361 567 1397 τε
599 1343 857 1412 θυμώδης
895 1345 988 1395 καὶ
1021 1345 1049 1395 6
1082 1345 1274 1410 πρᾶος,
1322 1344 1349 1394 6
1397 1342 1641 1409 ἀνδρεῖος
1693 1344 1787 1395 καὶ

226 1428 417 1496 δειλός.
448 1436 557 1488 Καὶ
581 1437 681 1502 δρα
721 1435 813 1486 τὸν
881 1434 975 1487 σῦν
1013 1436 1109 1487 xui.
1157 1434 1247 1487 τὸν
1297 1433 1516 1500 ἔλαφον,
1551 1434 1642 1485 τὸν
1692 1434 1788 1501 μὲν

229 1528 367 1593 πρὸς
399 1526 636 1594 πόλεμον
656 1524 881 1594 ἕτοιμον
910 1525 998 1576 διὰ
1031 1524 1366 1593 θερμότητα,
1425 1523 1520 1576 τὸν
1571 1523 1629 1574 δὲ
1690 1522 1789 1590 τὴν

231 1617 412 1683 μάχην
473 1613 744 1681 φεύγοντα
823 1613 909 1665 διὰ
969 1613 1068 1683 τὴν
1130 1616 1194 1682 ἐκ
1252 1613 1588 1683 ψυχρότητος
1640 1610 1789 1678 αὐτῷ

229 1703 541 1770 προσοῦσαν
572 1702 797 1754 δειλίαν.
850 1702 978 1754 Ἐὰν
1006 1702 1062 1755 δὲ
1119 1703 1178 1753 τὸ
1232 1701 1393 1771 ξηρὸν
1437 1701 1790 1769 ύπερτερήσῃ

230 1796 521 1861 στοιχεῖον,
566 1794 831 1863 νηφάλιον
856 1810 979 1846 τινα
1035 1794 1131 1847 καὶ
1171 1796 1447 1864 γρήγορον
1508 1794 1789 1846 ἀποτίκτει

227 1880 533 1950 ἄνθρωπον.
572 1881 688 1951 Ἐφ’
710 1875 755 1949 ᾧ
788 1883 881 1935 καί
910 1900 993 1946 τις
1015 1883 1194 1950 σοφὸς,
1227 1878 1271 1951 ᾧ
1291 1883 1464 1952 ὄνομα
1503 1881 1789 1950 Ἠράκλει-

226 1988 339 2033 τος,
376 1972 548 2039 ἔλεγε,
589 1990 608 2023 ι
635 1972 782 2043 ψυχὴ
811 1972 1077 2042 ξηροτέρη
1104 1974 1407 2044 σοφωτέρη,
1447 1992 1465 2027 ι
1499 1973 1675 2042 ψυχὴν
1699 1973 1788 2023 ὲν-

224 2062 403 2139 ταῦθα
437 2064 536 2131 τὴν
570 2062 665 2116 τοῦ
700 2063 1005 2131 ἐγκεφάλου
1053 2065 1288 2127 καλέσας
1329 2065 1537 2118 οὐσίαν.
1576 2065 1703 2117 Ἐἀν
1735 2064 1792 2116 δὲ

226 2151 288 2203 τὸ
328 2151 493 2220 ὑγρὸν
531 2152 800 2222 πλεονάσῃ
831 2154 1112 2222 στοιχεῖον.
1149 2153 1353 2223 νωθρόν
1379 2171 1502 2206 τινα
1529 2155 1672 2206 ποιεῖ
1700 2152 1793 2206 καὶ

226 2242 569 2310 δυσκίνητον.
613 2242 771 2294 Κατά
802 2242 973 2296 ταῦτα
1017 2243 1203 2296 λοιπὸν
1223 2246 1255 2312 ἡ
1287 2245 1350 2296 ὲκ
1379 2245 1593 2312 φύσεως
1626 2243 1795 2313 πραό-

228 2348 332 2398 της
382 2331 643 2401 φρόνησίς
682 2349 739 2385 τε
790 2335 884 2385 καὶ
927 2335 1244 2403 σωφροσύνη
1290 2335 1390 2387 οὐκ
1439 2336 1630 2403 ἀρεταὶ
1683 2336 1794 2397 τοῖς

231 2422 399 2485 θείοις
420 2423 665 2491 Πατράσι
686 2423 984 2494 κρίνονται,
1012 2424 1219 2493 φυσικά
1246 2424 1302 2477 δὲ
1324 2425 1794 2493 πλεονεκτήματα.

233 2514 346 2565 Καὶ
377 2513 647 2582 πρόσσχες
677 2515 827 2581 αὑτῷ
877 2515 953 2584 τῷ
999 2514 1219 2585 μεγάλῳ
1256 2516 1517 2585 Βασιλείῳ
1550 2514 1792 2582 λέγοντι·

241 2622 260 2655 ι
301 2605 538 2662 Πολλοὺς
571 2604 743 2672 ἔγνων
774 2605 932 2671 φύσει
972 2605 1265 2675 μισοῦντας
1286 2606 1344 2658 τὸ
1377 2606 1667 2675 μίγνυσθαι
1697 2621 1797 2673 γυ-

232 2698 407 2749 ναικί.
434 2691 557 2764 ⁷Δρ’
588 2691 682 2749 οῦν
727 2694 1009 2765 σώφρονας
1044 2697 1240 2758 αὐτοὺς
1276 2697 1657 2765 ὀνομάσομεν;
1691 2698 1798 2751 Οὐ-

233 2784 457 2853 δαμῶς’
500 2785 823 2855 σωφροσύνη
850 2785 959 2854 γάρ
984 2787 1130 2839 ἐστιν
1155 2786 1291 2854 αὐτὴ
1326 2788 1358 2856 ή
1388 2787 1677 2855 ἐγκράτεια
1707 2788 1800 2840 καὶ

234 2876 295 2926 τὸ
330 2875 639 2945 μαχόμενον
666 2877 1046 2944 περιγενέσθαι
1075 2878 1184 2931 τῶν
1206 2877 1425 2947 ἡδονῶν.
1470 2897 1487 2929 ι
1531 2880 1639 2932 Καὶ
1673 2880 1799 2951 περὶ

237 2968 340 3035 μὲν
365 2967 571 3021 τούτων
591 2966 784 3031 οὕτως.

419 3319 559 3387 Περὶ
592 3320 694 3375 τοῦ
715 3336 728 3350 ·
773 3338 791 3372 ι
843 3324 1196 3395 Ποιήσωμεν
1230 3328 1565 3398 ἄνθρωπον.
1605 3350 1624 3382 ι

313 3409 414 3462 Διά
443 3412 494 3463 τί
522 3412 576 3463 δὲ
601 3412 848 3468 πλάττων
872 3417 901 3468 6
928 3415 1059 3480 Θεδς
1090 3418 1180 3472 τὸν
1209 3419 1494 3489 ἄνθρωπον
1520 3424 1619 3475 οὐκ
1647 3421 1805 3474 ἔλαϐε

240 3501 440 3569 βῶλον,
473 3502 606 3558 ἀλλὰ
655 3505 782 3576 χοῦν
822 3506 883 3560 τὸ
906 3508 1267 3575 λεπτότατονς
1303 3513 1439 3583 ὁμοῦ
1481 3514 1580 3582 μὲν
1601 3517 1663 3567 ὲκ
1687 3515 1808 3567 τούο

234 3612 334 3648 του
364 3597 460 3647 καὶ
494 3597 553 3649 τὸ
585 3596 814 3667 φύσημα
840 3600 1222 3653 καταστέλλων
1248 3601 1426 3670 ήμῶν,
1456 3603 1590 3673 ὁμοῦ
1619 3604 1672 3657 δὲ
1715 3604 1809 3657 καὶ⁵

234 3686 418 3746 διδοὺς
473 3684 722 3740 ἐντεῦθεν
769 3687 962 3741 ἐλπίδα
1021 3690 1121 3759 τῆς
1171 3691 1544 3756 ἀναστάσεως.
1594 3694 1810 3766 Ἐπειδὴ

239 3775 473 3844 προῄδει
526 3778 607 3829 ὅτι
652 3776 837 3844 μέλλει
881 3778 1142 3851 τελευτᾷν
1188 3782 1249 3835 τὸ
1281 3782 1419 3845 ζῶον
1451 3783 1545 3837 καὶ
1576 3784 1650 3846 είς
1682 3787 1811 3853 χοῦν

240 3866 545 3935 καταντᾷν,
581 3866 868 3935 προλαϐὼν
914 3870 973 3923 ὲν
1016 3872 1083 3940 τῇ
1137 3872 1470 3942 δημιουργίᾳ
1492 3873 1590 3943 τὴν
1619 3874 1812 3929 ἑλπίδι

233 3956 342 4023 τῆς
372 3957 720 4020 ἀναστάσεως
746 3958 951 4014 δίδωσι.
972 3961 1254 4031 Λαμσάνει
1281 3962 1409 4032 χοῦν
1434 3964 1542 4017 ἀπὸ
1565 3965 1663 4035 τῆς
1683 3966 1811 4036 γῆς,

238 4046 309 4099 ἶν’
336 4047 471 4099 ὅταν
500 4045 701 4118 ἴδῃςὲν
729 4048 888 4119 τάφῳ
918 4050 1068 4120 χοῦν,
1103 4051 1245 4121 γνῷς
1281 4054 1364 4107 δτι
1389 4054 1417 4106 6
1441 4056 1650 4108 ἐκεῖνον
1681 4056 1814 4108 πλά-

237 4153 343 4200 σας
378 4138 471 4190 καὶ
500 4138 688 4192 τοῦτον
730 4140 1036 4210 ἀνίστησιν.
1078 4142 1238 4196 Ἀλλά
1289 4146 1384 4199 καὶ
1427 4144 1573 4208 τίνος
1604 4147 1810 4214 ἕνεκεν,

238 4227 552 4297 ἐπιζητεῖς,
584 4229 806 4284 διπλοῦν
850 4232 1075 4287 πλάττει
1098 4234 1189 4287 τὸν
1217 4233 1503 4305 ἄνθρωπον
1524 4238 1588 4291 εκ
1618 4255 1678 4292 τε
1709 4239 1814 4309 ψυ-

236 4319 348 4389 χῆς
381 4322 571 4390 νοερᾶς
596 4324 690 4376 καὶ
723 4322 1004 4393 σώματοςς
1034 4325 1195 4379 Ὠστε
1227 4327 1521 4397 σύνδεσμον
1545 4325 1687 4384 εἶναι
1719 4331 1812 4385 τοῦ

241 4429 306 4465 τε
341 4412 537 4482 νοητοῦ
578 4414 784 4484 κόσμου
817 4417 911 4469 καὶ
946 4417 1042 4471 τοῦ
1065 4418 1347 4486 αἰσθητοῦ.
1388 4421 1608 4494 Ἐπειδὴ
1630 4424 1738 4495 γὰρ
1765 4425 1814 4477 οί

234 4503 339 4555 δύο
369 4504 566 4572 κόσμοι
591 4499 738 4559 οῦτοι
761 4509 827 4575 τῇ
870 4508 1031 4577 οὐσίᾳ.
1065 4510 1433 4581 διεστήκασιν,
1470 4513 1555 4566 ἵνα
1588 4516 1663 4584 μὴ
1694 4515 1812 4568 δια-

1883 801 2030 846 sunt.
2062 792 2275 861 Quippe
2309 793 2389 844 vir
2424 792 2679 855 eximius,
2724 792 3042 844 Anastasius
3076 791 3335 847 Sinaites.
3372 793 3448 842 ait

1887 884 2052 937 Deum
2076 898 2186 936 non
2217 897 2337 937 esse
2369 882 2556 935 talium
2594 890 2894 941 auctorem,
2934 884 3023 934 sed
3071 883 3237 949 ipsam
3268 883 3445 949 potin:

1884 983 2128 1027 naturam
2160 985 2212 1025 et
2246 974 2637 1026 elementorum
2664 982 2899 1039 quatuor
2928 986 3279 1025 concursum.
3314 974 3444 1024 Nam

1886 1066 1931 1119 si
1966 1064 2220 1117 elementi
2247 1064 2405 1117 calidi
2438 1063 2767 1116 abundantia
2801 1072 3043 1129 tempore.
3072 1064 3447 1130 coniceptiouis

1887 1156 2213 1220 inveniatur,
2265 1164 2749 1222 temperamentum
2784 1169 3000 1220 quoque
3032 1154 3263 1206 calidum
3326 1170 3452 1205 αῖον-

1887 1247 2131 1313 sequitur
2162 1246 2213 1299 id
2247 1246 2389 1313 quod
2420 1254 2531 1299 tum
2564 1245 2822 1315 gignitur.
2856 1244 2949 1297 Sin
2983 1244 3239 1298 elementi
3275 1245 3451 1311 frigidi

1888 1338 1970 1391 vis
2012 1339 2182 1407 major
2234 1336 2419 1400 fuerit,
2452 1337 2593 1391 fetus
2624 1337 2785 1390 etiam
2841 1336 3067 1405 frigidus
3117 1345 3451 1405 procreatur.

1893 1426 2095 1479 Eadem
2125 1429 2191 1481 de
2226 1442 2389 1481 causa
2419 1429 2503 1481 vel
2538 1428 2783 1480 iracundi
2818 1428 2898 1479 vel
2933 1428 3113 1490 mites,
3172 1430 3254 1480 vel
3290 1427 3457 1480 furti-3

1889 1519 1973 1572 vcl
2031 1518 2373 1573 formidolosi
2426 1518 2675 1571 homines
2727 1522 3043 1587 gignuntur.
3103 1520 3305 1585 Aprum
3372 1520 3456 1571 hic

1891 1609 2022 1660 mihi
2060 1623 2182 1661 cum
2218 1624 2383 1662 cervo
2418 1611 2651 1672 intucre,
2688 1624 2917 1674 quorum
2981 1610 3070 1661 ille
3127 1620 3342 1675 paratus
3368 1618 3451 1660 cst

1890 1698 1956 1749 ad
1992 1711 2226 1765 pugnam
2263 1697 2331 1750 ob
2366 1697 2624 1756 calorem,
2656 1698 2744 1750 hic
2776 1711 3010 1765 pugnam
3046 1698 3365 1749 reformidat
3401 1706 3457 1750 el.

1894 1787 2030 1856 fugit
2060 1789 2129 1841 ob
2159 1802 2277 1841 eam
2323 1802 2484 1855 quam
2521 1787 2680 1840 habet
2723 1802 2789 1840 ex
2839 1786 3037 1852 ftigore
3093 1787 3456 1841 timiditatem.

1892 1878 2091 1943 Quodsi
2121 1878 2480 1932 abundaverit
2508 1878 2637 1931 sicci
2684 1879 2765 1932 vis
2811 1878 3087 1940 elementi,
3148 1878 3310 1932 homo
3359 1894 3460 1933 so-

1892 1970 2045 2023 brius
2079 1980 2242 2037 atque
2277 1969 2402 2037 vigil
2442 1978 2788 2037 procreatur.
2843 1969 2916 2021 De
2952 1982 3060 2036 quo
3088 1970 3302 2036 priscus
3334 1969 3461 2036 qui-

1893 2061 2015 2113 dam
2068 2060 2430 2128 philosophus
2480 2058 2783 2114 Heraclitus
2832 2059 2991 2122 dixit,
3046 2060 3306 2121 animam,
3350 2074 3461 2127 quo

1892 2152 2091 2207 siccior
2104 2152 2196 2217 sit,
2211 2166 2277 2206 eo
2295 2152 2681 2221 sapientiorem
2704 2150 2935 2218 ;quibus
2954 2151 3005 2202 in
3028 2151 3210 2204 verbis
3227 2151 3457 2203 animam

1894 2253 2050 2298 vocat
2077 2243 2368 2297 essentiam
2397 2242 2626 2296 cerebri.
2677 2242 2733 2294 Si
2788 2242 3022 2310 denique
3071 2242 3228 2310 copia
3282 2241 3459 2311 frigidi

1895 2334 2146 2388 elementi
2164 2333 2523 2402 superaverit,
2540 2332 2774 2401 gignitur
2790 2332 3015 2399 ignavus
3035 2332 3253 2400 quidam
3275 2331 3462 2392 homo,

1895 2427 2096 2495 quique
2122 2425 2410 2479 difﬁculter
2432 2424 2499 2478 ad
2535 2421 2801 2493 agéudum
2835 2423 3151 2491 impellitur.
3182 2422 3299 2488 Quo
3326 2422 3382 2476 lit
3406 2433 3465 2476 ιιι

1898 2517 2191 2571 naturalem
2222 2516 2717 2579 mansuetudinem,
2749 2516 3115 2583 prudentiam,
3157 2525 3467 2583 temperan-

1900 2608 2028 2661 tiam
2058 2622 2166 2660 non
2195 2608 2457 2661 virtutum
2514 2598 2633 2661 loco
2657 2604 2828 2659 divini
2863 2605 3049 2659 Patres
3083 2606 3338 2665 habeant.
3372 2605 3467 2657 sed

1898 2714 2019 2754 esse
2055 2700 2323 2753 naturalia
2349 2698 2593 2767 quaedam
2629 2696 2923 2763 beneﬁcia,
2974 2699 3172 2765 quibus
3200 2698 3470 2750 excellant

1899 2790 2036 2845 alios
2061 2791 2173 2854 alii,
2198 2799 2460 2846 statuant.
2499 2789 2732 2869 Basilius
2763 2791 2892 2859 quid
2942 2789 3109 2847 dicat.
3162 2787 3464 2841 advertito:

1906 2881 2131 2935 «Multos
2188 2881 2315 2934 novi
2359 2880 2451 2950 qui
2512 2895 2541 2933 a
2599 2888 2791 2933 natura
2849 2881 3161 2947 complexus
3201 2890 3471 2932 Venet-cos

1901 2972 2085 3027 odere.
2141 2970 2279 3024 Num
2319 2984 2415 3025 eos
2453 2980 2820 3040 temperantes
2872 2969 3224 3023 vocabimus?
3256 2966 3470 3035 Nequa-

1903 3076 2100 3132 quam;
2136 3076 2262 3113 nam
2299 3062 2659 3129 temperantia
2689 3070 2775 3115 est
2809 3062 3149 3115 continentia
3197 3061 3471 3130 qua-dam,

1905 3168 2009 3221 qua
2037 3153 2342 3221 voluptates
2377 3141 2662 3206 nobiscum
2700 3160 3008 3221 pugnantes
3037 3152 3358 3206 vincimus.»
3394 3152 3472 3205 Ac

1831 3263 1878 3323 η
1906 3240 1971 3295 de
1996 3240 2081 3294 bis
2104 3241 2319 3309 quidem
2351 3240 2454 3293 hoc
2482 3240 2643 3294 modo
2675 3240 2878 3293 dictum
2908 3250 3048 3294 esto.

2179 3335 2240 3385 1η
2267 3332 2421 3394 illud,
2460 3329 2785 3384 «Faciamus
2806 3332 3067 3385 hominem
3086 3331 3187 3383 ⁸⁵.»

1982 3426 2092 3480 Cur
2125 3434 2305 3479 autem
2350 3424 2489 3478 Deus
2517 3424 2794 3477 hominem
2843 3438 3037 3478 creans
3090 3437 3200 3477 non
3236 3422 3469 3489 glebam,

1908 3517 2003 3572 sed
2039 3516 2338 3586 pulverem,
2371 3514 2463 3583 qui
2513 3521 2598 3567 est
2653 3514 2943 3569 admodum
3001 3524 3163 3569 tenue
3194 3515 3469 3583 quiddam,

1910 3607 2183 3676 sumpsit?
2211 3605 2480 3659 Nimirum
2511 3606 2616 3661 hoc
2638 3606 2800 3660 modo
2834 3606 3007 3660 voluit
3029 3604 3191 3658 simul
3248 3614 3357 3658 tum
3392 3606 3476 3658 in-

1909 3698 2182 3753 nationem
2206 3706 2449 3752 nostram
2482 3697 2875 3767 comprimere,
2914 3706 3027 3751 tum
3062 3697 3478 3751 resurrectionis

1911 3802 2065 3859 spem
2089 3787 2290 3842 facere.
2317 3787 2451 3842 Nam
2478 3788 2606 3857 quia
2628 3796 2785 3841 norat
2813 3786 3014 3841 animal
3047 3788 3152 3841 hoc
3206 3787 3474 3845 emoritu-

1912 3895 2034 3937 rum
2068 3888 2123 3935 et
2148 3880 2203 3934 in
2236 3879 2514 3950 pulverem
2538 3893 2908 3942 reversurum,
2962 3879 3079 3948 ipsa
3118 3881 3170 3931 in
3199 3879 3477 3933 creatione

1911 3972 2063 4027 velut
2085 3980 2437 4026 antevertens
2463 3986 2615 4041 spem
2656 3971 2818 4025 nobis
2865 3970 2933 4025 de
2968 3970 3368 4025 resurrectione
3404 3969 3481 4023 fa-

1912 4078 2038 4120 cere
2063 4063 2256 4117 voluit.
2322 4062 2507 4132 Itaque
2557 4062 2840 4132 pulverem
2898 4063 2965 4116 de
3000 4072 3142 4114 terra
3196 4064 3383 4126 sumit,
3421 4072 3480 4114 ut

1913 4171 2037 4211 cum
2072 4156 2348 4226 pulverem
2407 4156 2460 4208 in
2516 4153 2765 4223 sepulcro
2801 4153 3097 4222 conspicis,
3150 4153 3289 4207 scias
3351 4168 3476 4207 eum

1913 4246 2005 4316 qui
2044 4245 2315 4299 hominem
2342 4244 2585 4299 formarit
2611 4244 2789 4314 ipsum
2814 4244 2976 4298 etiam
2997 4243 3478 4298 recuscitaturum.

1918 4334 2193 4392 Fortassis
2225 4336 2388 4390 etiam
2431 4350 2645 4405 quaeres
2683 4336 3037 4405 quamobrem
3072 4335 3270 4389 crearit
3299 4336 3481 4389 humi-

1918 4442 2043 4483 nem
2083 4427 2378 4496 duplicem,
2414 4427 2596 4481 anima
2627 4427 2884 4481 nimirum
2930 4426 3301 4496 intelligentia:
3331 4441 3485 4479 men-

1922 4518 2095 4587 tisque
2126 4517 2386 4587 participe
2417 4517 2702 4587 praeditum
2724 4525 2776 4570 et
2803 4530 3052 4583 corpore.
3082 4514 3349 4568 Nimirum
3374 4531 3484 4583 quo

236 4594 451 4665 φόρους
494 4596 760 4668 εἰσαγάγῃ
799 4598 1185 4669 δημιουργοὺς,
1232 4601 1450 4655 διπλοῦν
1482 4603 1620 4667 ζῶον
1652 4583 1710 4657 ἐν
1738 4606 1815 4675 τῷ
1845 4583 1893 4642 D

1845 4583 1893 4642 θ
1919 4583 2094 4664 ηεέιιε
2118 4583 2339 4679 quidam
2370 4583 2508 4664 foret
2536 4607 2871 4663 intellectilis
2899 4622 2963 4662 ac
3014 4606 3231 4661 sensilis
3271 4607 3480 4660 mundi.

235 4687 444 4755 κόσμῳ
472 4686 562 4739 τὸν
594 4687 881 4759 ἄνθρωπον
915 4690 1183 4755 τέθεικεν,
1225 4692 1299 4755 ὡς
1327 4693 1575 4748 ἐντεῦθεν
1605 4696 1699 4748 ἕνα
1722 4697 1816 4767 δηο

236 4779 517 4849 μιουργδν
550 4781 659 4832 τῶν
686 4784 799 4836 ἀνω
828 4799 887 4835 τε
923 4786 1018 4838 καὶ
1047 4784 1156 4837 τῶν
1186 4775 1334 4839 κάτω
1358 4786 1745 4858 κηρύττεσθαι.

1919 4698 2056 4753 Nam
2086 4716 2207 4755 cum
2242 4699 2295 4754 hi
2324 4700 2433 4755 duo
2464 4699 2651 4752 mundi
2673 4700 2908 4754 essentia
2940 4714 3037 4751 sua
3076 4698 3309 4765 separati
3352 4699 3483 4765 sint,

1923 4806 1993 4844 ne
2029 4790 2228 4845 diversi
2257 4790 2420 4845 etiam
2448 4788 2671 4858 Opifices
2727 4789 3191 4851 existimarentur,
3209 4790 3482 4842 hominem

230 4873 452 4927 animal
480 4873 681 4943 duplex
712 4876 763 4927 in
798 4879 999 4930 mundo
1038 4878 1346 4949 constituit,
1401 4892 1460 4935 ut
1500 4883 1629 4937 hinc
1673 4899 1816 4939 unus
1854 4900 1975 4940 esse
1999 4895 2107 4939 tam
2138 4900 2457 4955 superarum
2486 4900 2551 4940 ac
2606 4884 2912 4939 cmlestium
2961 4900 3123 4955 quam
3190 4881 3485 4938 inl’erarum

232 4981 434 5020 rerum
465 4975 680 5019 creator
706 4966 1117 5037 intelligeretur.

322 5078 343 5108 ι
393 5059 713 5127 Ποιήσωμεν
740 5061 1024 5129 ἄνθρωπον
1062 5062 1188 5112 κατ’
1227 5061 1412 5116 είκὸνα
1455 5064 1751 5137 ἡμετέραν.
1795 5086 1814 5119 ι

230 5153 352 5206 Διά
377 5150 431 5203 τί
470 5151 531 5202 τὸ
561 5154 625 5203 ἐκ
658 5149 911 5218 σώματος
949 5151 1045 5203 καὶ
1079 5153 1255 5221 ψυχῆς
1286 5156 1538 5207 συντεθὲν
1564 5156 1702 5219 ζῶον
1727 5157 1821 5211 ἄν.

232 5246 476 5312 Opus-rev
498 5243 782 5313 ὠνόμασεν
809 5240 1048 5313 ἡΓραφή
1073 5259 1087 5306 ;
1122 5244 1182 5296 ’0
1199 5243 1481 5314 ἄνθρωπος
1500 5249 1565 5317 τῇ
1580 5247 1821 5317 Ἐϐραΐδι

228 5336 522 5404 διαλέκτῳ
558 5333 667 5403 πῦρ
712 5333 952 5400 λέγεται.
1001 5334 1109 5387 Καὶ
1151 5336 1339 5408 ἐπειδὴ
1373 5338 1593 5408 προῄδει
1636 5341 1664 5390 6
1689 5338 1819 5402 Θεὸς

228 5434 332 5486 ὅτι
367 5429 481 5482 ἀπὸ
523 5426 639 5489 ἑνὸς
669 5427 955 5501 ἀνθρώπου
985 5427 1336 5495 ἀνθρωπίνων
1367 5430 1636 5497 σωμάτων
1675 5431 1818 5499 πλη-

233 5522 450 5596 ροῦται
482 5520 582 5589 τῆς
619 5520 949 5588 οἰκουμένης
988 5521 1056 5573 τά
1089 5521 1319 5589 πέρατα,
1349 5516 1431 5584 εἷς
1454 5520 1657 5591 ξλύχνος
1698 5522 1821 5586 ἐξά-

2001 5069 2344 5133 tFaciamus,
2370 5067 2543 5138 inquit
2584 5069 2749 5132 Deus,
2778 5068 3057 5122 hominem
3091 5066 3157 5121 ad
3194 5065 3483 5138 imaginem

1923 5174 2190 5217 nostram.
2206 5179 2223 5211 ι
2254 5160 2364 5215 Cur
2387 5175 2454 5213 ex
2478 5159 2660 5213 anima
2714 5174 3059 5228 corporeque
3084 5157 3189 5228 75
3213 5160 3489 5228 composi-

1928 5264 2040 5308 tum
2071 5252 2272 5307 animal
2306 5252 2524 5305 Litterae
2554 5266 2723 5305 sacra:
2754 5251 3028 5304 hominem
3054 5251 3487 5320 appellant?\'u-

1923 5344 2175 5398 cabulum
2203 5346 2349 5412 quod
2389 5342 2665 5396 hominem
2703 5341 2991 5407 signiﬁcat,
3063 5342 3239 5411 ignem
3296 5340 3349 5394 iu
3381 5340 3487 5394 lle-

1927 5435 2069 5489 brtea
2108 5434 2285 5505 lingua
2316 5434 2561 5488 denotat.
2624 5435 2690 5488 Et
2736 5438 2956 5502 quando
2984 5442 3142 5487 norat
3186 5434 3296 5503 jam
3362 5442 3489 5485 ante

1931 5522 2071 5577 Deus
2099 5539 2263 5576 unum
2298 5523 2572 5577 hominem
2608 5526 2926 5593 corporibus
2982 5523 3237 5576 humanis
3297 5538 3489 5577 omnes

232 5632 387 5672 πτει
412 5612 681 5673 τοσαύτας
704 5611 1013 5682 λαμπάδας,
1042 5612 1130 5667 διὰ
1150 5612 1307 5666 τοῦτο
1336 5614 1396 5666 τὸ
1424 5615 1660 5668 τοιοῦτον
1684 5614 1822 5677 ζῶον

1929 5616 2080 5671 orbis
2114 5616 2249 5670 ﬁnes
2276 5616 2612 5685 repleturum
2651 5631 2925 5684 unamque
2949 5616 3221 5669 lucernam
3256 5624 3326 5667 tot
3354 5615 3491 5667 lam-

234 5707 523 5762 ἐκάλεσεν
563 5704 869 5774 ἄνθρωπον,
905 5705 1152 5760 τουτέστι
1187 5706 1316 5776 πῦρ,
1348 5707 1467 5762 Τῶν
1510 5707 1616 5777 γὰρ
1647 5708 1823 5764 ἄλλων

1932 5707 2099 5779 padas
2128 5722 2503 5770 accensurum,
2573 5706 2775 5761 idcirco
2810 5704 3009 5759 animal
3059 5704 3160 5760 hoc
3201 5703 3490 5774 appellavit

328 5799 376 5831 "
409 5797 545 5853 Gen.
582 5808 617 5857 t.
654 5796 746 5851 ‘26.
