4204 6450
706 369 807 430 159

1938 375 2363 435 MlCIIAEHS
2404 374 2663 434 GLYCJE

3839 380 3938 442 160
3966 372 3969 373 ⁷

702 477 1008 539 Lominem,
1038 475 1091 529 id
1121 484 1202 530 cst
1231 475 1433 544 ignem.
1487 476 1621 531 Nam
1674 478 1945 534 elementa
1977 489 2169 536 caetera
2194 483 2238 535 si

2339 486 2654 554 ,στοιχείων
2702 484 2934 538 ἕκαστον
2977 484 3051 543 ὡς
3099 484 3215 539 ἔστι
3269 485 3441 555 μένει.
3476 479 3600 539 Οἷον
3648 488 3743 541 ἐὰν
3768 488 3943 561 λάϐῃς

700 578 924 621 manent
958 576 1018 621 ut
1048 566 1343 622 exsistunt.
1395 567 1450 621 Si
1508 583 1703 637 aquam
1755 585 2009 625 mensura
2039 573 2271 640 quadam

697 660 902 727 capias.
936 668 1121 713 manet
1159 659 1347 713 eadem
1378 675 1519 729 aqua
1542 662 2058 716 necincrementum
2081 664 2266 718 sumit.

697 750 751 801 Si
790 759 964 802 utrem
996 764 1122 803 aere
1151 750 1449 818 compleas,
1484 753 1615 804 'non
1668 761 1824 820 potes
1876 767 1943 807 ex
1991 768 2059 808 eo
2092 764 2268 809 utrem

696 840 856 892 alium
890 841 1118 907 replere.
1154 838 1357 894 Verum
1389 841 1528 910 ignis
1568 841 1640 895 ita
1673 856 1783 895 non
1816 853 2002 896 manet
2034 853 2091 897 ut
2124 845 2268 898 exsi-

694 932 809 991 stit.
839 932 933 985 sed
967 947 1075 999 quo
1109 931 1355 984 materiei
1387 933 1508 1000 plus
1542 933 1917 1001 acquisiverit,
1957 950 2025 989 eo
2061 936 2119 988 iit
2144 951 2261 988 ma-

688 1021 797 1087 jor.
832 1022 1022 1074 Itidem
1052 1022 1096 1075 si
1134 1037 1239 1074 una
1271 1022 1494 1076 lucerna
1530 1025 1730 1076 multas
1756 1024 1890 1078 alias
1923 1026 2263 1091 aceeuderis,

692 1110 897 1163 idcirco
926 1110 1039 1178 ipsa
1078 1126 1185 1163 non
1216 1111 1586 1166 exhaurietur.
1614 1114 1958 1184 Quapropter
1984 1128 2129 1170 recte
2161 1118 2263 1169 ho-

689 1200 820 1251 mini
858 1214 1054 1252 nomen
1088 1200 1191 1254 hoc
1214 1202 1446 1256 inditum
1478 1213 1582 1262 est.
1619 1204 1759 1258 sicut
1788 1205 1977 1258 eadem
2013 1220 2077 1259 ex
2102 1221 2263 1261 causa

687 1292 941 1344 eumdem
971 1292 1236 1345 Adamum
1270 1294 1412 1348 Deus
1443 1295 1755 1363 appellavit.
1786 1294 1917 1349 Nam
1951 1298 2073 1364 quia
2111 1307 2263 1352 terra:

688 1387 923 1444 quatuor
979 1378 1195 1432 climata
1224 1382 1597 1450 completurus
1626 1393 1768 1446 erat,
1815 1400 1919 1437 non
1949 1384 2046 1440 abs
2079 1402 2135 1440 re
2162 1403 2258 1443 no-

687 1482 809 1520 men
848 1467 951 1521 hoc
980 1481 1313 1525 consecutus
1348 1482 1452 1526 est.
1508 1472 1642 1541 Ejus
1670 1472 1804 1526 mihi
1833 1489 2017 1542 quaso
2051 1476 2261 1532 litteras

684 1558 996 1622 considera,
1028 1576 1149 1628 qu:e
1183 1573 1418 1629 quatuor
1477 1563 1566 1617 illa
1623 1564 1841 1619 climata
1896 1566 2177 1624 denotant.
2215 1569 2260 1621 Α

682 1647 950 1716 δῖειιὶίίρηι
988 1652 1269 1715 auatolen,
1300 1653 1403 1706 hoc
1449 1662 1533 1708 est
1586 1664 1795 1719 ortum;
1852 1655 1895 1709 Ι)
1922 1658 2101 1729 dysin,
2140 1660 2245 1713 hoc

683 1747 763 1789 est
788 1736 1129 1791 occidentem
1154 1759 1168 1805 ;
1196 1742 1237 1793 Α
1268 1756 1456 1795 rursus
1481 1753 1710 1807 arctum,
1740 1746 1841 1800 hoc
1866 1757 1949 1801 est
1981 1764 2157 1802 ursam
2191 1765 2256 1803 ac

2377 574 2547 643 βῶλον
2587 577 2687 645 τῆς
2738 580 2865 647 γῆς,
2902 578 2977 639 ὡς
3005 578 3122 630 ἐστι
3159 576 3335 646 μένει.
3371 578 3555 649 ’Υδωρ
3614 580 3710 632 ἐὰν
3765 580 3939 651 λάϐῃς

2375 666 2559 737 μέτρῳ
2586 671 2714 734 τινὶ,
2760 670 2821 722 τὸ
2849 670 2984 722 αὐτδ
3019 670 3170 738 μένει
3206 668 3347 738 ὕδωρ
3376 670 3468 722 καὶ
3508 673 3827 741 προσθήκην
3873 674 3937 726 οὗ

2370 757 2657 827 λαμϐάνει.
2693 761 2878 832 Ἀέρος
2906 761 2999 814 ἐὰν
3032 760 3327 831 πληρώσῃς
3364 762 3551 826 ἀσκὸν,
3588 764 3746 817 ἄλλον
3770 766 3941 817 ἀσκδν

2370 852 2428 916 ιε
2482 852 2693 906 ἐκείνου
2736 854 3019 921 πληρῶσαι
3070 855 3131 905 οὐ
3182 853 3427 908 δύνασαι.
3468 853 3541 907 Τδ
3586 855 3643 908 δὲ
3682 854 3813 926 πῦρ,
3859 856 3938 920 ὡς

2370 941 2540 1005 ἐςτιν,
2567 944 2627 995 οὐ
2662 944 2837 1008 μένει,
2870 944 2983 995 ἀλλ’
3008 946 3139 1013 ὅσην
3166 946 3259 996 ἐὰν
3279 944 3450 1018 λάδῃς
3474 946 3626 1015 ὕλην,
3650 946 3936 1010 πλεονάζει

2364 1034 2424 1085 τὸ
2453 1032 2582 1104 πῦρ.
2626 1035 2737 1087 Καὶ
2776 1036 3003 1103 λύχνους
3035 1036 3091 1090 δὲ
3121 1036 3353 1097 πολλοὺς
3377 1038 3471 1089 ὲάν
3501 1039 3559 1102 ἐξ
3586 1038 3705 1100 ἑνὸς
3734 1039 3933 1108 λύχνου

2365 1123 2532 1195 ἃψῃς,
2564 1126 2624 1177 οὐ
2657 1112 3075 1195 καινοτομήσεις
3106 1127 3288 1181 αὐτόν.
3336 1130 3377 1180 ιι
3390 1131 3668 1195 ροσφόρως
3697 1129 3790 1182 οὖν
3834 1131 3935 1183 αὐ·

2366 1216 2454 1268 τὸν
2497 1217 2753 1270 ἐκάλεσεν
2784 1217 3087 1288 ἄνθρωπον.
3124 1217 3277 1271 Κατά
3306 1218 3461 1271 τοῦτο
3502 1220 3558 1272 δὲ
3606 1222 3695 1273 καὶ
3724 1220 3800 1290 τῷ
3836 1222 3932 1275 τοῦ

2376 1306 2545 1376 Ἀδὰμ
2594 1306 2822 1377 ὀνόματι
2862 1292 3305 1376 προσηγόρευσεν
3338 1309 3522 1365 αὐτόν.
3561 1308 3776 1380 Ἐπειδὴ
3821 1312 3933 1381 γάρ

2362 1398 2593 1467 ἧμελλεν
2625 1398 2693 1451 τά
2724 1398 2969 1466 τέσσαρα
3010 1397 3249 1464 κλίματα
3275 1397 3332 1462 ἐξ
3363 1399 3528 1451 αὐτοῦ
3568 1399 3928 1469 πληροῦσθαι,

2360 1490 2420 1541 τὸ
2448 1488 2689 1541 τοιοῦτον
2739 1487 2890 1556 αὑτῷ
2950 1488 3405 1558 προσεπιτίθησιν
3447 1490 3643 1557 ὖνομα.
3681 1493 3786 1543 Καὶ
3826 1493 3930 1562 δρα

2360 1577 2425 1629 τὰ
2460 1576 2556 1630 τοῦ
2594 1578 2832 1631 τοιούτου
2867 1578 3130 1647 ὀνόματος
3178 1578 3503 1647 γράμματα.
3554 1580 3636 1632 Τά
3682 1580 3930 1651 τέσσαρα

2359 1669 2468 1734 γὰρ
2519 1666 2921 1735 ὑπεμφαίνουσι
2957 1654 3197 1736 κλίματα
3221 1683 3234 1696 ο
3273 1667 3417 1736 ἄλφα
3467 1669 3724 1737 ἀνατολὴ,
3766 1670 3929 1723 δέλτα

2358 1756 2530 1822 δύσις,
2566 1759 2710 1826 ἄλφα
2757 1758 2980 1827 ἄρκτος,
3020 1758 3094 1826 μῦ
3131 1758 3471 1828 μεσημϐρία.
3505 1760 3701 1823 Καλῶς
3747 1760 3838 1814 οὖν
3866 1763 3930 1814 τὸ

686 1827 1154 1894 septentrionem;
1211 1831 1257 1883 Μ
1315 1832 1551 1901 denique
1623 1836 1925 1891 meridiem.
1985 1837 2244 1893 Caeterum

2356 1818 2597 1902 τοιοδτον
2646 1818 2806 1911 'Ctbov'
2829 1818 3291 1920 “unianimi
3326 1818 3613 1920 ἄνθρωπον
3654 1818 3929 1922 προσηγό-

688 1918 859 1969 sacris
889 1918 941 1969 in
976 1916 1198 1973 Litteris
1239 1921 1353 1975 haec
1383 1922 1546 1976 verba
1582 1937 1885 1994 sequuntur
1915 1948 1928 1983 :
1969 1929 2257 1985 (Consevit

682 2005 823 2061 Deus
853 2010 1164 2077 paradisum
1198 2012 1248 2065 in
1283 2014 1453 2068 Edezn
1480 2030 1674 2071 versus
1709 2019 1981 2075 orientem
2007 2022 2109 2073 ⁸⁸.»
2144 2024 2256 2078 Cur

687 2115 791 2151 non
829 2115 1021 2153 versus
1049 2101 1197 2156 aliud
1237 2103 1395 2156 clima
1430 2105 1743 2172 paradisum
1795 2111 2041 2165 conserit
2072 2112 2255 2181 potius

680 2206 839 2256 quam
875 2192 939 2243 ad
976 2194 1287 2246 orientem?
1341 2193 1497 2249 Unde
1554 2196 1771 2251 initium
1798 2215 1991 2254 cursus
2021 2201 2255 2257 lumina—

681 2283 843 2344 rium,
878 2283 948 2334 ibi
983 2294 1035 2335 ct
1066 2284 1400 2338 domicilium
1450 2303 1572 2342 esse
1614 2289 1899 2344 hominum
1934 2292 2125 2346 voluit.
2176 2295 2254 2348 Ac

678 2383 939 2441 praterca
996 2376 1139 2442 quod
1193 2377 1440 2430 {riturum
1499 2392 1616 2436 erat
1677 2382 2011 2453 signiﬁcans,
2066 2401 2253 2441 versus

676 2465 942 2517 orientem
968 2466 1018 2518 in
1054 2468 1302 2534 paradiso
1335 2470 1572 2525 collocat
1612 2473 1924 2540 hominem;
1964 2486 2024 2529 ut
2067 2487 2249 2531 osten-

675 2554 828 2607 deret
859 2556 1043 2610 itidem
1081 2568 1247 2627 atque
1291 2562 1577 2616 luminaria
1614 2568 1938 2620 exoriuntur
1968 2575 2024 2621 et
2058 2582 2249 2621 versus

673 2647 1013 2699 oc-sidentem
1051 2665 1212 2703 cursu
1267 2651 1443 2704 delata
1498 2654 1774 2721 occidunt,
1834 2658 1913 2711 sic
1978 2660 2249 2713 hominem

671 2753 885 2805 quoque
916 2738 981 2792 de.
1016 2741 1122 2791 \‘ita
1150 2753 1541 2809 perventurum
1585 2746 1651 2799 ad
1713 2757 1945 2801 mortem
2002 2765 2065 2804 ac
2098 2750 2253 2802 lumi-

672 2828 885 2881 narium
920 2844 1071 2908 more
1122 2846 1446 2886 occasurum
1494 2836 1770 2905 aliumque
1827 2855 2018 2893 rursus
2070 2852 2249 2895 ortum

670 2920 1008 2985 habiturum,
1062 2922 1319 2977 videlicet
1376 2936 1720 2982 mortuorum
1761 2934 2246 2987 resurrectionem.

667 3012 909 3066 Adamus
930 3013 996 3065 ad
1023 3028 1275 3068 occasum
1310 3032 1473 3071 cursu
1513 3019 1726 3074 delatus
1756 3028 1857 3085 est,
1893 3034 1947 3077 et
1983 3025 2036 3076 in
2066 3027 2249 3093 sepul-

2361 1956 2554 2011 ρευσεν
2577 1957 2592 1973 ο
2623 1939 2684 2004 ἐξ
2714 1939 2879 1992 αὐτοῦ
2912 1941 3041 2010 γὰρ,
3084 1940 3157 2004 ὼς
3205 1941 3553 2013 προείρηται,
3586 1942 3654 1996 τὰ
3686 1942 3927 2015 τέσσαρα

2357 2031 2717 2101 πεπλήρωται
2764 2033 3019 2101 κλίματα.
3066 2032 3232 2100 Λέγει
3278 2034 3461 2103 ιγάρή
3500 2035 3722 2105 Γραφή·
3758 2054 3776 2087 ι
3813 2036 3927 2090 Καὶ

2355 2124 2651 2191 ἐφύτευσεν
2679 2127 2707 2176 ό
2733 2124 2864 2187 Θεὸς
2905 2125 3235 2195 παράδεισον
3267 2126 3325 2178 ὲν
3368 2127 3526 2195 Ἐδὲμ
3558 2128 3698 2181 κατὰ
3729 2130 3920 2181 ἀνατοο

2354 2218 2472 2279 λάς.
2515 2236 2533 2268 ι
2568 2216 2666 2269 Διά
2709 2217 2761 2267 τί
2789 2215 2845 2268 δὲ
2889 2215 2962 2285 μὴ
3003 2217 3083 2279 εἰς
3114 2216 3243 2270 ἄλλο
3267 2217 3438 2283 κλίμα
3469 2216 3559 2271 τὸν
3587 2217 3919 2287 παράδεισον

2354 2310 2671 2377 ἐφύτευσεν,
2722 2308 2858 2360 ἀλλά
2901 2309 3019 2359 κατ’
3050 2308 3313 2368 ἀνατολάς
3341 2323 3356 2371 ς
3388 2307 3555 2359 Ὅθεν
3584 2310 3615 2378 ἡ
3652 2308 3795 2379 ἀρχὴ
3826 2309 3921 2362 τοῦ

2352 2401 2550 2470 δρόμου
2598 2401 2706 2453 τῶν
2747 2400 3076 2468 φωστήρων,
3110 2398 3319 2452 ἐκεῖθεν
3353 2398 3447 2451 καὶ
3472 2400 3505 2468 ἡ
3542 2401 3784 2469 διαγωγὴ
3814 2401 3923 2454 τῶν

2356 2492 2679 2562 ἀνθρώπων.
2705 2490 3017 2560 Προμηνύει
3048 2492 3076 2543 ό
3102 2489 3234 2551 Θεὸς
3260 2490 3319 2541 τὸ
3361 2490 3573 2559 μέλλον.
3606 2492 3761 2545 Κατά
3790 2492 3921 2543 ἀνα-

2351 2584 2508 2651 τολὴν
2553 2586 2611 2636 ὲν
2653 2582 2731 2654 τῷ
2764 2582 3071 2651 παραδείσῳ
3112 2581 3295 2650 τίθησι
3351 2583 3442 2636 τὸν
3486 2582 3793 2651 ἄνθρωπον,
3831 2584 3920 2636 In

2350 2674 2497 2743 δείξῃ
2528 2675 2611 2726 ὅτι
2635 2672 2823 2738 ὥσπερ
2850 2666 2995 2725 οὗτοι
3039 2672 3088 2724 οῖ
3124 2672 3410 2740 φωστῆρες
3440 2673 3788 2724 ἀνατέλλουσι
3822 2674 3917 2725 καὶ

2352 2767 2640 2834 τρέχουσιν
2669 2766 2748 2827 είς
2777 2764 2930 2818 δύσιν
2963 2764 3056 2816 καὶ
3088 2763 3360 2827 δύνουσιν,
3406 2762 3580 2825 οὕτως
3608 2763 3701 2815 καὶ
3732 2763 3920 2818 τοῦτον

2349 2858 2429 2909 δεῖ
2475 2856 2580 2909 ἀπὸ
2623 2859 2722 2924 τῆς
2776 2856 2923 2924 ζωῆς
2970 2857 3051 2917 είς
3102 2854 3334 2909 θάνατον
3366 2854 3598 2924 δραμεῖν
3637 2856 3732 2907 καὶ
3762 2854 3919 2908 δῦσαι

2351 2950 2490 3001 κατὰ
2522 2949 2611 3001 τὸν
2641 2948 2810 3001 τύπον
2850 2948 2957 3001 τῶν
2981 2949 3310 3017 φωστήρων,
3338 2948 3431 2998 καὶ
3456 2945 3623 3014 ἀλλην
3652 2947 3918 3011 ἀνατολὴν

2351 3038 2512 3090 πάλιν
2564 3036 2746 3088 λαϐεῖν
2795 3035 3155 3099 ἐξανάστασιν
3201 3035 3264 3085 ὲκ
3303 3033 3535 3099 νεκρῶν.
3586 3031 3919 3102 Ἐδραμενδ

667 3120 817 3158 crum
857 3106 1224 3174 prmeipitatus
1256 3109 1472 3162 occidit.
1512 3109 1673 3164 Venit
1705 3111 1981 3178 Christus,
2011 3125 2067 3172 et
2114 3132 2236 3173 eum

2362 3128 2530 3196 Ἀδὰμ
2580 3122 2877 3189 εξ;”“δύσιν,
2916 3125 3104 3177 ἔδυσεν
3136 3127 3215 3185 είς
3258 3126 3448 3191 τάφον.
3472 3117 3678 3175 τΗλθεν
3704 3123 3734 3174 ό
3776 3122 3915 3189 Χρι-

666 3196 757 3264 qui
793 3197 1063 3250 occiderat
1102 3216 1289 3253 rursus
1328 3201 1530 3254 exoriri
1589 3202 1736 3257 fecit.
1773 3205 1983 3259 ldcireo
2023 3206 2091 3260 de
2122 3208 2262 3278 ipso.

664 3300 815 3342 rates
855 3288 1030 3357 inquit
1068 3308 1081 3344 :
1130 3310 1147 3341 ι
1190 3292 1268 3345 En
1305 3293 1487 3359 homo,
1513 3295 1599 3348 cui
1624 3310 1823 3350 nomen
1853 3300 2087 3353 ortus".
2136 3316 2183 3352 ι·

736 3393 848 3448 Hoc
886 3410 1102 3464 quoque
1134 3396 1419 3451 sciendum
1476 3408 1557 3453 cst
1604 3400 1727 3465 tibi,
1783 3399 2007 3458 ﬂuvium
2040 3406 2134 3473 qui
2173 3405 2240 3459 de

663 3487 915 3557 paradiso
950 3499 1258 3556 promanat,
1301 3499 1541 3558 quatuor
1596 3494 1648 3544 in
1710 3494 2000 3564 principia,
2065 3497 2115 3550 id
2159 3505 2243 3551 est

662 3580 863 3643 fontes,
892 3581 1085 3646 dividi,
1122 3582 1189 3636 de
1217 3583 1417 3652 quibus
1442 3584 1665 3640 ﬂumina
1695 3597 1934 3656 quatuor
1966 3588 2239 3643 oriuntur.

662 3673 865 3735 Quodsi
904 3683 1137 3742 quatuor
1167 3675 1221 3729 hi
1254 3692 1447 3731 anmes
1479 3676 1545 3731 de
1580 3693 1688 3731 uno
1731 3679 1883 3735 fonte
1913 3681 2241 3750 principium

662 3761 883 3826 labent,
948 3780 1048 3817 cur
1107 3782 1214 3818 non
1274 3776 1327 3818 et
1411 3780 1551 3834 aqua
1618 3768 1861 3835 ipsorum
1937 3785 2044 3823 uua
2111 3772 2245 3826 est?

661 3867 757 3904 «ιιι-
796 3868 901 3905 non
965 3870 1072 3907 una
1124 3855 1394 3923 qualitas?
1454 3855 1718 3909 Nimirum
1769 3866 1931 3911 terra:
1976 3859 2243 3917 locorum-

660 3957 765 4009 que
793 3943 1090 4010 qualitatis,
1125 3958 1221 4013 per
1275 3961 1393 4013 qua:
1427 3942 1622 4005 ﬂuunt,
1661 3944 1954 4013 participes
2006 3947 2245 4000 reddun-

664 4044 749 4085 tur
781 4050 793 4094 ;
823 4050 932 4101 quo
971 4036 1025 4086 lit
1061 4044 1119 4086 ut
1148 4045 1255 4086 tam
1292 4043 1451 4103 gustu
1487 4049 1646 4102 quam
1711 4034 1973 4102 qualitate
2015 4038 2126 4089 sint
2162 4037 2244 4091 dio.

660 4127 828 4179 \'Cl":i.
886 4130 1092 4194 Aquam
1131 4127 1301 4195 ipsam
1337 4126 1467 4178 mihi
1519 4128 1757 4179 intuere.
1794 4126 1969 4182 liabet
1995 4129 2109 4182 haec
2146 4143 2243 4181 na-

664 4230 836 4270 turam
885 4219 1132 4270 canalem
1188 4227 1243 4270 et
1275 4218 1522 4271 eamdem
1558 4219 1902 4286 qualitatem.
1966 4217 2164 4272 Verum
2198 4220 2243 4272 si

659 4312 998 4364 absinthium
1032 4312 1083 4363 in
1118 4328 1235 4364 cam
1270 4313 1553 4378 conjicias,
1584 4313 1686 4364 alia
1711 4313 1943 4379 qualitas
1977 4313 2030 4365 in
2062 4328 2124 4366 ea
2160 4311 2243 4366 ef-

662 4404 865 4468 licitur,
901 4406 1025 4456 item
1061 4404 1187 4467 al?a,
1222 4404 1265 4456 si
1302 4405 1591 4466 ane'hum,
1626 4404 1730 4457 alia
1761 4404 1805 4457 si
1836 4416 2036 4457 rutam.
2065 4404 2242 4458 Caete-

2350 3220 2494 3279 στὸς,
2535 3219 2630 3270 καὶ
2653 3217 2906 3286 ἐποίησεν
2934 3216 3211 3267 ἀνατεῖλαι
3246 3215 3336 3265 τὸν
3358 3214 3614 3271 δύσαντα.
3641 3214 3740 3265 Διά
3760 3212 3916 3265 τοῦτο

2349 3308 2496 3373 λέγει
2529 3309 2555 3358 ὁ
2587 3306 2901 3374 προφήτης’
2936 3322 2954 3355 ι
2992 3304 3251 3374 Ἀνατολὴ
3275 3304 3444 3371 ὄνομα
3466 3302 3633 3371 αὐτῷ.
3676 3320 3695 3353 ›

2418 3398 2658 3451 Γίνωσκε
2703 3399 2760 3450 δὲ
2798 3398 2891 3449 καὶ
2924 3394 3104 3457 τοῦτο,
3150 3396 3231 3447 ὅτι
3266 3395 3295 3445 δ
3330 3395 3680 3463 ἐξερχόμενος
3729 3394 3793 3445 ὲκ
3821 3390 3915 3444 τοῦ

2350 3490 2682 3556 παραδείσου
2713 3486 2960 3557 ποταμὸς
2986 3487 3065 3548 είς
3095 3487 3366 3554 τέσσαρας
3393 3486 3564 3554 ἀρχὰς
3602 3484 3913 3553 μερίζεται,

2347 3584 2594 3636 τευτέστι
2636 3581 2842 3651 πηγὰς,
2877 3579 2970 3647 ἀφ’
2997 3574 3073 3633 ὧν
3115 3580 3162 3632 οί
3205 3579 3469 3648 τέσσαρας
3511 3577 3767 3646 ποταμοί.
3809 3578 3916 3630 Καὶ

2348 3676 2442 3728 ἐὰν
2471 3676 2518 3727 οἱ
2544 3675 2805 3741 τέσσαρες
2833 3667 2982 3725 οὗτοι
3010 3670 3248 3739 ποταμοὶ
3290 3669 3503 3753 ἐξὲνὸς
3538 3667 3703 3736 ἔχωσι
3749 3684 3914 3721 ποτα-

2352 3765 2455 3835 μοῦ
2485 3764 2583 3835 τὴν
2612 3765 2809 3833 ἀρχὴν,
2843 3763 2930 3815 διὰ
2972 3763 3021 3814 τί
3059 3761 3134 3831 μὴ
3178 3760 3274 3813 καὶ
3313 3760 3373 3812 τὸ
3408 3758 3552 3827 ὕδωρ
3597 3758 3780 3811 αὐτῶν
3818 3760 3912 3821 tv;

2348 3853 2435 3905 διὰ
2463 3852 2517 3903 τί
2556 3851 2631 3922 μὴ
2671 3856 2766 3902 καὶ
2798 3850 2830 3919 ἠ
2875 3850 3095 3918 ποιότης
3128 3851 3311 3910 αὐτοῖς
3367 3848 3467 3909 μία
3498 3865 3510 3911 ;
3545 3847 3916 3917 Μεταλαμδάο

2349 3962 2500 3999 γουσι
2530 3944 2629 4011 τῆς
2659 3945 2760 4013 γῆς
2800 3942 2895 3995 καὶ
2927 3944 3021 4010 τῆς
3056 3941 3342 4008 ποιότητος
3386 3938 3494 3992 τῶν
3523 3939 3703 3989 τόπων
3743 3939 3811 3990 δι’
3840 3934 3916 3990 ὼν

2350 4037 2736 4106 παρέρχονται,
2786 4033 2878 4085 καὶ
2917 4031 3005 4085 διὰ
3038 4031 3198 4083 τοῦτο
3229 4028 3694 4099 παρηλλαγμένην
3732 4030 3915 4097 ἔχουσι

2348 4130 2448 4199 τήν
2491 4144 2550 4179 τε
2595 4126 2780 4195 γεῦσιν
2821 4124 3002 4177 αὐτῶν
3050 4124 3144 4176 καὶ
3180 4124 3462 4193 ποιότητα.
3492 4126 3634 4191 Ὅρα
3677 4125 3788 4192 γὰρ
3833 4123 3916 4174 ὅτι

2352 4221 2443 4274 καὶ
2474 4218 2605 4269 αὐτὸ
2627 4218 2686 4268 τὸ
2718 4214 2862 4285 ὕδωρ
2895 4217 3024 4283 μίαν
3079 4218 3178 4282 μὲν
3215 4215 3330 4283 ἔχει
3380 4216 3478 4284 τὴν
3509 4214 3671 4282 φύσιν
3695 4216 3789 4266 καὶ
3820 4214 3917 4282 τὴν

2350 4312 2634 4376 ποιότητα,
2674 4309 2792 4362 ἀλλ’
2828 4310 2924 4362 ἐὰν
2959 4310 3205 4380 ἐμϐληῡῇ
3241 4309 3388 4380 αὺτῷ
3438 4309 3708 4377 ἀψίνθιον,
3750 4310 3917 4379 ἄλλην

2351 4404 2610 4473 ποιότητα
2641 4405 2803 4465 ποιεῖ,
2845 4403 2939 4455 ἐὰν
2975 4403 3195 4470 ἄνηθον,
3230 4402 3420 4471 ἄλλην,
3463 4406 3555 4456 καὶ
3592 4402 3786 4469 ἑτέραν
3817 4402 3915 4453 αὖ·

662 4512 791 4549 rum
814 4498 909 4548 hos
942 4511 1132 4548 attines
1192 4496 1333 4549 Deus
1398 4494 1508 4548 labi
1575 4510 1669 4563 per
1695 4496 1803 4565 76
1854 4481 2241 4551 subterraneos

2349 4492 2451 4556 Οις,
2489 4493 2581 4544 ἐὰν
2609 4495 2872 4560 πήγανον.
2905 4491 3225 4560 Διέρχεσοαι
3256 4491 3312 4543 δὲ
3350 4490 3476 4550 τοὺς
3513 4490 3792 4557 ποταμοὺς
3829 4489 3916 4541 διὰ

661 4588 922 4655 quosdam
958 4599 1170 4640 meatus
1208 4600 1358 4641 certo
1394 4588 1626 4642 consilio
1665 4590 1857 4653 voluit,
1914 4599 1967 4643 et
2028 4589 2149 4643 aliis
2206 4603 2236 4642 e

662 4679 951 4747 principiis
979 4695 1196 4733 rursum
1227 4681 1359 4735 oriri
1386 4691 1549 4753 atque
1576 4682 1845 4750 conspici.
1903 4697 1971 4735 ne
2029 4682 2119 4750 qui
2164 4681 2240 4733 ri-

661 4786 759 4839 pas
831 4774 1022 4825 horum
1092 4784 1385 4841 sequentes
1448 4774 1759 4842 paradisum
1821 4789 2089 4842 occupare
2143 4789 2237 4826 co-

657 4872 877 4916 IitTiiilll’.

733 4955 881 5009 Inter
916 4955 1018 5007 alia
1061 4970 1210 5019 vero,
1255 4955 1451 5008 dilecte
1484 4953 1580 5014 ﬁli.
1653 4962 1706 5007 te
1743 4954 1844 5007 hoc
1876 4969 2092 5023 quoque
2123 4954 2234 5008 scio

657 5050 1037 5114 quwsiturum.
1077 5047 1430 5114 quamobrem
1461 5045 1528 5097 de
1569 5045 1728 5108 coelo,
1787 5055 1953 5106 terra,
2010 5046 2233 5114 reliquis

656 5138 913 5190 Omnibus
946 5136 1136 5189 ordine
1167 5136 1443 5189 disserens
1478 5133 1671 5198 Moses,
1708 5150 1975 5203 nusquam
2014 5136 2233 5207 angelo-

658 5244 776 5280 rum
823 5228 1121 5280 creatzonis
1163 5227 1497 5281 mentionem
1555 5228 1752 5282 fecisse
1809 5227 2075 5282 videatur.
2132 5228 2230 5282 llic

657 5318 1061 5371 animadvertas
1090 5332 1204 5381 eos,
1234 5319 1433 5384 quibus
1476 5318 1591 5372 lucc
1626 5318 2009 5385 praescribebat
2038 5318 2234 5386 Moses,

655 5426 847 5481 parum
880 5412 1232 5464 r-romirmatos
1264 5411 1452 5464 fuisse.
1490 5410 1709 5478 Absque
1744 5426 1853 5480 quo
1883 5409 2095 5472 fuisset.
2125 5426 2234 5465 non

660 5512 738 5557 tot
802 5505 1063 5574 prodigils
1122 5503 1433 5573 conspeCtis
1485 5502 1781 5571 imaginem
1853 5503 2008 5558 vituli
2065 5502 2234 5559 Deum

658 5605 1089 5667 nuncupassent.
1118 5594 1236 5649 1am
1264 5594 1357 5665 qui
1394 5603 1544 5649 tanta
1578 5594 1834 5649 facilitate
1856 5595 2233 5665 jumentorum

730 5766 775 5797 ’θ
807 5763 943 5821 Ceu.
980 5780 1037 5828 tt,
1069 5766 1120 5817 8.
1199 5764 1241 5796 ¹’
1274 5760 1500 5815 Zachar.
1542 5778 1611 5814 γι.
1649 5762 1730 5815 12.

2344 4600 2505 4635 τινων
2533 4583 2820 4644 ὑπονόμων
2866 4583 3049 4634 τόπων
3078 4581 3431 4650 ᾠκονόμησεν
3465 4581 3493 4631 ὁ
3538 4579 3691 4642 Θεὸς,
3734 4582 3826 4632 καὶ
3856 4581 3915 4643 ἐξ

2344 4675 2549 4742 ἐτέρων
2588 4675 2769 4741 ἀρχῶν
2825 4673 3022 4736 αὐτοὺς
3064 4671 3484 4740 ἀναφαίνεσθαι,
3539 4670 3624 4722 ἵνα
3679 4670 3756 4739 μὴ
3793 4674 3913 4733 ταῖς

2344 4764 2529 4832 ὄχθαις
2561 4764 2740 4817 αὐτῶν
2769 4763 3191 4826 ἀκολουθοῦντες
3223 4779 3367 4825 τινες
3405 4762 3569 4814 αὐτὸν
3591 4764 3914 4832 ἐπιχειρῶσι

2344 4857 2677 4912 καταλαϐεῖν
2716 4857 2806 4909 τὸν
2846 4856 3195 4927 παράδεισον.

2416 4946 2545 5001 Οἶδα
2574 4948 2652 5009 δὲ,
2681 4949 2952 5017 ἀγαπητὲ,
2981 4949 3063 4999 ὅτι
3097 4947 3192 4999 καὶ
3218 4946 3380 4999 τοῦτο
3412 4948 3551 5015 μετά
3588 4948 3700 5000 τῶν
3739 4948 3913 5003 ἄλλων

2342 5040 2548 5110 ζητεῖς,
2579 5040 2631 5091 τί
2662 5039 2725 5109 δή
2773 5056 2901 5091 ποτε
2955 5040 3083 5109 περὶ
3115 5038 3345 5111 οὐρανοῦ
3387 5042 3482 5094 καὶ
3511 5040 3614 5107 γῆς
3654 5043 3751 5093 καὶ
3782 5044 3913 5095 πάν-

2341 5152 2452 5188 των
2488 5132 2686 5202 ἑφεξῆς
2726 5130 2936 5198 διεξιὼν
2981 5131 3189 5200 Μωσῆς
3224 5132 3324 5203 τῆς
3361 5134 3469 5187 τῶν
3516 5134 3775 5201 ἀγγέλων
3819 5134 3909 5201 δη·

2345 5229 2636 5299 μιουργίας
2674 5224 2910 5295 οὐδαμοῦ
2953 5226 3300 5294 μεμνημένος
3351 5225 3625 5292 φαίνεται.
3671 5225 3911 5277 Γίνωσκε

2341 5320 2433 5373 οὖν
2466 5321 2548 5372 ὅτι
2576 5317 2727 5371 οὐδὲν
2758 5315 2981 5385 στερεὸν
3022 5316 3146 5367 οὐδὲ
3180 5315 3397 5385 βέϐαιον
3434 5311 3578 5385 εῐχον
3613 5316 3662 5366 ol
3694 5316 3909 5383 νομοθε-

2338 5411 2613 5479 τούμενοι.
2663 5409 2725 5462 ΕΙ
2759 5409 2834 5479 μὴ
2873 5408 2980 5480 γὰρ
3013 5406 3170 5460 τοῦτο
3204 5402 3293 5477 ἦν,
3324 5406 3424 5459 οὐκ
3456 5406 3523 5459 ἂν
3569 5407 3770 5459 ἐκεῖνοι
3821 5409 3917 5458 καὶ

2338 5504 2579 5556 τοσαῦτα
2602 5502 2936 5571 θεασάμενοι
2969 5499 3224 5567 Θαύματα
3247 5500 3348 5568 τὴν
3380 5490 3565 5551 ἱίκόνα
3586 5496 3681 5549 τοῦ
3710 5497 3915 5566 μόσχοι.

2341 5598 2471 5651 Θεὸν
2501 5596 2899 5668 ἀνηγόρευσαν.
2934 5594 2999 5647 Οἳ
3036 5592 3093 5647 δὲ
3127 5591 3327 5663 ῥᾳδίως
3356 5581 3497 5644 οὕτω
3541 5589 3612 5642 τὰ
3635 5592 3745 5643 τῶν
3788 5606 3922 5658 κτη-
