4204 6450
231 376 324 457 itu

1461 366 1877 442 ANNALIUM.
1909 378 2106 442 mus
2146 376 2191 440 Ι.

3370 385 3471 448 162

234 501 332 554 δῶν
361 498 659 567 ἰνδάλματα
687 496 1109 567 θεοποιήσαντες
1137 493 1188 546 τί
1225 496 1323 546 οὐκ
1359 492 1425 546 ἂν
1460 492 1713 563 ἔδρασαν,
1742 491 1793 544 εί
1822 543 1827 555 ε

1950 492 2186 547 mulacra
2212 507 2310 562 pro
2343 491 2447 548 diis
2472 493 2671 549 habere
2702 507 2811 547 non
2840 492 3180 556 dubitarunt,
3205 497 3333 566 quid
3358 513 3469 554 non

222 591 334 646 τῶν
372 590 624 660 ἀοράτων
677 588 894 658 φύσεων
948 586 1049 654 τὴν
1101 585 1306 654 γνῶσιν
1368 582 1797 650 ὲδέξαντοςῙΓοῦ

224 680 473 743 Μωσέως
513 680 704 733 λοιπὸν
746 680 821 731 τὰ
864 677 995 747 περὶ
1030 676 1234 730 τούτων
1270 676 1447 745 πάντη
1485 676 1799 742 σιωπήσανσ

223 788 319 834 τος
342 774 371 825 6
398 773 688 842 προφήτης
716 769 878 825 Δαόὶδ
903 771 1042 839 μετὰ
1068 769 1295 839 χρόνους
1325 766 1555 836 ὕστερον
1580 764 1800 829 ίκανοὺς

228 865 709 934 μνήμηπιποιεῖται
732 862 831 933 τῆς
858 861 1219 931 δημιουργίας
1259 860 1461 925 αὐτῶν,
1492 860 1542 911 εἰ
1566 858 1662 912 καὶ
1697 875 1805 910 πα-

228 955 556 1027 ροδευτικῶς
624 955 714 1008 διά
777 954 875 1024 τὴν
914 953 1022 1006 τῶν
1061 953 1435 1023 ἀκροωμένων
1493 950 1800 1015 ἀσθένειαν,

228 1049 324 1100 καί
360 1064 557 1117 φησιν’
600 1066 618 1099 ι
664 1048 837 1112 Αὐτὸς
861 1046 1039 1111 εἷπεν,
1084 1049 1177 1100 καὶ
1202 1046 1573 1115 ἐγεννήθησαν
1597 1060 1611 1076 ο
1646 1043 1806 1106 αὐτὸς

225 1140 559 1202 ἐνετείλατο,
601 1142 696 1192 καὶ
727 1139 1083 1210 ἐκτίσθησαν.
1121 1158 1140 1191 ι
1192 1138 1253 1191 ’0
1291 1138 1347 1191 δέ
1384 1154 1448 1205 γε
1486 1136 1807 1205 θεοφάντωρ

229 1228 325 1279 καὶ
354 1228 530 1293 μέγας
555 1229 835 1291 Διονύσιος
876 1228 1215 1297 πλατύτερον
1245 1228 1373 1296 περὶ
1408 1225 1519 1278 τῶν
1560 1224 1808 1294 ἀοράτων

224 1316 449 1381 διέξεισι
476 1315 716 1385 φύσεων,
749 1316 845 1370 ἀτε
893 1319 1028 1388 πρὸς
1072 1318 1273 1380 αὐτοὺς
1318 1315 1565 1378 ἐκείνους
1598 1313 1697 1384 τὴν
1730 1314 1810 1367 δι-

228 1392 533 1461 δασκαλίαν
591 1409 920 1478 ποιούμενος
961 1412 1088 1472 τοὺς
1135 1409 1363 1463 τοιαῦτα
1413 1408 1810 1476 δεδυνημένους

225 1503 455 1567 χωρεῖν.
489 1501 599 1570 Τήν
645 1517 705 1553 τε
743 1503 852 1571 γὰρ
881 1501 1071 1556 στάσιν
1112 1502 1315 1567 αὐτῶν,
1364 1500 1465 1569 τὴν
1503 1497 1681 1564 τάξιν,
1713 1496 1811 1567 τὴν

228 1590 456 1657 γνῶσιν,
497 1591 587 1644 τὸν
622 1593 928 1662 φωτισμὸν,
961 1594 1061 1663 τὴν
1103 1593 1239 1663 πρὸς
1281 1591 1517 1661 ἀλλήλας
1548 1590 1812 1659 διαφορὰν

230 1683 327 1735 καὶ
369 1682 470 1753 τὴν
526 1683 736 1753 ἑκάστῃ
786 1682 1102 1752 προσοῦσαν
1161 1683 1447 1752 ἐνέργειαν
1494 1679 1809 1749 θαυμασίως

228 1773 528 1842 διείληφεν,
562 1773 591 1825 ὃ
631 1774 761 1835 τοὺς
787 1774 1118 1840 ἀγνοοῦντας
1148 1774 1408 1840 ἐδίδαξεν.

515 1886 657 1951 Περὶ
688 1885 808 1939 τῶν
840 1887 1177 1955 (includor
1202 1889 1532 1959 ταγμάτων.

310 1976 434 2029 Ἔτι
489 1978 547 2030 δὲ
599 1977 693 2030 ναὶ
731 1976 889 2030 τοῦτο
950 1979 1086 2047 πρὸς
1142 1982 1255 2043 τοῖς
1295 1982 1478 2045 ἄλλοις
1524 1982 1721 2035 εἰδέναι
1752 2000 1810 2035 σε

230 2070 525 2139 βούλομαι,
562 2072 645 2124 ὅτι
677 2072 746 2125 τά
784 2073 896 2125 τῶν
926 2075 1040 2128 ἀνω
1085 2074 1509 2144 δ;ακοσμήσεων
1555 2076 1812 2146 τάγματα

230 2162 389 2214 ἐννέα
427 2166 688 2234 τυγχάνει
731 2164 823 2217 τὸν
852 2164 1107 2235 ἀριθμὸν,
1142 2166 1179 2222 ἃ
1213 2167 1305 2221 καί
1341 2170 1447 2221 είσι
1483 2166 1681 2234 ταῦτα,
1714 2169 1815 2221 Χε-

232 2256 460 2326 ρουϐὶμ,
509 2259 780 2327 Σεραορὶμ,
834 2258 1049 2329 Θρόνοι,
1103 2260 1464 2330 κυριότητες,
1527 2260 1813 2331 Δυνάμεις,

246 2349 544 2413 Ἐξουσὶαι,
623 2351 839 2422 Ἀρχαὶ,
899 2352 1280 2424 ’Λρχάγγελοι,
1328 2353 1605 2422 Ἄγγελοι,
1658 2355 1718 2406 Ei
1761 2354 1819 2407 δὲ

231 2441 332 2494 καὶ
357 2442 525 2512 ’ἐτερα
567 2444 825 2513 τάγματα
866 2446 921 2497 ἐν
958 2445 1209 2516 οὐρανοῖς
1263 2446 1434 2511 ἐστιν,
1478 2445 1607 2515 περὶ
1642 2440 1718 2499 ὧν
1748 2447 1820 2498 ’ἐν

233 2532 314 2601 τῷ
353 2533 603 2597 μέλλοντι
644 2535 800 2589 αίῶνι
846 2539 946 2591 καὶ
983 2537 1215 2589 ἀκοῦσαι
1263 2537 1359 2589 καὶ⁵
1406 2537 1599 2606 μαθεῖν
1635 2538 1823 2606 μέλλο-

238 2641 364 2694 μεν,
390 2627 419 2677 6
451 2629 725 2696 μακάριος
758 2623 865 2681 οἵδε
907 2629 1119 2691 Παῦλος
1150 2628 1323 2691 οὕτως
1362 2628 1534 2682 εἰπών
1562 2647 1574 2661 ο
1620 2648 1637 2682 t
1663 2631 1822 2684 Ἐκά-

236 2722 392 2773 θισεν
441 2723 468 2773 6
500 2720 734 2791 Χριστὸς
774 2721 959 2776 ἐπάνω
998 2722 1176 2792 πάσης
1223 2722 1400 2792 ἀρχῆς
1442 2723 1537 2775 καὶ
1575 2722 1823 2789 ἐξουσίας

237 2813 335 2865 καὶ
390 2812 672 2879 δυνάμεως
719 2814 815 2867 καὶ
863 2814 1065 2877 παντὸς
1102 2814 1369 2883 ὀνόματος
1417 2811 1823 2883 ὀνομαζομένου

242 2902 319 2974 μὴ
350 2902 510 2973 μόνον
534 2907 590 2956 ἐν
628 2904 706 2973 τῷ
751 2905 905 2957 αἰῶνι
943 2904 1141 2977 τούτῳ,
1181 2904 1318 2960 ἀλλά
1358 2906 1455 2958 καὶ
1504 2907 1561 2958 ὲν
1590 2905 1666 2976 τῷ
1701 2906 1827 2976 μέλη

172 3034 178 3039 .
237 2997 409 3047 λοντι.
453 3012 471 3044 ι
506 2994 585 3045 Τὰ
640 2994 823 3063 μέντοι
868 2994 1236 3065 διαληφθέντα
1264 2994 1422 3048 ἐννέα
1461 2996 1721 3066 τάγματα
1746 2998 1826 3059 είς

239 3086 393 3153 τρεῖς
430 3083 689 3152 ἀφορίζει
724 3085 1118 3154 διακοσμήσεις
1158 3087 1185 3137 6
1221 3083 1367 3147 θεῖος
1403 3084 1700 3151 Διονύσιος,
1730 3086 1826 3137 καὶ

1840 1839 1886 1897 Β

1904 585 2183 650 fecissent,
2232 584 2280 639 si
2311 593 2633 639 naturarum
2694 584 3167 655 inaspectabilium
3204 589 3469 657 cognitio-

1902 695 2027 735 nem
2060 678 2413 734 liabuissent?
2464 678 2648 747 itaque
2679 677 2826 731 Mose
2878 692 3105 746 prorsus
3156 679 3223 732 de
3277 681 3363 734 his
3393 692 3474 732 ta-

1904 780 2086 831 cente,
2130 781 2255 839 post
2295 785 2549 840 magnum
2587 769 2852 839 deinceps
2897 772 3180 841 .temporis
3218 773 3477 827 interval-

1907 860 2018 914 lum
2049 869 2204 915 vates
2225 860 2454 915 Davides
2476 875 2666 915 eorum
2689 861 2982 916 creationis
3010 863 3275 927 meminit,
3301 880 3477 933 quau-

1906 966 2067 1020 quam
2106 951 2498 1020 perl‘uuetorie,
2528 960 2751 1019 propter
2779 951 3089 1005 auditorum
3138 954 3480 1009 imbecillita-

1910 1054 2042 1098 tem.
2075 1043 2165 1097 Sic
2193 1044 2338 1097 enim
2365 1044 2443 1096 ait
2473 1060 2486 1095 :
2526 1043 2680 1111 «Ipse
2707 1043 2868 1104 dixit,
2907 1054 2959 1096 et
2996 1043 3124 1098 facti
3155 1057 3322 1111 sunt;
3364 1048 3479 1113 ἰῃςο

1909 1134 2212 1198 mandavit,
2248 1144 2304 1189 et
2332 1134 2499 1189 creati
2536 1135 2784 1189 suut".r
2854 1135 3127 1203 Iuterpres
3182 1146 3361 1189 autem
3396 1152 3481 1189 re-

1910 1242 2031 1282 rum
2067 1226 2403 1288 divinarum,
2430 1226 2667 1279 eximius
2710 1226 2800 1279 ille
2864 1226 3173 1295 Dionysius,
3235 1226 3301 1280 de
3336 1227 3481 1279 hisce

1912 1318 2122 1373 naturis
2152 1318 2637 1386 inaspectabilibus
2673 1318 2838 1372 latius
2870 1319 3113 1379 disserit,
3166 1329 3224 1371 ut
3276 1319 3368 1385 qui
3394 1334 3485 1370 eos

1911 1409 2127 1463 erudiat
2152 1408 2246 1477 qui
2274 1409 2584 1476 hujusmodi
2623 1422 2827 1478 capere
2858 1420 3104 1477 possent.
3145 1410 3352 1463 Μάγας]
3378 1421 3483 1461 ε’.)-

1915 1510 2029 1555 tum
2061 1486 2310 1553 ordinem
2340 1499 2709 1568 cognitionem
2743 1499 3213 1554 eollustrationcm
3274 1516 3486 1563 earum,

1914 1595 2156 1660 itemque
2186 1592 2479 1646 discrimen
2514 1592 2664 1644 inter
2690 1591 2839 1659 ipsas
2874 1606 2998 1645 cum
3034 1591 3353 1660 Operatioue
3370 1591 3488 1645 siu-

1912 1682 2182 1758 gtilarutu,
2210 1683 2515 1737 admirabili
2549 1683 2870 1751 complexus
2921 1692 3004 1736 est
3055 1684 3327 1745 oratione,
3362 1698 3491 1735 nos-

1918 1794 2022 1847 que
2053 1791 2274 1845 prorsus
2306 1775 2419 1830 ltzec
2449 1775 2766 1843 ignorantes
2791 1777 2995 1829 docuit.

2340 1889 2416 1943 De
2440 1890 2740 1959 angelorum
2774 1894 3064 1945 ordinibus.

1993 1980 2164 2035 Debes
2195 1990 2378 2035 autem
2413 1980 2554 2035 scire
2588 1982 2892 2035 eteleslium
2924 1982 3350 2052 descriptionum
3375 2000 3494 2055 gra-

1917 2074 2082 2128 duum
2153 2085 2349 2125 novem
2405 2085 2526 2125 esse
2587 2072 2829 2135 ordines,
2894 2072 3151 2126 nimirum
3187 2075 3491 2138 (llic-rubos,

1921 2164 2217 2233 Seraphos,
2241 2162 2512 2228 Thronos,
2536 2162 2870 2229 Dominatus,
2894 2165 3216 2233 l‘oteszates,
3245 2165 3501 2237 Imperia,

1923 2248 2284 2325 Prineipatus,
2321 2256 2710 2327 Arcltangelos,
2745 2257 2997 2328 Angelos.
3056 2258 3193 2311 Num
3231 2276 3358 2313 vero
3404 2260 3496 2312 alii

1924 2358 2121 2418 praeter
2153 2348 2254 2402 hos
2279 2348 2390 2402 sint
2420 2348 2472 2402 in
2504 2349 2659 2403 caelis
2714 2350 2956 2412 ordines,
3013 2364 3151 2418 quos
3219 2351 3275 2404 in
3325 2352 3497 2404 altera

1923 2440 2029 2495 vita
2064 2438 2337 2510 cognituri
2371 2440 2565 2505 simus,
2602 2440 2796 2496 beatus
2830 2440 2920 2494 ille
2954 2441 3153 2494 Paulus
3187 2442 3356 2507 novit,
3408 2444 3496 2509 qui

1924 2531 1999 2586 ait
2031 2548 2045 2583 :
2081 2531 2373 2586 «Consedit
2398 2531 2652 2585 Christus
2672 2547 2833 2601 supra
2859 2548 3074 2585 onmem
3109 2534 3497 2601 principatum,

1931 2625 2244 2692 imperium,
2273 2630 2627 2691 potestatem,
2664 2638 2938 2691 omneque
2973 2640 3169 2677 nomen
3202 2625 3344 2693 quod
3383 2640 3499 2677 wer-

1927 2716 2012 2770 bis
2042 2716 2386 2785 exprimitur,
2421 2731 2530 2768 non
2565 2715 2740 2769 solum
2770 2716 2824 2768 in
2858 2716 2962 2769 hoc
3002 2730 3142 2779 :evo,
3183 2718 3276 2770 sed
3335 2719 3501 2770 etiam

1930 2806 2140 2860 futuro.
2208 2825 2226 2856 ι
2258 2805 2525 2862 Caeterum
2560 2807 2828 2862 indicatos
2862 2808 3026 2863 hosce
3055 2822 3251 2862 novem
3283 2810 3506 2865 ordines

1932 2898 2220 2967 Dionysius
2268 2898 2324 2951 in
2364 2910 2474 2953 tres
2507 2898 2914 2968 descriptiones
2949 2899 3259 2969 gradusque
3319 2900 3507 2954 distri-

1930 2989 2318 3062 buit,’;quorum
2358 2989 2533 3060 primo
2557 2990 2941 3044 contineantur
2970 2989 3220 3059 Seraphi,
3244 2990 3504 3055 Clierubi,

1932 3082 2162 3151 Throni,
2192 3082 2284 3152 qui
2304 3082 2539 3151 quidem
2578 3082 2718 3136 eitra
2749 3082 2991 3136 medium
3034 3083 3202 3136 ullum
3250 3092 3305 3137 et
3331 3085 3507 3137 conti—

242 3174 473 3243 πρώτην
515 3175 613 3243 μὲν
656 3172 792 3227 εἷναί
859 3191 993 3244 φησι
1035 3175 1105 3228 τά
1146 3175 1425 3246 Σεραφὶμ,
1449 3176 1518 3230 τὰ
1546 3175 1827 3248 Χερουϐὶμ

1942 3190 2037 3230 riuo
2071 3174 2330 3229 assistant
2363 3176 2471 3228 Deo
2491 3189 2505 3238 ;
2525 3173 2789 3236 secundo,
2814 3171 3149 3236 Dominatus,
3182 3172 3508 3244 Potestates,

242 3268 343 3318 καὶ
381 3266 509 3327 τοὺς
541 3266 799 3335 Θρόνους,
850 3266 1071 3334 ἀμέσως
1112 3267 1208 3320 καὶ
1249 3267 1534 3338 προσεχῶς
1560 3269 1827 3339 παριστά-

1942 3265 2204 3335 Imperia;
2240 3266 2403 3319 tertio
2441 3275 2494 3319 et
2521 3265 2731 3331 ultimo,
2769 3263 3135 3335 Principatus,
3163 3267 3508 3338 Archangeli,

247 3375 391 3427 μενα
428 3358 504 3427 τῷ
530 3357 671 3428 Θεῷ,
703 3359 969 3429 δευτέραν
1000 3360 1056 3413 δὲ
1085 3359 1184 3429 τὴν
1213 3359 1321 3413 τῶν
1361 3361 1715 3431 Κυριοτήτων
1738 3364 1827 3416 καὶ

1942 3358 2151 3428 Angeli.
2231 3357 2434 3413 llorum
2472 3357 2696 3412 ultimus
2729 3358 2886 3421 ordo,
2947 3360 3409 3427 quemadmodum
3457 3372 3512 3415 et

244 3450 357 3501 τῶν
408 3450 708 3519 Δυνάμεων
758 3450 856 3503 καὶ
902 3452 1011 3503 τῶν
1047 3452 1359 3518 Ἐξουσιῶν,
1411 3452 1604 3522 τρίτην
1646 3453 1827 3507 δὲκαὶ

1942 3449 2087 3517 prius
2108 3448 2314 3502 dictum
2337 3454 2440 3509 est,
2459 3448 2733 3517 peculiare
2758 3463 2959 3503 nomen
2982 3450 3297 3520 angelorum
3324 3452 3509 3514 habet,

247 3541 572 3594 τελευταίαν
624 3543 722 3612 τὴν
761 3542 869 3595 τῶν
912 3543 1123 3612 Ἀρχῶν
1164 3545 1260 3598 καὶ
1312 3545 1697 3616 Ἀρχαγγέλων
1736 3547 1827 3598 καὶ

1942 3550 1997 3593 ut
2022 3539 2115 3609 qui
2149 3554 2333 3594 rerqu
2364 3539 2671 3593 divinarum
2710 3540 3196 3610 interpretationes
3227 3543 3387 3597 nobis
3418 3560 3512 3597 ex-

1939 3638 2145 3700 ponant
2176 3639 2232 3684 et
2261 3629 2325 3683 ad
2360 3644 2461 3684 nos
2490 3629 2791 3700 perferant.
2822 3632 3143 3701 Quanquam
3174 3634 3290 3687 haec
3318 3634 3512 3688 eadem

1938 3721 2257 3791 angelorum
2298 3723 2593 3791 appellatio
2642 3723 2860 3778 eunetis
2905 3723 3069 3776 etiam
3106 3726 3319 3779 naturis
3347 3726 3514 3779 intel-

1939 3816 2210 3871 lectilibus
2248 3815 2529 3879 tribuitur,
2566 3815 2672 3884 71
2702 3814 2846 3883 quod
2874 3815 3001 3882 ipsae
3034 3816 3211 3884 primo
3270 3816 3390 3871 loco
3434 3818 3519 3871 di—

1940 3908 2146 3961 vinitus
2175 3907 2594 3969 collustreutur,
2640 3915 2803 3974 atque
2836 3907 2909 3958 ita
2945 3902 3205 3975 deinceps
3230 3921 3338 3975 .per
3370 3907 3517 3977 ipsas

1943 3998 2008 4052 ad
2043 4012 2142 4051 nos
2200 4010 2415 4065 quoque
2450 4010 2631 4049 rerum
2698 3995 3007 4050 divinarum
3064 4011 3264 4051 arcana
3325 4012 3517 4067 perre-

1943 4091 2117 4144 niant.
2150 4088 2367 4158 Quippe
2394 4088 2480 4141 lex
2518 4091 2635 4157 ipsa
2670 4104 2765 4157 per
2798 4089 3018 4158 angelos
3051 4088 3212 4143 nobis
3244 4090 3366 4143 data
3402 4101 3517 4157 est;

1942 4182 2181 4252 itemque
2211 4177 2400 4234 Patres
2441 4179 2561 4233 illos
2594 4180 2837 4233 illustres
2869 4189 2977 4232 tam
3012 4188 3138 4233 ante
3200 4195 3361 4249 quam
3396 4194 3520 4251 post

1943 4254 2115 4345 legem
2188 4271 2587 4341 promulgatam
2656 4270 2834 4340 angeli
2890 4270 3135 4324 divinum
3192 4271 3260 4324 ad
3315 4289 3518 4326 numen

1944 4345 2345 4420 subvehebant.
2379 4361 2509 4414 Nam
2549 4375 2646 4430 per
2679 4362 2852 4430 prima
2884 4378 3101 4415 sursum
3141 4363 3418 4418 ducuntur
3455 4382 3519 4419 ea

1946 4472 2068 4527 quae
2122 4455 2315 4510 ordine
2363 4455 2603 4509 secunda
2643 4465 2790 4509 sunt.
2847 4452 3034 4522 Neque
3089 4465 3300 4511 tantum
3353 4472 3521 4527 supra

1947 4565 2045 4604 nos
2096 4555 2224 4603 sunt
2271 4547 2619 4601 iutelleetiles
2672 4547 2773 4601 illae
2827 4557 3059 4612 naturas,
3116 4548 3213 4602 sed
3263 4549 3428 4603 etiam
3467 4551 3520 4602 iu

1949 4641 2083 4711 ipsis
2111 4640 2216 4695 illis
2250 4638 2588 4706 cmteroquin
2621 4642 2815 4692 eodem
2871 4639 3065 4693 ordine
3104 4640 3523 4709 comprehensis

1950 4731 2123 4785 sacris
2149 4727 2549 4800 principatibus
2584 4728 2749 4798 primi
2783 4728 3009 4796 quidam
3051 4728 3251 4798 gradus
3310 4741 3439 4783 sunt
3470 4743 3525 4783 «at

1952 4820 2119 4877 medii
2151 4829 2206 4873 et
2236 4819 2436 4875 ultimi.‘
2466 4819 2641 4873 Simul
2670 4818 2990 4872 inferiorum
3031 4820 3202 4874 duces
3248 4828 3378 4875 sunt
3433 4820 3523 4873 al.i

1957 4912 2280 4975 diviniores,
2338 4911 2405 4965 ad
2480 4910 2894 4980 percipiendum
2966 4926 3150 4964 rerum
3217 4912 3527 4965 divinarum

1956 5003 2321 5074 splendorem.
2356 5002 2424 5057 Et
2448 5003 2696 5072 quamvis
2741 5004 3117 5058 sanctissimos
3186 5004 3307 5059 illos
3336 5020 3528 5075 supre~

1956 5110 2168 5149 marum
2201 5096 2565 5149 essentiarum
2596 5094 2819 5149 ordines
2848 5096 3084 5165 generali
3115 5097 3379 5151 vocabulo
3433 5112 3531 5151 an-

1960 5187 2109 5257 gelos
2138 5186 2417 5257 appellant
2448 5202 2628 5241 rerum
2660 5186 2968 5241 divinarum
3032 5188 3212 5256 periti,
3271 5189 3415 5243 sicut
3441 5189 3527 5241 'rn-

1961 5278 2202 5333 dicatum
2225 5287 2308 5332 est
2334 5277 2496 5331 modo
2524 5280 2543 5347 (
2573 5293 2697 5332 nam
2763 5288 2817 5333 et
2881 5279 2981 5347 ipsi
3033 5280 3341 5349 splendoris
3365 5295 3395 5335 a
3423 5279 3535 5334 Deo

1958 5368 2186 5439 proiecti
2220 5378 2347 5422 sunt
2377 5368 2765 5439 interpretes),
2800 5375 2978 5423 tamen
3005 5370 3252 5424 ordinem
3281 5371 3535 5424 ultimum

1959 5476 2023 5514 ex
2058 5459 2375 5514 ccel'estibus
2403 5459 2507 5514 illis
2540 5460 2841 5524 mentibus,
2875 5460 3131 5514 nimirqu
3160 5462 3407 5531 angelos,
3438 5462 3535 5515 ab-

1961 5551 2185 5605 surdum
2220 5550 2385 5605 fuerit
2448 5566 2643 5606 vocare
2672 5550 2961 5607 Clterubos
3017 5562 3111 5607 aut
3145 5552 3420 5623 Seraphos
3445 5563 3542 5608 aut

1965 5643 2235 5698 Tlireno<.
2270 5643 2380 5699 Nec
2416 5647 2562 5699 enim
2617 5662 2679 5700 ex
2713 5661 2870 5714 atque
2904 5648 3232 5717 participant
3283 5660 3406 5700 cum
3442 5660 3542 5715 po-

260 3631 562 3699 ’Λγγέλωικ
605 3631 681 3685 T6
724 3632 907 3702 μέντοι
938 3635 997 3687 ὲν
1027 3634 1213 3698 αὐτοῖς
1251 3634 1484 3690 ὕστατον
1514 3636 1728 3707 τάγμα,
1756 3639 1832 3699 ὡς

249 3725 604 3793 προείρηται,
670 3726 816 3788 ἰδίως
865 3725 1089 3803 ἄγγελοι
1138 3725 1387 3780 καλεῖται
1432 3727 1506 3791 ὡς
1550 3729 1648 3790 τὰς
1684 3728 1835 3790 θείας

246 3816 619 3883 ὲκεραντορίας
650 3815 917 3883 ἀγγέλλον
950 3834 1008 3870 τε
1028 3800 1135 3869 οιαὶ
1157 3816 1473 3880 διαϐιϐάζον
1509 3816 1643 3887 πρὸς
1666 3818 1831 3887 ἡμᾶς.

250 3909 371 3978 Τῆς
429 3907 690 3977 τοιαύτης
728 3909 785 3961 δὲ
833 3909 1134 3979 ἁγγελικῆς
1176 3912 1494 3980 ἐπωνυμίας
1531 3911 1622 3963 καὶ
1663 3913 1837 3966 πᾶσαι

248 4003 309 4055 αἱ
368 4002 553 4068 νοεραὶ
596 4000 793 4067 φύσεις
838 4000 1100 4070 ἠξίωνται
1155 4000 1245 4052 διὰ
1274 4001 1333 4051 τὸ
1382 4001 1615 4071 πρώτως
1653 4001 1838 4064 αὐτοῖς

246 4089 569 4157 ἐγγίνεσθαι
615 4088 715 4159 τὴν
770 4089 1071 4159 θεαρχικὴν
1123 4090 1414 4160 ἔλλαμψιν,
1445 4094 1539 4144 καὶ
1586 4090 1728 4144 οὓτω
1770 4090 1838 4143 δι’

250 4181 442 4234 αὐτῶν
483 4182 564 4241 εἰς
604 4182 753 4250 ἡμᾶς
812 4180 1319 4251 διαπορθμεύεσθαι
1368 4182 1467 4244 τὰς
1519 4181 1658 4251 ὑπὲρ
1692 4183 1840 4252 ἡμᾶς

248 4271 657 4340 ὲκφαντορίαςο
717 4270 811 4323 καὶ
841 4271 868 4321 6
896 4269 1059 4339 νόμος
1115 4271 1223 4338 γὰρ
1258 4271 1421 4333 αὐτὸς
1468 4271 1535 4325 δι’
1588 4271 1841 4341 ἀγγέλων

251 4365 395 4434 ἡμῖν
438 4362 709 4432 ἐδωρήθη,
739 4364 836 4415 καὶ
866 4362 991 4423 τοὺς
1019 4361 1267 4425 κλεινοὺς
1289 4366 1385 4416 καὶ
1416 4364 1521 4432 πρὸ
1554 4364 1719 4433 νόμου
1748 4365 1841 4418 καὶ

257 4453 404 4521 μετά
442 4451 607 4521 νόμον
632 4452 884 4522 Πατέρας
918 4452 1141 4521 ἄγγελοι
1172 4454 1305 4523 πρὸς
1337 4454 1394 4506 τὸ
1417 4453 1561 4509 θεῖον
1593 4455 1797 4524 ἀνῆγον
1822 4471 1836 4486 ·

252 4544 354 4594 καὶ
393 4541 508 4610 γὰρ
541 4542 628 4595 διὰ
668 4543 761 4595 τὸν
799 4543 1018 4614 πρῶτον
1054 4544 1122 4596 τά
1168 4543 1400 4612 δεύτερα
1431 4546 1569 4613 πρὸς
1605 4544 1665 4599 τὸ
1696 4546 1839 4599 θεῖον

252 4636 579 4701 ἀνάγονται.
611 4634 686 4687 Οὐ
713 4634 872 4704 μόνον
911 4633 967 4686 δὲ
1002 4635 1055 4687 ai
1090 4636 1220 4705 περὶ
1244 4636 1391 4705 ἡμᾶς
1425 4633 1611 4705 νοεραὶ
1646 4636 1841 4702 φύσεις

252 4725 429 4791 εἰσὶν,
462 4724 597 4776 ἀ).λά
638 4726 733 4778 καὶ
783 4725 842 4777 ὲν
880 4724 1071 4789 αὑταῖς
1118 4726 1239 4789 ταῖς
1274 4726 1602 4795 ὁμοταγέσιν
1651 4729 1839 4801 ίεραρ-

224 4788 410 4921 Ιχίαις
436 4813 657 4885 πρῶται
686 4816 781 4869 καὶ
811 4815 975 4885 μέσαι
1030 4819 1124 4870 καὶ
1160 4819 1468 4872 τελευταῖαι
1496 4821 1676 4885 τάξεις
1708 4821 1838 4887 είσὶ,

258 4907 362 4955 καὶ
419 4902 534 4954 τῶν
560 4905 800 4973 ἡττόνων
836 4904 885 4956 οί
922 4904 1190 4975 θειότεροι
1234 4909 1566 4975 χειραγωγοὶ
1622 4908 1713 4961 ἐπὶ
1745 4910 1844 4980 τὴν

257 4997 418 5055 Θείαν
462 4993 829 5066 προσαγωγὴν
871 4997 967 5047 καὶ
1018 4994 1283 5065 ελλαμψιν
1330 4997 1595 5064 γίνονται.
1636 5001 1744 5052 Καὶ
1774 5001 1842 5054 τὰ

260 5091 369 5163 μιν
402 5087 681 5156 ἀγιὼτατα
710 5087 820 5139 τῶν
863 5086 1190 5157 ὑπερτάτων
1234 5087 1432 5163 οὐσιῶν
1462 5091 1720 5160 τάγματα
1753 5094 1847 5145 καὶ

260 5161 537 5251 ἀγγέλους
566 5179 826 5233 καλοῦσιν
864 5180 913 5232 οἱ
944 5178 1205 5247 θεολόγοι,
1242 5181 1313 5245 ὡς
1348 5161 1566 5252 εἴρηται
1595 5186 1710 5250 (καὶ⁵
1738 5186 1846 5257 γάρ

261 5278 410 5329 εἰσιν
451 5271 824 5341 ὲκφαντορικὰ
858 5271 955 5324 καὶ
997 5271 1138 5325 αὐτὰ
1186 5273 1284 5342 τῆς
1326 5273 1621 5346 θεαρχικῆς
1652 5279 1853 5349 ἐλλάμ-

262 5364 446 5436 ψεως)
468 5379 482 5392 ’
511 5362 611 5432 τὴν
640 5362 695 5415 δὲ
734 5362 1052 5415 τελευταίαν
1079 5363 1230 5428 τάξιν
1259 5362 1367 5417 τῶν
1392 5367 1661 5435 οὐρανίων
1688 5370 1849 5433 νοῶν,

266 5456 527 5509 τουτέστι
558 5455 684 5513 τοὺς
710 5452 997 5519 ἀγγέλους,
1029 5454 1129 5503 οὐκ
1169 5451 1286 5520 ἔχει
1313 5451 1469 5521 λόγον
1502 5455 1783 5523 Χερουϐὶμ
1814 5459 1845 5527 ἦ

269 5550 531 5619 Σεραφὶμ
580 5547 613 5615 ἢ
648 5544 885 5610 Θρόνους
909 5544 1236 5613 ὀνομάζειν·
1276 5544 1397 5597 οὐδὲ
1437 5545 1547 5616 γάρ
1575 5550 1722 5601 ἐστιν
1779 5550 1837 5600 ἐν

277 5640 549 5711 μετουσίᾳ
578 5638 685 5691 τῶν
726 5637 1047 5707 ὑπερτάτων
1077 5637 1379 5708 δυνάμεων.
1424 5638 1567 5710 Πρὸς
1602 5640 1691 5691 ἐπὶ
1725 5641 1850 5694 τού-

351 5777 401 5811 ⁸³
428 5775 575 5832 Psal.
606 5789 831 5837 cxtvnt,
861 5775 910 5828 5.

608 5874 882 5934 Panos.
926 5871 1038 5935 Cm.
1089 5874 1341 5938 cum.
3186 5884 3225 5941 6
