4204 6450
260 393 361 455 Πτ

1525 404 1922 467 ΛΝΝΛΗΠΜ
1965 406 2155 466 PARS
2203 407 2245 465 Ι.

3380 398 3497 462 178

256 516 317 565 οὐ
374 516 610 583 μικρῶς,
659 518 834 587 λέγων
894 540 911 573 1
944 520 1007 574 Εἰ
1062 525 1420 593 κρεωδαισίας
1464 528 1563 579 οὐκ
1613 524 1680 595 ἦν
1723 530 1826 594 πρ⁵›

1933 543 2121 595 parum
2159 525 2427 578 hmsitare.
2462 521 2515 575 Si
2545 521 2817 581 carnium,
2843 518 3012 581 dives,
3060 525 3186 571 ante
3232 516 3494 570 diluvium

258 596 353 647 τοῦ
381 599 764 669 κατακλυσμοῦ
800 606 989 673 καιρὸς
1016 647 1029 667 ,
1062 607 1205 669 τίνος
1252 609 1439 663 ἕνεκεν
1470 613 1495 662 6
1523 610 1689 662 ’Δόελ
1715 627 1829 662 ποι-

260 685 369 756 μὴν
429 690 724 758 προϐάτων
774 694 1021 760 ἐγένετος
1053 715 1071 748 ι
1123 697 1267 751 Ἀλλ’
1296 701 1495 753 εἰδέναι
1553 700 1831 754 κάνταῦθα

221 840 226 848 Ι
258 777 496 844 ὀφείλεις
547 780 626 832 ὅτι
678 784 1046 852 περιδολαίων
1076 788 1265 841 ἕνεκεν
1293 793 1324 857 ὴ
1359 791 1467 843 τῶν
1498 791 1831 862 θρεμμάτων

259 868 525 939 ἐπενοήθη
562 874 802 941 φροντὶς,
844 876 922 938 ὡς
959 879 987 929 6
1017 881 1419 951 χρυσορῤήμων
1465 883 1719 955 Ἰωάννης
1753 889 1831 950 είς

260 958 362 1027 τὴν
397 960 727 1031 Ἐξαήμερον
760 966 949 1038 ὲννάτῃ
992 970 1154 1023 αὑτοῦ
1195 973 1382 1044 ὁμιλίᾳ
1419 977 1571 1044 φησί.
1593 978 1832 1029 Πειθέτω

260 1048 318 1101 δέ
355 1066 411 1102 σε
459 1052 596 1121 πρὸς
632 1056 842 1120 τούτοις
871 1061 904 1128 ἡ
941 1061 1069 1127 ἁγία
1101 1062 1293 1134 Γραφὴ
1324 1066 1451 1132 περὶ
1480 1068 1590 1120 τῶν
1619 1085 1833 1136 πρωτο-

264 1140 518 1194 πλάστων
541 1142 683 1197 οὕτω
710 1146 972 1215 λέγουσα.
1011 1169 1028 1202 ι
1062 1153 1173 1207 Καὶ
1217 1157 1449 1225 χιτῶνας
1476 1160 1834 1228 δερματίνους

260 1231 508 1284 ἐνέδυσεν
556 1235 775 1300 αὑτούς.
811 1258 832 1291 ι
886 1242 1114 1297 Ἐκτοτε
1156 1246 1265 1316 γὰρ
1312 1248 1513 1315 ἔδειξεν
1542 1252 1569 1302 6
1613 1250 1745 1315 Θεὸς
1774 1253 1834 1305 τό

260 1338 317 1373 τε
364 1324 634 1408 χρήσιμον
686 1330 821 1397 ὁμοῦ
864 1333 961 1401 τῆς
1021 1337 1319 1409 περιὼλῆς
1371 1341 1465 1391 καὶ
1514 1342 1827 1411 ἀπέριττον.

271 1412 604 1504 ᾮκονόμησε
654 1418 764 1490 γὰρ
796 1422 823 1473 6
856 1421 988 1486 Θεὸς
1026 1425 1132 1478 ἀπὸ
1183 1428 1289 1480 τῶν
1317 1430 1479 1499 ἐρίων
1533 1432 1642 1484 τῶν
1698 1451 1833 1504 προ-

259 1502 441 1555 ϐάτων
469 1506 535 1559 τὰ
588 1507 861 1577 ἐνδύματα
891 1515 1005 1577 τοῖς
1061 1517 1376 1587 ἀνθρώποις
1426 1502 1834 1588 κατασκευάζε-

262 1592 409 1656 σθαι,
439 1595 652 1659 οὐδενὶς
677 1599 864 1666 ἑτέρου
887 1603 1073 1657 ἕνεκεν
1105 1607 1292 1677 ῆῶστε
1327 1612 1535 1681 σκέπην
1556 1615 1829 1680 γενέσθαι.

259 1681 357 1732 καὶ
412 1682 487 1752 μὴ
520 1683 581 1737 τὸ
622 1685 839 1755 λογικὸν
873 1690 1032 1747 τοῦτο
1084 1695 1222 1757 ζῶον
1278 1700 1420 1750 κατὰ
1456 1698 1514 1751 τὸ
1563 1699 1692 1751 αὐτὸ
1723 1704 1831 1763 τοῖς

259 1769 475 1839 ἀλόγοις
509 1774 567 1826 ὲν
623 1776 922 1849 γυμνότητι
954 1784 1047 1834 καὶ
1074 1784 1436 1859 ἀσχημοσύνῃ
1490 1788 1722 1854 διάγειν.
1764 1790 1829 1843 'll

1932 632 2041 669 nou
2065 623 2184 669 erat
2224 629 2372 671 usus.
2412 629 2508 666 cur
2551 613 2767 666 tandem
2794 610 2996 664 Abelus
3019 616 3136 663 erat
3161 608 3364 676 Opilio?
3398 608 3501 661 Ve-

1932 723 2050 761 rum
2079 707 2219 761 scire
2251 706 2416 760 debes
2445 704 2717 773 pecudum
2763 718 2948 755 curam
3001 701 3280 754 inventam
3333 699 3500 751 fuisse

1930 798 2381 851 vestimentorum
2413 810 2597 855 causa,
2655 791 3117 862 quemadmodum
3168 791 3218 843 iu
3253 789 3502 842 oratione

1932 888 1999 940 de
2044 901 2138 940 sex
2170 886 2379 939 dierum
2439 884 2698 952 operibus
2749 883 2780 936 9
2822 880 3239 949 Chrysostomus
3307 878 3502 944 inquit.

1933 976 2186 1045 Ejusdem
2218 974 2378 1028 ﬁdem
2407 972 2503 1026 tibi
2555 972 2774 1024 Littera“:
2802 984 2969 1024 sacrae
3011 968 3232 1032 facient,
3264 966 3332 1019 de
3390 966 3505 1034 pti-

1935 1083 2081 1118 tnum
2110 1064 2354 1118 formatis
2389 1062 2705 1117 [nominibus
2738 1061 2812 1114 ita
2845 1060 3135 1128 loquentes
3165 1074 3178 1110 :
3218 1056 3315 1108 «Et
3344 1057 3505 1125 pelli—

1933 1158 2045 1211 ceis
2072 1156 2273 1211 tunicis
2306 1170 2401 1209 eos
2428 1155 2573 1208 Deus
2604 1152 2895 1206 induit“.t
2932 1148 3065 1203 Nam
3091 1149 3193 1202 hoc
3220 1148 3335 1217 ipso
3362 1147 3506 1201 Deus

1934 1259 1988 1304 et
2020 1249 2310 1304 utilitatem
2355 1248 2517 1316 hujus
2547 1242 2786 1299 amictus
2821 1242 3069 1299 ostendit
3096 1249 3153 1295 et
3182 1224 3509 1307 simplicitao

1936 1353 2041 1396 tem
2086 1340 2497 1394 inelaboratam.
2560 1337 2741 1390 Voluit
2778 1336 2925 1391 enim
2962 1343 3113 1389 certo
3166 1331 3398 1387 consilio
3441 1335 3509 1382 de

1935 1433 2071 1486 lanis
2101 1432 2283 1486 ovium
2308 1438 2490 1485 vestes
2522 1428 2833 1481 hominibus
2870 1425 3008 1489 ﬁeri,
3045 1424 3149 1477 alia
3192 1431 3339 1477 certe
3364 1422 3507 1474 nulla

1934 1525 2000 1578 tle
2041 1538 2205 1577 causa
2245 1536 2407 1590 quam
2445 1530 2502 1575 ut
2540 1527 2914 1589 tegumentum
2959 1516 3245 1578 haberent,
3282 1531 3385 1567 neu
3422 1530 3509 1564 r:t-

1935 1613 2099 1667 tionis
2130 1614 2233 1667 hoc
2266 1610 2536 1681 particeps
2572 1609 2796 1673 animal,
2848 1609 3127 1661 hrutorum
3162 1620 3333 1664 more,
3371 1620 3510 1672 qua—

1934 1704 2056 1758 dam
2088 1718 2210 1757 cum
2245 1700 2589 1756 deformitate
2636 1715 2699 1754 ac
2756 1696 3139 1751 iuvem-cundia
3192 1694 3395 1748 nudum
3430 1695 3511 1745 iu-

1934 1795 2172 1849 cederet.
2229 1792 2295 1847 Et
2349 1792 2566 1859 quidem
2630 1789 2721 1844 hic
2782 1789 3231 1843 vestimentorum
3282 1783 3513 1837 ιιιιιίυτιις

258 1862 440 1953 τοίνυν
476 1864 586 1953 τῶν
637 1867 872 1937 ίματῖων
902 1874 1164 1946 περιϐολὴ
1213 1877 1522 1948 ὑπόμνησις
1566 1882 1700 1951 ἡμῖν
1741 1898 1826 1945 γι-

1933 1894 2191 1953 perpetua
2221 1884 2381 1938 nobis
2420 1884 2492 1938 sit
2530 1880 2987 1937 commonefacliu
3019 1880 3205 1949 lapsus
3249 1877 3367 1942 ejus
3405 1890 3515 1945 quo

262 1948 438 2003 νέσθω
471 1951 725 2022 διηνεκὴς
769 1959 868 2026 τῆς
904 1962 1010 2013 τῶν
1061 1965 1282 2031 ἀγαθῶν
1330 1948 1686 2033 ἐκπτώσεως,
1738 1974 1835 2024 καὶ

261 2039 362 2109 τῆξ
392 2044 662 2114 τιμωρίας
688 2047 1011 2115 διδάσκαλος
1058 2052 1126 2124 ἢν
1168 2056 1259 2110 διὰ
1306 2058 1406 2127 τὴν
1435 2062 1727 2129 παρακοὴν
1776 2062 1836 2115 τὸ

261 2132 370 2184 τῶν
414 2134 719 2206 ἀνθρώπων
763 2141 920 2208 γένος
965 2144 1204 2209 ἐδέξατο.
1243 2150 1353 2203 Καὶ
1382 2146 1503 2205 εῐπε
1558 2153 1694 2221 πρὸς
1743 2156 1833 2206 τὸν

273 2225 444 2317 ΪΔδὰμ
470 2231 497 2282 6
531 2229 685 2294 Θεός⁹
724 2250 743 2284 t
785 2234 918 2313 Ἀπὸ
953 2237 1174 2293 πάντων
1194 2241 1303 2294 τῶν
1322 2242 1379 2294 ὲν
1410 2243 1489 2312 τῷ
1516 2244 1833 2317 παραδείσῳ

263 2313 463 2384 βρώσει
493 2320 664 2393 φάγῃ,
714 2323 824 2377 ἀπὸ
870 2325 927 2379 δὲ
958 2327 1054 2380 τοῦ
1088 2327 1247 2393 ξύλου
1290 2330 1383 2384 τοῦ
1414 2313 1705 2396 γινώσιιειν
1741 2313 1837 2388 κα-

258 2406 367 2499 λδνᾼ
409 2413 504 2464 καὶ
557 2415 812 2485 πονηρὸν,
837 2417 898 2470 οὑ
935 2420 1175 2489 φάγεσθε
1205 2422 1301 2476 ἀπ’
1349 2423 1552 2479 αὑτοῦο
1690 2426 1733 2479 δ’
1768 2427 1835 2481 ἂν

260 2497 443 2571 ἡμέρᾳ
478 2502 689 2573 φάγητε
725 2506 822 2560 ἀπ’
851 2509 1039 2576 αὑτοῦ,
1071 2510 1288 2584 θανάτῳ
1326 2497 1709 2570 ἀποθανεῖσθε.
1745 2536 1765 2569 ι

457 2640 466 2649 ε
540 2620 681 2687 Περὶ
709 2621 818 2676 τοῦ
848 2623 1042 2687 ξύλου
1067 2627 1175 2682 τοῦ
1209 2632 1552 2697 γινώσκειν.
1778 2688 1785 2695 .

343 2724 482 2775 Ἀλλ’
511 2725 743 2779 ἐνταῦθα
771 2732 1072 2801 προσοχῆς,
1106 2737 1380 2806 ἀγαπητὲ,
1414 2743 1577 2810 χρεία
1609 2744 1829 2811 πολλῆς.

262 2815 538 2882 Διαφωνία
569 2819 664 2870 καὶ
693 2822 804 2891 γὰρ
835 2823 893 2873 οὑ
923 2826 1093 2893 μικρὰ
1125 2827 1272 2895 παρὰ
1312 2832 1444 2884 πᾶσι
1486 2833 1671 2902 σχεδὸν
1704 2835 1833 2905 περί

262 2920 325 3006 τε
353 2906 453 3006 της
489 2908 709 3006 itit-seuit:
746 2912 841 3006 τοῦ
866 2914 1035 2981 φυτοῦ
1066 2916 1407 2974 ἑκείνου-καὶ
1434 2921 1536 2992 τῆς
1577 2923 1833 2994 βρώσεως

162 3040 171 3046 .
264 2994 453 3048 αὑτοῦ.
489 2998 598 3081 καὶ
624 2998 685 3051 οὑ
721 2998 881 3053 τοῦτο
920 3001 1103 3071 μόνον,
1142 3006 1278 3059 ἀλλὰ
1310 3010 1404 3060 καὶ
1438 3008 1694 3079 βρώσεως
1735 3015 1834 3083 ἐμ-

264 3086 549 3156 φορεῖσθαι
582 3087 803 3156 λέγουσι
858 3090 948 3143 τὸν
1003 3092 1178 3163 Ἀδὰμ
1213 3097 1497 3169 αἰσθητῆς,
1551 3105 1726 3154 ποιεῖν
1773 3121 1831 3156 τε

1940 1978 2102 2030 ισηιτε
2138 1975 2298 2028 bonis
2340 1974 2666 2035 excidimus,
2702 1972 2877 2042 deque
2934 1985 3091 2039 poena
3142 1984 3243 2023 nos
3299 1968 3515 2020 erudiat

1935 2082 2039 2137 qua
2069 2082 2239 2137 genus
2292 2067 2589 2120 humanum
2619 2073 2838 2134 propter
2878 2061 3301 2117 inohedientiam
3340 2058 3513 2112 allici-

1937 2168 2043 2214 tur.
2075 2158 2342 2213 Cancrum
2375 2157 2488 2211 hzee
2516 2171 2733 2227 quoque
2778 2157 2918 2210 Deus
2969 2155 3037 2209 ad
3084 2153 3348 2208 Adamum
3382 2166 3509 2219 pro-

1938 2252 2097 2306 tulit:
2136 2249 2436 2306 tOmnibus
2465 2249 2701 2320 paradisi
2731 2248 3015 2303 arboribus
3040 2246 3296 2311 vesceris,
3317 2251 3514 2312 praeter

1936 2341 2187 2397 arborem
2222 2341 2465 2396 scientiae
2517 2338 2646 2394 boni
2702 2349 2870 2408 atque
2917 2336 3062 2391 mali.
3116 2333 3250 2389 Nam
3286 2348 3349 2387 ea
3376 2344 3513 2400 quo-

1936 2447 2152 2502 cunque
2185 2432 2271 2487 die
2298 2429 2623 2494 vescentini,
2657 2438 2836 2483 morte
2865 2425 3249 2481 multattiutiui.
3292 2441 3311 2475 ι

2392 2635 2468 2691 De
2499 2636 2686 2689 arbore
2718 2633 3054 2702 cognitionis.

2008 2747 2275 2801 Accurate
2307 2742 2417 2804 hic.
2452 2741 2647 2794 dilecte
2687 2736 2781 2799 εις,
2810 2735 2939 2803 quid
2977 2734 3191 2788 dicatur
3220 2731 3512 2787 advertitu.

1935 2840 2071 2894 Nam
2097 2836 2364 2893 dissensio
2393 2850 2501 2888 non
2524 2832 2711 2899 exigua
2738 2827 3130 2900 propemodum
3162 2826 3302 2881 inter
3326 2838 3519 2879 omnes

1937 2942 2019 2989 est
2048 2942 2159 2985 tttm
2193 2930 2261 2985 de
2292 2927 2507 2982 arboris
2536 2925 2701 2991 huius
2730 2933 2922 2976 natura
2948 2931 3061 2975 tum
3092 2919 3374 2973 t‘ruitioue.
3412 2917 3519 2969 Ne-

1937 3040 2043 3093 que
2065 3024 2133 3079 de
2161 3023 2263 3076 hoc
2296 3028 2528 3081 tantum,
2556 3016 2651 3071 sed
2676 3015 2838 3070 etiam
2873 3012 3118 3067 nonnulli
3155 3011 3341 3064 volunt
3368 3009 3515 3063 Ada-

1936 3130 2083 3169 ntum
2133 3113 2255 3169 cibo
2304 3108 2491 3165 sensili
2542 3106 2713 3161 fuisse
2762 3105 3037 3168 satiatum,
3072 3116 3243 3171 eaque
3296 3110 3409 3154 tum
3442 3100 3518 3154 fe-

261 3179 359 3231 καὶ
414 3180 643 3248 πάσχειν
672 3182 774 3234 ὅσα
814 3183 954 3251 μετὰ
988 3185 1085 3255 τὴν
1134 3187 1340 3258 βρῶσιν
1385 3190 1444 3257 ἐξ
1487 3192 1737 3265 ἀνάγκης
1765 3199 1826 3266 τῇ

1938 3207 2080 3260 cisse
2114 3213 2225 3257 tum
2261 3214 2483 3271 passum
2515 3212 2639 3253 esse
2671 3212 2792 3267 qure
2820 3211 2850 3250 a
2894 3202 3048 3265 pastu
3083 3192 3395 3248 necessario
3422 3205 3518 3244 na-

261 3271 427 3339 θνητῇ
462 3271 621 3339 φύσει
657 3274 985 3343 παρέπεται.
1015 3277 1180 3333 Ὅθεν
1227 3282 1525 3349 ἀναγκαῖον
1570 3288 1697 3358 περὶ
1728 3288 1831 3356 τῆς

262 3363 477 3430 φύσεως
506 3365 670 3419 αὑτοῦ
705 3366 798 3419 τοῦ
838 3369 1013 3439 Ἀδὰμ
1038 3371 1316 3427 διαλαϐεῖν
1348 3377 1637 3449 πρότερον.
1673 3381 1831 3434 Οὑτω

261 3451 371 3519 γὰρ
398 3452 814 3523 ἐπιγνωσόμεθα
863 3460 1006 3513 κατά
1049 3476 1113 3527 γε
1160 3461 1220 3515 τὸ
1262 3465 1543 3536 ἐγχωροῦν
1575 3468 1661 3530 τίς
1707 3486 1762 3521 τε
1797 3472 1829 3540 ἠ

261 3542 464 3610 βρῶσις
497 3546 561 3616 ῆν
598 3547 760 3610 αὐτὸς
792 3549 849 3601 ἐν
879 3549 957 3617 τῷ
984 3552 1300 3625 παραδείσῳ
1336 3556 1527 3627 ἢσθιεν
1561 3562 1588 3612 6
1630 3561 1827 3630 Ἀδὰμ,

257 3636 351 3687 καὶ
377 3635 438 3688 τὸ
469 3637 634 3703 φυτὸν
668 3640 928 3700 ὡσαύτως
956 3643 1056 3711 τῆς
1086 3646 1338 3712 γνώσεως
1369 3652 1555 3703 ὁποῖον
1595 3652 1701 3723 ἄρα
1733 3655 1831 3723 τὴν

257 3724 422 3793 φύσιν
453 3727 769 3799 ἐτύγχανεν.
806 3733 1045 3816 Πρόσεχε
1075 3735 1187 3791 οὖν.
1213 3739 1315 3791 Τὸν
1354 3741 1524 3812 Ἀδὰμ
1555 3745 1705 3798 ἄλλοι
1735 3747 1832 3816 μὲν

256 3817 449 3885 θνητον
478 3819 581 3872 ὑπὸ
606 3822 740 3874 Θεοῦ
767 3812 1123 3896 παραχθῆναι
1153 3848 1340 3897 φασιν,
1370 3834 1548 3905 ἕτεροι
1573 3837 1629 3889 δὲ
1657 3812 1829 3905 μέσηι

255 3909 420 3961 αὑτὸν
452 3909 598 3980 ἔχειν
638 3912 1074 3984 διισχυρίζονται
1109 3918 1285 3985 τάξιν,
1313 3922 1597 3977 τουτέστιν
1625 3924 1830 3978 ἀθαναὲ

258 3998 381 4062 σίας
409 3996 550 4054 εἶναι
587 4003 749 4070 μέσον
802 4005 967 4059 αὑτὸν
1000 4009 1098 4062 καὶ
1124 4009 1455 4081 θνητότητος
1477 4029 1490 4043 ·
1526 4015 1575 4066 εί
1605 4015 1680 4085 μὴ
1722 4015 1830 4087 γὰρ

253 4093 417 4146 τοῦτο
438 4090 525 4164 ἦν,
558 4096 633 4158 ὡς
660 4098 861 4151 ἐκεῖνοί
892 4116 1083 4167 φασιν,
1111 4102 1211 4154 οὑκ
1242 4104 1311 4156 ἂν
1340 4104 1584 4158 ὑπέπεσε
1614 4106 1832 4177 θανάτῳ

264 4187 405 4254 μετά
438 4187 536 4256 τὴν
568 4188 900 4256 παράϐασιν.
966 4192 1110 4245 Ἀλλ’
1141 4195 1278 4262 ἄφες
1310 4198 1533 4259 αὑτοὺς,
1585 4199 1699 4267 είγε
1736 4200 1831 4252 καὶ

255 4275 460 4344 μᾶλλον
502 4279 529 4329 6
583 4278 743 4344 σοφὸς
797 4280 1051 4349 Σολομὼν
1078 4284 1135 4334 ὲν
1171 4287 1237 4354 τῇ
1275 4284 1459 4358 Σοφίᾳ,
1491 4286 1657 4339 αὑτοῦ
1690 4289 1831 4341 κατὰ

249 4368 400 4432 λέξιν
428 4367 597 4432 οὕτως
648 4368 877 4440 εὓρηται
912 4370 1109 4440 λέγων’
1154 4392 1171 4421 t
1217 4375 1274 4428 Ὀ
1303 4375 1436 4438 Θεὸς
1469 4376 1701 4431 θάνατον
1730 4379 1831 4431 οὑκ

252 4458 529 4526 ἐποίησεν,
554 4459 672 4512 ἀλλ’
701 4462 790 4512 ἐπ’
833 4456 1112 4534 ἀφθαρσίᾳ
1174 4465 1259 4517 τον
1314 4467 1600 4537 ἄνθρωπον
1644 4467 1829 4522 ἔκτισε

251 4550 374 4604 κατ’
400 4550 590 4603 εἰιοὸνα
645 4552 745 4623 τῆς
795 4553 1096 4625 ἀῖδιότητος
1153 4557 1342 4610 αὑτοῦ.
1378 4560 1561 4628 Φθόνῳ
1615 4560 1671 4612 δὲ
1726 4560 1819 4612 τοῦ

248 4642 500 4697 διαϐόλου
531 4642 761 4707 θάνατος
796 4647 873 4709 εἰς
907 4647 997 4699 τὶν
1039 4649 1248 4717 κόσμον
1288 4651 1558 4719 εἰσῆλθεν.
1603 4673 1621 4704 ι
1655 4652 1824 4722 Εἴπερ

250 4735 348 4788 οὖν
402 4736 431 4787 6
468 4736 602 4801 Θεὸς
639 4735 726 4788 ἐπ’
779 4738 1062 4809 ἀφθαρσίᾳ
1118 4740 1464 4794 ἔκτισε“κατ’
1513 4743 1698 4796 εἰκόνα
1726 4744 1827 4812 τῆς

249 4826 558 4897 ἀῖδιότητος
587 4828 775 4894 αὑτοῦ,
825 4830 942 4897 πῷς
993 4832 1239 4900 εἴπωμεν
1286 4835 1448 4887 αὐτον
1499 4834 1825 4887 ὑποκεῖσθαι

248 4922 430 4991 φθορᾷ
468 4924 561 4973 καὶ.
592 4922 901 4991 θνητότητι,
938 4927 1031 4976 καὶ
1067 4925 1242 4978 ταῦτα
1268 4926 1362 4978 τοῦ
1393 4926 1529 4979 Θεοῦ
1569 4927 1823 4994 θάνατον,

246 5014 322 5074 ὼς
354 5013 591 5082 εἴρηται,
625 5016 698 5082 μὴ
728 5016 1054 5083 ποιήσαντος
1085 5019 1179 5072 ἀπ’
1207 5021 1380 5090 ἀρχῆς
1403 5037 1418 5085 ;
1445 5023 1507 5074 EE
1532 5024 1636 5091 γὰρ
1661 5022 1825 5076 εἴπω-

252 5123 356 5173 μεν
390 5106 473 5155 ὅτι
502 5104 562 5155 τὸ
595 5106 753 5173 σῶμα
778 5106 873 5158 τοῦ
918 5108 1090 5178 ’Λδὰμ
1121 5112 1294 5164 ἐκεῖνο
1341 5113 1434 5189 καὶ
1480 5113 1654 5184 φθορᾷ
1684 5116 1825 5168 κατά

249 5216 301 5247 τι
341 5196 598 5264 ατρόπον
630 5197 908 5265 ὑπέκειτο,
938 5202 1090 5252 οὐδέν
1137 5220 1189 5255 τι
1241 5206 1596 5276 παριστῶμεν
1636 5208 1824 5278 ἓτερον

247 5289 280 5356 ῆ
324 5288 404 5339 ὅτι
447 5289 596 5359 παρᾶ
625 5287 762 5341 Θεοῦ
798 5290 857 5342 τὸ
908 5292 1205 5363 κατάρχειν
1255 5296 1412 5363 ἡμῶν
1463 5299 1622 5365 ἔσχεν
1676 5299 1709 5368 ἦ
1764 5315 1823 5350 τε

246 5378 430 5446 φθορὰ
485 5384 578 5432 καὶ
626 5382 653 5432 6
712 5381 961 5445 θάνατος.
1010 5384 1150 5436 Ἀλλ’
1202 5387 1302 5437 οὐκ
1341 5387 1455 5439 ἔστι
1505 5387 1680 5452 τοῦτο,
1726 5389 1823 5441 οὐκ

243 5472 416 5536 ἔστιν,
448 5473 529 5525 ὃτι
569 5474 703 5544 μηδὲ
757 5474 1013 5538 θανάτου,
1048 5477 1192 5530 καθᾶ
1239 5478 1303 5548 δὴ
1338 5481 1430 5533 καὶ
1472 5483 1817 5550 προςίρηται,

241 5563 477 5631 ποιητὴς
508 5564 535 5613 6
562 5564 717 5627 Θεὸς,
764 5566 1157 5636 Ἀμφιόάλλειν
1208 5566 1302 5622 οὑν
1333 5573 1427 5623 ἐπὶ
1479 5573 1689 5635 τούτοις
1718 5575 1817 5626 οὐκ

238 5652 416 5716 ἄξιον.
454 5651 513 5706 ΕΞ
555 5655 653 5724 μὲν
705 5659 813 5727 γὰρ
861 5658 948 5711 ὅτε
999 5664 1290 5728 παρῂγαγε
1326 5660 1418 5713 τὸν
1454 5663 1741 5733 ἄνθρωπον
1789 5668 1817 5717 ὁ

319 5793 365 5825 ⁸⁸
389 5793 525 5851 Gen.
557 5813 641 5863 ιιι,
672 5798 761 5853 ΞΗ.
840 5802 880 5831 ⁸⁷
918 5802 1045 5872 Sap.
1085 5805 1254 5872 1,13;
1288 5821 1346 5871 ιι,
1389 5806 1477 5860 ‘25.

1939 3308 2076 3350 torte
2127 3292 2340 3347 mortali
2391 3296 2799 3346 consueverunt
2850 3282 3127 3341 accidere.
3178 3284 3523 3353 Quapropter

1938 3387 2055 3456 ipsa
2085 3385 2315 3455 requirit
2359 3381 2660 3437 necessitas
2709 3388 2768 3433 ut
2796 3378 2863 3433 de
2899 3378 3070 3447 ipsius
3104 3376 3295 3429 Adatui
3324 3383 3517 3427 natura

1938 3480 2088 3550 prius
2114 3476 2361 3547 qumdam
2394 3486 2748 3543 exponamus.
2786 3470 2918 3525 Nant
2953 3484 3015 3522 ea
3067 3468 3279 3521 ratione
3318 3481 3521 3535 cogno-

1935 3584 2169 3633 scemus,
2202 3575 2469 3637 quantum
2520 3564 2743 3634 quidem
2788 3562 2907 3630 ejus
2963 3560 3078 3615 fieri
3130 3558 3356 3628 poterit,
3397 3557 3519 3624 quis

1935 3663 2091 3718 cibus
2121 3661 2209 3715 ille
2233 3658 2396 3713 fuerit
2420 3672 2528 3727 quo
2549 3656 2605 3710 in
2631 3654 2881 3726 paradiso
2910 3654 3233 3707 vescebatur
3253 3649 3517 3707 Adamus,

1934 3764 1989 3810 et
2010 3769 2129 3825 quae
2162 3753 2373 3807 arboris
2405 3747 2651 3804 scientiae
2687 3755 2879 3802 natura
2909 3744 3204 3799 exstiterit.
3247 3742 3514 3796 Adamum

1936 3846 2027 3900 alii
2070 3844 2288 3915 quidem
2329 3857 2359 3896 a
2394 3842 2505 3897 Deo
2537 3838 2818 3895 conditum
2878 3837 3047 3891 fuisse
3097 3833 3378 3888 mortalem
3432 3830 3518 3883 ui-

1935 3944 2086 4001 eunt,
2121 3934 2210 3989 alii
2242 3949 2374 3989 vero
2403 3932 2583 3987 medio
2610 3931 2847 4001 quodam
2878 3931 2999 3986 loco
3040 3928 3400 3990 constituunt,
3429 3924 3516 3977 ιιτ-

1936 4030 2135 4085 mirum
2168 4028 2313 4082 inter
2343 4023 2817 4080 immortalitatem
2869 4030 2924 4077 et
2974 4012 3381 4075 mortalitatem:
3426 4018 3520 4071 Et-

1933 4126 2077 4182 enim
2114 4124 2321 4193 absque
2356 4121 2457 4177 hoc
2494 4120 2656 4186 foret,
2710 4129 2770 4175 ιιι
2825 4119 2929 4191 ipsi
2980 4118 3204 4189 quidem
3240 4115 3516 4184 inquiunt,

1932 4232 2044 4272 non
2104 4225 2227 4283 post
2286 4211 2791 4283 transgressionum
2855 4211 3014 4265 morti
3079 4209 3272 4263 fuisset
3334 4207 3514 4260 [actus

1933 4307 2225 4363 obnoxius.
2258 4305 2556 4360 Enimvero
2598 4312 2656 4357 tu
2705 4304 2805 4357 hos
2841 4304 3037 4357 missos
3069 4300 3252 4365 tacito,
3296 4298 3514 4367 quando

1933 4399 2149 4469 sapiens
2173 4397 2263 4452 ille
2289 4395 2550 4451 Solomon
2579 4396 2629 4449 iu
2652 4394 2928 4464 Sapientia
2956 4410 3052 4449 sua
3083 4392 3247 4447 tradit
3272 4390 3314 4419 ⁸⁷
3346 4388 3536 4443 Deum.

1935 4502 2167 4545 mortem
2208 4505 2317 4543 non
2345 4489 2680 4553 condidisse,
2716 4487 2827 4540 into
2872 4488 2926 4539 in
2966 4494 3111 4540 statu
3143 4484 3397 4539 interitus
3425 4500 3519 4537 ex-

1932 4592 2083 4652 perte
2120 4580 2322 4635 ereavit
2357 4579 2635 4634 hominem
2667 4577 2779 4647 86
2805 4577 2871 4632 ad
2915 4576 3210 4646 imaginem
3242 4574 3520 4629 atteruita-

1931 4672 2003 4726 tis
2035 4687 2169 4727 sum.
2219 4670 2421 4725 Verum
2455 4670 2718 4737 deinceps
2769 4668 2976 4723 invidia
3029 4668 3226 4723 diaboli
3274 4681 3425 4721 mors
3464 4670 3520 4720 in

1932 4760 2195 4815 ntundum
2226 4761 2395 4814 venit.
2450 4759 2628 4825 Quare
2675 4759 2721 4813 si
2769 4758 2912 4814 Deus
2972 4760 3028 4813 in
3074 4758 3218 4812 statu
3262 4757 3521 4810 interitus

1929 4864 2159 4923 experte
2196 4853 2261 4907 ad
2296 4853 2591 4921 imaginem
2636 4852 2958 4906 aeternitatis
3001 4867 3115 4905 sua:
3149 4848 3392 4904 condidit
3424 4848 3526 4900 ho-

1932 4944 2157 5006 minem.
2202 4958 2308 5014 quo
2345 4953 2504 5014 pacto
2561 4942 2673 4999 dici
2734 4958 2764 4997 a
2820 4944 2975 4998 nobis
3020 4952 3201 5013 potest
3256 4943 3521 4995 Mamum

1933 5034 2179 5089 interitui
2229 5033 2663 5103 tuortalitatique
2726 5032 2834 5087 ulla
2888 5047 2956 5087 ex
3012 5042 3166 5102 parte
3219 5030 3517 5085 obnoxium

1933 5124 2143 5181 fuisse?
2169 5124 2467 5194 praesertim
2503 5139 2627 5179 cum
2659 5134 2911 5186 mortem,
2946 5138 3048 5178 ceu
3081 5123 3281 5177 dictum
3317 5130 3423 5185 est,
3452 5121 3521 5174 ah

1932 5218 2090 5273 initio
2149 5218 2372 5271 minime
2425 5217 2569 5271 Deus
2597 5218 2929 5273 condiderit.
2991 5204 3125 5271 Nam
3178 5216 3221 5270 si
3271 5216 3519 5271 dicamus

1930 5300 2123 5356 Adatni
2154 5314 2359 5369 corpus
2390 5300 2521 5354 illud
2578 5300 2827 5355 interitui
2868 5299 3124 5373 quodam
3186 5298 3349 5352 modo
3392 5298 3522 5351 sub-

1929 5395 2133 5464 jectum
2157 5392 2347 5459 fuisse,
2375 5394 2512 5447 nihil
2533 5392 2683 5448 aliud
2707 5393 3138 5466 signiﬁeabimus
3164 5391 3265 5445 nisi
3294 5400 3519 5444 auctore

1932 5486 2041 5540 Deo
2070 5488 2139 5541 ab
2184 5485 2340 5540 initio
2387 5486 2571 5540 statim
2636 5487 2922 5542 interitum
2966 5501 3032 5541 ac
3069 5494 3302 5539 mortem
3334 5484 3386 5536 in
3418 5496 3519 5537 nos

1928 5568 2218 5645 imperium
2253 5575 2528 5631 habuisse.
2560 5574 2761 5646 Nequit
2785 5583 2965 5631 autem
3013 5577 3117 5631 hoc
3145 5591 3333 5631 verum
3366 5587 3512 5637 esse,

1930 5669 2137 5740 nequit,
2165 5686 2290 5727 eum
2326 5685 2472 5726 mors
2504 5686 2533 5726 a
2570 5670 2700 5737 Deo,
2751 5671 2911 5725 sicuti
2966 5670 3226 5737 diximus,
3263 5668 3514 5740 profecta
