4204 6450
687 401 786 461 183

675 604 1014 660 constituere
1072 606 1303 658 voluerit
1371 608 1776 673 aspcrtzthiliaun
1866 626 2078 679 regem,
2151 614 2244 664 sed

677 696 840 749 etiam
878 695 981 748 huc
1017 694 1306 764 imperium
1348 696 1396 749 ci
1440 712 1762 751 concessum
1798 699 2044 753 absolute
2081 701 2246 755 fuisse

678 788 841 838 rebus
880 785 1012 854 ips’s
1043 786 1355 839 declararit.
1418 789 1629 857 Quippe
1661 790 1727 842 ad
1770 791 1947 859 ipsum
1988 794 2247 845 animalia

676 892 874 936 cuneta
905 879 1148 941 deduxit,
1187 883 1401 935 tametsi
1435 885 1564 951 quid
1601 893 1917 937 secuturum
1957 900 2103 939 esset
2138 901 2245 937 non

680 971 979 1031 ignoraret.
1039 970 1159 1034 Quo
1194 970 1396 1024 lattum
1437 982 1493 1025 ιιι
1525 974 1708 1027 omnia
1754 974 2008 1027 servilem
2041 975 2093 1026 in
2127 990 2246 1027 mo-

676 1057 805 1108 dum
854 1056 956 1124 ipsi
1005 1060 1241 1111 astantia
1296 1074 1423 1112 suas
1485 1075 1581 1128 per
1639 1061 1819 1129 ipsum
1852 1061 2248 1128 appellationes

673 1148 1006 1212 acceperint.
1098 1149 1171 1202 lta
1251 1164 1348 1218 per
1424 1161 1667 1204 menth
1749 1152 2123 1222 intelligentiae
2196 1153 2245 1207 vi

675 1237 953 1304 praiditam
1023 1238 1163 1292 Deus
1248 1240 1525 1294 hominem
1613 1242 1778 1295 etiam
1840 1244 2248 1298 immortalitate

672 1325 910 1377 ornavit.
984 1324 1307 1394 Quanquam
1392 1328 1542 1380 enim
1603 1326 1843 1381 futuram
1909 1344 2017 1381 non
2078 1329 2248 1382 multo

673 1424 797 1484 post
845 1415 1292 1480 exorbitatiortem
1340 1432 1449 1470 non
1500 1418 1757 1481 nesciret,
1797 1428 1975 1473 tamen
2016 1436 2138 1474 cum
2178 1422 2248 1475 ob

671 1508 846 1562 solum
882 1510 1231 1579 cogitationis
1272 1509 1578 1565 institutum
1626 1510 1888 1566 damnare
1920 1528 2028 1567 non
2060 1514 2247 1577 vellet,

670 1605 1043 1651 consentanea
1080 1598 1191 1652 Deo
1225 1595 1437 1654 ratione
1470 1600 1757 1655 consilium
1805 1588 2245 1673 suum-perlicit;

669 1689 917 1758 adeoque
949 1689 1150 1743 mentis
1182 1690 1524 1760 participem,
1551 1702 1609 1747 ut
1633 1692 1891 1759 diximus,
1930 1694 2165 1748 animam
2198 1696 2247 1749 ei

668 1779 918 1850 largitur,
945 1791 1002 1836 ut
1033 1780 1259 1835 omnino
1296 1782 1619 1838 immortalis
1642 1795 1808 1840 esset.
1836 1783 2125 1840 Enimvero
2151 1801 2249 1841 cur

669 1872 945 1925 hominem
973 1873 1155 1927 statim
1185 1875 1253 1928 ab
1284 1874 1441 1929 initio
1471 1889 1654 1946 regem
1689 1882 2030 1932 terrestrium
2057 1888 2111 1932 et
2141 1879 2265 1932 im-r

670 1966 953 2018 mortalem
999 1967 1283 2022 condidit?
1314 1966 1383 2022 Ut
1420 1967 1548 2023 hinc
1591 1967 1867 2024 discamus
1896 1970 2059 2024 etiam
2086 1969 2243 2037 opiﬁ-

667 2074 784 2109 cem
836 2056 986 2111 illum
1029 2059 1202 2114 nostri
1242 2059 1409 2112 Deum
1459 2058 1674 2114 cunctis
1703 2059 1811 2113 illis
1849 2060 2101 2129 supernis
2133 2060 2247 2130 89

667 2149 1031 2219 potestatibus
1058 2164 1182 2203 cum
1217 2151 1442 2220 imperio
1466 2166 1719 2220 prmesse,
1749 2167 1958 2205 necnon
1993 2154 2243 2206 eumdem

616 2280 620 2285 ,
664 2255 788 2293 esse
811 2238 1173 2295 immortalem
1200 2242 1486 2310 omnisque
1507 2252 1789 2311 expertem
1811 2243 2088 2298 interitus.
2110 2243 2188 2296 Na
2214 2262 2244 2295 ιι

666 2348 733 2385 ca
781 2331 850 2386 de
888 2349 1054 2388 causa
1096 2333 1317 2402 pulvere
1364 2344 1585 2403 sumpto
1633 2333 1809 2403 inquit
1846 2353 1859 2389 :
1904 2353 1923 2386 ι
1963 2333 2248 2389 Faciamus

670 2423 947 2477 hominem
986 2425 1051 2478 ad
1102 2424 1392 2494 imaginem
1423 2434 1692 2479 nostram.
1737 2444 1754 2478 ι
1795 2426 1951 2493 Quod
1977 2442 2102 2481 cum
2143 2425 2250 2480 So-

668 2516 814 2570 lomo
848 2530 954 2568 non
984 2516 1280 2586 ignoraret,
1322 2535 1339 2567 ι
1383 2517 1553 2582 Deus,
1589 2518 1687 2583 ait,
1725 2528 1956 2573 mortem
1986 2533 2092 2572 non
2118 2533 2249 2571 con-

664 2607 826 2673 didit,
862 2608 956 2662 sed
1012 2608 1066 2662 in
1122 2616 1270 2663 statu
1309 2608 1568 2664 interitus
1601 2618 1823 2680 experte
1854 2610 1918 2665 ad
1958 2609 2247 2679 imag’nem

666 2699 994 2754 :rternitatis
1027 2713 1140 2753 sua:
1174 2699 1449 2754 hominem
1507 2700 1716 2755 creavit
1742 2700 1808 2754 ⁸⁸.
1849 2694 1980 2755 ιἈο
2031 2700 2249 2756 tametsi

669 2792 931 2859 deinceps
957 2807 1083 2845 eum
1110 2791 1177 2846 ad
1207 2802 1437 2846 mortem
1470 2792 1768 2860 damnavit,
1800 2807 1909 2846 non
1942 2801 2120 2846 tamen
2156 2793 2246 2845 diu

667 2883 1068 2938 consolationis
1094 2897 1259 2954 egere
1313 2884 1589 2953 permisit.
1625 2883 1758 2938 Nam
1806 2883 2065 2938 transfert
2115 2883 2253 2938 Euo-

667 2979 856 3041 cluun,
889 2993 1065 3046 eaque
1107 2994 1167 3033 re
1212 2990 1461 3033 naturam
1493 2987 1736 3033 nostram
1782 2976 2158 3032 condocefacit
2193 2985 2251 3031 ut

670 3073 1137 3127 immortalitatem
1172 3074 1320 3128 illam
1350 3082 1648 3143 exspectet,
1680 3088 1786 3142 qua
1811 3080 2039 3142 propter
2059 3071 2248 3126 inobe-

668 3163 930 3217 dientiam
982 3165 1206 3219 excidit.
1245 3165 1383 3220 Audi
1421 3165 1554 3234 quid
1603 3165 1705 3218 hac
1737 3164 1791 3218 in
1839 3173 1993 3233 parte
2026 3177 2252 3233 magnus

669 3256 758 3309 ille
818 3255 1153 3311 Athanasius
1199 3258 1251 3310 in
1299 3258 1552 3311 oratione
1600 3271 1697 3311 sua
1738 3255 1805 3309 de
1860 3255 2251 3323 Assumptione
2281 3275 2324 3335 ο

671 3348 849 3401 tradat
878 3365 892 3400 :
926 3366 943 3397 ‹
982 3346 1127 3402 Mors
1160 3348 1379 3417 quidem
1413 3347 1639 3401 intravit
1665 3362 1762 3417 per
1792 3345 2248 3411 inobedientiam,

670 3458 857 3494 verum
915 3440 1271 3495 nihilominus
1323 3455 1434 3495 Suae
1494 3441 1945 3495 comminationis
2011 3440 2253 3510 vigorem

670 3533 858 3587 laxans
886 3533 1030 3587 Deus
1052 3534 1236 3587 statim
1269 3533 1512 3587 humano
1547 3535 1732 3604 generi
1766 3547 1918 3603 spem
1967 3532 2253 3586 immorta-

671 3625 840 3679 litatis
892 3625 1022 3679 oriri
1075 3624 1225 3688 facit,
1277 3626 1405 3679 dum
1465 3624 1750 3680 Euochum
1794 3638 1826 3678 e
1870 3624 2049 3679 medio
2091 3623 2253 3692 rapit,

672 3733 847 3786 eoque
880 3729 1035 3785 pacto
1071 3731 1169 3771 nos
1206 3716 1367 3772 docet
1399 3726 1574 3771 metas
1602 3715 2030 3771 immortalitatis
2060 3729 2258 3785 exspe-

674 3813 903 3864 ctati-las
968 3810 1130 3863 nobis
1188 3824 1331 3863 esse.
1376 3828 1395 3861 ι
1433 3808 1775 3864 Conﬁrmant
1824 3807 1940 3863 haec
1972 3818 2028 3863 et
2051 3806 2258 3862 Christi

674 3902 950 3970 discipuli,
989 3917 1111 3955 cum
1150 3901 1341 3956 dicunt
1366 3916 1428 3956 ea
1462 3916 1584 3969 quae
1612 3899 1838 3955 Enoeho
1867 3910 1919 3956 et
1947 3900 2077 3954 Elia:
2117 3898 2261 3953 acci-

675 3998 879 4052 derint.
924 4004 1320 4064 repraesentare
1352 3995 1512 4049 nobis
1554 3993 1845 4064 insigniter
1878 3992 2258 4046 liberationem

679 4090 850 4142 nostri
881 4089 948 4140 ah
984 4088 1204 4141 interitu
1247 4097 1301 4141 et
1334 4087 1497 4141 vitam
1526 4087 1675 4141 illam
1710 4094 2054 4156 perpetuam.
2087 4083 2162 4137 Ac
2192 4083 2261 4137 de

682 4184 764 4236 his
777 4182 997 4251 quidem
1018 4180 1072 4233 in
1093 4180 1241 4233 hunc
1260 4172 1484 4233 modum
1500 4178 1576 4231 illi
1594 4179 1995 4232 disseruerunt.
2022 4174 2261 4229 Joannes

678 4288 859 4329 autem
894 4274 1323 4344 Chrysostomus
1372 4271 1622 4338 exposuit
1662 4269 1824 4325 etiam
1857 4269 2120 4322 illustrius
2168 4267 2265 4320 ho-

680 4368 881 4419 minem
912 4366 1149 4435 primum
1180 4364 1281 4417 hac
1327 4362 1395 4417 ab
1424 4361 1646 4415 interitu
1675 4358 2023 4415 immunitate
2064 4356 2264 4426 prmdi-

681 4471 792 4513 luat
851 4458 1045 4519 fuisse,
1080 4458 1245 4526 idque
1298 4471 1395 4526 per
1432 4456 1547 4509 hate
1594 4454 1713 4525 ipsa
1742 4454 1907 4508 verba
1944 4470 1957 4506 :
1999 4470 2016 4503 ι
2056 4449 2265 4505 Placuit

679 4551 939 4605 Enochus
986 4550 1115 4615 Deo,
1149 4558 1436 4619 propterea
1480 4546 1834 4602 transfertur.
1870 4545 1968 4614 Hic
1999 4542 2133 4597 mihi
2156 4540 2262 4597 Do-

680 4646 811 4699 mini
848 4646 1158 4699 bonitatem
1207 4643 1439 4697 intuere.
1469 4640 1607 4695 Cum
1640 4640 1785 4693 enim
1836 4636 2129 4707 reperisset
2162 4636 2259 4689 ho-

2372 4642 2471 4694 στη
2480 4638 2569 4675 σεν
2636 4619 2807 4687 Ἑνὼχ

682 4738 883 4791 minem
911 4733 1127 4806 egregia
1156 4734 1356 4787 virtute
1388 4730 1701 4801 praaditum,
1756 4744 1866 4781 non
1907 4743 1969 4780 ea
2002 4726 2266 4797 dignitate

680 4828 880 4895 spoliat
908 4827 1085 4896 ipsum
1128 4840 1290 4893 quam
1337 4831 1463 4877 ante
1498 4820 1739 4876 mandati
1782 4818 2127 4874 violationem
2166 4816 2265 4870 ho-

686 4919 819 4973 mini
850 4918 1085 4987 primum
1130 4913 1362 4970 formato
1392 4912 1617 4983 largitus
1650 4909 1849 4965 fuerat.
1884 4928 1902 4961 ι
1941 4906 2147 4974 Quodsi
2197 4906 2269 4960 ita

687 5022 791 5077 est,
825 5010 956 5081 quid
1019 5008 1199 5066 verbis
1252 5017 1336 5061 est
1384 5005 1561 5077 Opus?
1607 5002 1743 5058 Nam
1778 5002 1823 5058 si
1870 5001 2080 5072 primus
2106 4997 2271 5052 homo

687 5103 1089 5182 immunitatem
1118 5100 1264 5156 illam
1290 5098 1364 5153 ab
1391 5098 1617 5153 interitu
1648 5095 1859 5160 habuit,
1889 5108 2052 5165 quam
2086 5100 2145 5147 ut
2174 5092 2273 5147 ho-

684 5197 863 5251 mines
901 5202 1222 5263 exapeetent
1250 5189 1510 5246 Euochus
1538 5188 1834 5244 translatus
1861 5185 2071 5249 docuit,
2093 5185 2274 5238 omni-

685 5304 759 5343 no
791 5287 1142 5359 perspicumn
1202 5293 1285 5339 est
1340 5282 1483 5350 quod
1531 5296 1560 5334 a
1619 5278 1729 5333 Deo
1763 5278 1888 5332 talis
1918 5277 2177 5331 conditus
2205 5273 2274 5328 ab

687 5382 846 5438 initio
871 5380 1057 5442 fuerit,
1091 5377 1307 5449 qualem
1332 5392 1397 5430 ex
1420 5374 1655 5429 mortuis
1684 5376 2126 5427 resurrecturum
2147 5381 2274 5421 ora-

688 5478 811 5533 cula
842 5475 1024 5530 divina
1061 5474 1308 5527 tradunt.
1365 5468 1461 5525 liis
1515 5454 1572 5523 tu
1609 5465 1771 5540 [idem
1824 5464 2089 5535 derogare
2140 5460 2274 5515 noli.

690 5570 829 5626 Nam
854 5575 908 5622 et
941 5566 1267 5621 Anastasius
1298 5564 1387 5617 ille
1420 5560 1681 5623 Sinaites,
1718 5558 1774 5612 in
1803 5556 2054 5612 oratione
2082 5569 2180 5609 sua
2211 5552 2278 5607 de

693 5662 1128 5725 resurrectione,
1166 5657 1351 5714 verbis
1401 5656 1489 5711 his
1536 5654 1729 5710 eadem
1776 5649 2119 5723 apertissime
2172 5656 2278 5702 tra-

765 5829 813 5862 ⁸⁸
842 5827 969 5899 Sap.
1002 5844 1036 5890 ι,
1078 5827 1160 5879 15.

1956 406 2145 465 MlCll
2158 408 2193 462 .-\
2206 408 2374 466 ΕΙ.ιὸ
2416 407 2460 464 G
2474 405 2677 465 LYC:E

751 514 1044 567 llieantem
1069 514 1366 567 notandum
1394 516 1535 583 quod
1563 531 1666 568 non
1701 518 1875 570 solum
1904 519 2041 573 Deus
2068 522 2241 587 ipsum
2274 543 2326 588 Α

3819 398 3917 460 illi

2433 520 2574 572 Ἀλλ’
2599 518 2834 574 ἐνταῦθα
2857 520 3147 590 προσέχειν
3163 516 3330 582 ἄξιον.
3356 514 3489 568 Οξσδὲ
3512 513 3620 582 γὰρ
3643 511 3920 581 ἠϐουλήθη

2355 611 2514 681 μόνον
2569 614 2596 664 6
2644 612 2779 675 Θεὸς
2819 613 3043 682 βασιλέα
3092 609 3435 678 καταστῆσαι
3481 609 3589 661 τῶν
3626 604 3922 673 ὁρωμένων

2350 701 2535 766 αὑτὸν,
2575 702 2712 755 ἀλλά
2738 704 2831 754 καὶ
2863 686 3043 772 ἔργοις
3078 704 3258 763 αὐτοῖς
3294 697 3719 769 ἀπηρτισμένην
3752 694 3921 756 ἔδειξε

2350 795 2447 863 τὴν
2477 795 2674 864 ἀρχὴν.
2734 796 2949 862 Ἤγαγε
2978 794 3089 864 γὰρ
3121 795 3187 847 τά
3240 793 3357 855 ζῶα
3394 792 3572 843 πάντα
3615 786 3921 857 τηνικαῦτα

2352 884 2488 953 πρὸς
2514 886 2699 950 αὐτὸν,
2739 885 2915 939 καίτοι
2950 901 3013 952 γε
3047 884 3109 938 τὸ
3170 882 3365 954 μέλλον
3394 881 3495 936 οὐκ
3538 880 3772 948 ἀγνοῶν.
3810 877 3922 929 Kal

2349 976 2494 1031 οὕτω
2520 979 2586 1031 τά
2611 979 2791 1032 πάντα
2821 978 3054 1047 δουλικῷ
3087 976 3471 1046 παριστάμενα
3512 974 3754 1041 σχήματι
3790 968 3920 1037 παρ’

2349 1070 2512 1123 αὑτοῦ
2535 1072 2633 1133 τάς
2658 1071 2980 1142 ἐπωνυμίας
3006 1070 3269 1139 ἐδέχοντο.
3293 1068 3450 1122 Οὕτω
3470 1068 3568 1138 μὲν
3593 1065 3686 1118 οὖν
3711 1064 3918 1132 ἔφθασε

2349 1163 2438 1216 διά
2468 1179 2532 1229 γε
2581 1165 2683 1232 τῆς
2734 1166 2925 1231 νοερᾶς
2961 1161 3143 1233 ψυχῆς
3197 1161 3295 1214 καὶ
3340 1158 3615 1226 ἀθανασίᾳ
3676 1156 3921 1223 τιμήσας

2351 1252 2533 1307 αὐτόν.
2564 1254 2626 1306 El
2654 1254 2763 1323 γὰρ
2804 1255 2897 1305 καὶ
2921 1252 3018 1323 τὴν
3065 1250 3447 1321 γενησομένην
3479 1246 3644 1300 αὐτοῦ
3683 1244 3804 1313 μετ’
3859 1244 3919 1295 οὐ

2353 1344 2486 1397 πολὺ
2518 1343 2911 1413 παρεκτροπὴν
2940 1344 3041 1396 οὐκ
3071 1338 3138 1412 ἦν
3156 1340 3390 1411 ἀγνοῶν,
3423 1338 3539 1396 ἀλλ’
3572 1338 3765 1405 ἐπειδὴ
3820 1352 3920 1388 κα-

2353 1432 2660 1497 ταδικάζειν
2688 1434 2751 1486 ὲκ
2784 1432 2953 1504 μόνης
2984 1433 3044 1486 οὐ
3076 1431 3221 1484 θέλει
3252 1430 3649 1501 προαιρέσεως,
3676 1427 3776 1495 τὴν
3796 1428 3924 1480 ἐαυ-

2350 1526 2444 1580 τοῦ
2478 1526 2673 1597 βουλὴν
2711 1529 2799 1581 ἐπ’
2823 1525 2972 1597 αὐτῷ
3003 1526 3324 1595 θεοπρεπῶς
3372 1525 3661 1593 ἐκπληροῖ,
3697 1522 3791 1573 καὶ
3820 1520 3923 1587 ψυ-

2350 1620 2450 1689 χῆς
2484 1618 2654 1688 αὐτῷ,
2710 1618 2857 1672 καθά
2908 1619 2975 1688 δὴ
3026 1620 3123 1672 καὶ
3176 1617 3529 1687 προείρηται,
3591 1612 3923 1683 μεταδίδωσι

2350 1711 2563 1781 νοερᾶς,
2597 1709 2671 1773 ὡς
2701 1710 2952 1763 ἐντεῦθεν
2990 1710 3155 1762 αὐτὸν
3202 1704 3341 1761 εἶναι
3395 1709 3491 1759 καὶ
3538 1703 3807 1759 ἀθάνατον
3842 1702 3921 1762 εἰς

2349 1799 2408 1852 τὺ
2433 1798 2700 1869 διηνεκές.
2752 1797 2916 1853 Ἀλλά
2964 1798 3073 1867 γὰρ
3125 1797 3268 1858 τίνος
3310 1795 3502 1848 ἕνεκεν
3540 1784 3923 1873 ἀρχοντασῶν

2350 1888 2608 1956 ἐπιγείων
2641 1887 2864 1957 εποίησε
2903 1887 3000 1941 καὶ
3050 1886 3317 1940 ἀθάνατον
3352 1881 3549 1936 αὐτίκα
3592 1879 3684 1932 τὸν
3714 1875 3931 1944 ἀνθρω-

2352 1992 2488 2040 πον;
2523 1975 2641 2029 Ἵνα
2671 1975 2931 2045 μάθωμεν
2961 1972 3210 2027 ἐντεῦθεν
3240 1974 3322 2025 ὅτι
3354 1969 3450 2023 καὶ
3471 1970 3499 2021 6
3518 1967 3753 2036 ποιήσας
3780 1963 3930 2032 ἡμᾶς

2351 2066 2485 2130 Θεὸς
2520 2065 2710 2120 πασῶν
2739 2066 2898 2135 ἄρχει
2942 2064 3052 2117 τῶν
3079 2066 3192 2118 ἀνω
3214 2063 3524 2130 δυνάμεων,
3549 2059 3646 2111 καὶ
3673 2057 3757 2109 ὅτι
3792 2054 3930 2107 ἀθά-

2352 2157 2511 2218 νατός
2539 2156 2658 2207 ἐστι
2684 2154 2779 2207 καὶ
2810 2153 3087 2224 ἄφθαρτος
3116 2153 3213 2205 καὶ
3241 2148 3568 2219 ἀνώλεθρος.
3599 2145 3725 2199 Ἐπὶ
3751 2141 3931 2210 τούτῳ

2353 2246 2462 2317 γὰρ
2492 2245 2587 2299 καὶ
2612 2242 2905 2314 προλαϐὼν
2931 2243 3060 2314 χοῦν
3082 2242 3274 2311 ἔλεγε·
3310 2260 3330 2293 ι
3356 2238 3490 2295 Κατ’
3513 2239 3719 2292 οίκείαν
3744 2236 3933 2288 είκόνα

2354 2338 2674 2404 ποιήσωμεν
2707 2336 2798 2389 τὸν
2823 2334 3132 2406 ἄνθρωπον.
3175 2352 3193 2385 ι
3260 2336 3325 2386 '0
3378 2332 3444 2402 δὴ
3480 2332 3575 2385 καὶ
3617 2330 3645 2381 6
3678 2326 3935 2394 Σολομὼν

2353 2430 2512 2491 είδὼς
2536 2468 2551 2493 ,
2587 2446 2605 2480 ι
2645 2429 2706 2481 '0
2728 2428 2883 2491 Θεὸς.
2913 2427 3091 2495 ἔλεγε,
3119 2426 3348 2480 θάνατον
3373 2424 3474 2477 οὐκ
3506 2422 3786 2493 ἐποίησεν,
3819 2417 3937 2471 ἀλλ’

2355 2516 2440 2570 ἐπ’
2470 2514 2751 2585 ἀφθαρσίᾳ
2779 2516 2871 2568 τὸν
2903 2513 3195 2581 ἄνθρωπον
3240 2512 3426 2566 ἔκτισε
3458 2508 3583 2563 κατ’
3618 2509 3803 2562 εἰκόνα
3834 2503 3935 2571 τῆς

2355 2605 2658 2674 ἀῖδιότητος
2686 2601 2875 2657 αὑτοῦ.
2906 2621 2923 2654 ι
2962 2600 3107 2671 Πλὴν
3140 2601 3189 2652 εί
3218 2600 3314 2653 καὶ
3358 2598 3581 2667 θανάτῳ
3611 2593 3938 2649 κατεδίκασε

2359 2697 2498 2765 μετά
2549 2695 2723 2753 ταῦτα
2770 2694 2864 2747 τὸν
2914 2693 3222 2761 ἄνθρωπον,
3252 2689 3369 2743 ἀλλ’
3397 2688 3498 2743 οὐκ
3521 2687 3736 2755 ἀφῆκεν
3766 2683 3939 2736 αὐτὸν

2355 2784 2794 2856 ἀπαραμύθητον
2829 2781 2970 2837 εἶναι
2999 2784 3163 2853 μέχρι
3193 2779 3414 2836 πολλοῦ.
3459 2777 3802 2845 Μετατίθησι
3826 2776 3940 2842 γὰρ

2355 2874 2446 2928 τὸν
2485 2874 2677 2944 Ἑνὼχ,
2703 2875 2796 2927 καί
2817 2872 3125 2942 τηνικαῦτα
3146 2872 3245 2941 τὴν
3275 2869 3477 2938 θνητὴν
3499 2868 3745 2922 ἐδίδασκε
3775 2864 3943 2931 φύσιν

2356 2967 2514 3039 ἡμῶν
2544 2966 2845 3021 ἀθανασίαν
2881 2965 3096 3034 ἐκείνην
3124 2962 3444 3031 ἐκδέχεσθαι
3489 2954 3557 3031 ἦς
3593 2959 3821 3025 ὲξέπεσε
3851 2955 3942 3007 διὰ

2356 3060 2456 3129 τὴν
2487 3057 2819 3129 παράϐασιν.
2874 3057 2985 3109 Καὶ
3020 3056 3185 3107 ἄκουε
3210 3054 3265 3107 τί
3299 3052 3426 3122 περὶ
3450 3050 3659 3104 τούτων
3690 3047 3860 3115 φησιν
3914 3044 3942 3096 6

2361 3153 2537 3223 μέγας
2580 3148 2902 3210 Ἀθανάσιος
2935 3149 2993 3201 ὲν
3014 3145 3094 3215 τῷ
3130 3147 3210 3209 είς
3235 3144 3335 3215 τὴν
3364 3141 3635 3210 ἀνάληψιν
3664 3140 3812 3207 λόγῳ
3846 3138 3944 3190 αὐ-

2357 3245 2453 3299 τοῦ
2472 3258 2487 3274 ·
2521 3261 2540 3294 ι
2575 3240 2817 3302 Θάνατος
2853 3241 2951 3308 μὲν
2982 3236 3200 3307 εἰσῆλθε
3227 3236 3317 3289 διὰ
3345 3234 3448 3305 τὴν
3468 3228 3944 3300 παρακοὴν,λύων

2357 3337 2413 3389 δὲ
2436 3338 2586 3404 ὅμως
2611 3332 2711 3404 τὴν
2736 3332 2835 3399 τῆς
2869 3328 3105 3396 ἀπειλῆς
3139 3324 3328 3395 ἀκμὴν
3353 3326 3381 3376 6
3409 3324 3542 3384 Θεὸς
3565 3320 3753 3373 ἐλπίδα
3780 3319 3947 3380 εὐθὺς

2356 3403 2931 3487 ἀθανασίαςίάνὲτειλε
2971 3419 3052 3489 τῷ
3080 3421 3253 3486 γένει,
3291 3416 3387 3471 και
3415 3415 3509 3468 τδν
3554 3412 3729 3483 Ἑνὼχ
3752 3415 3819 3465 ικ
3846 3413 3947 3481 μέ·-

2358 3535 2453 3571 σου
2489 3514 2751 3585 ἀρπάζει,
2784 3509 3084 3567 κάντεῦθεν
3116 3509 3216 3580 τὴν
3248 3506 3452 3578 θνητὴν
3491 3506 3736 3558 ἐδίδασκε
3783 3504 3949 3569 φύσιν

2356 3610 2517 3679 ὄρους
2551 3605 2855 3666 ἀθανασίας
2895 3602 3013 3673 ἅμα
3047 3599 3395 3670 ἐκδέχεσθαι.
3433 3617 3453 3651 ι
3501 3596 3690 3650 Ταῦτα
3726 3593 3829 3665 μὶν
3854 3588 3948 3647 οὖν

2358 3695 2740 3754 ἑπιϐεϐαιοῦσι
2788 3695 2886 3748 καὶ
2917 3696 2967 3747 οί
3001 3690 3247 3765 μαθηταὶ
3308 3686 3550 3759 Χριστοῦ
3578 3686 3832 3754 λέγοντες
3866 3685 3949 3737 ὃτι

2360 3795 2456 3861 τὴν
2519 3787 2935 3858 ἀωφθάρτισιν
2993 3783 3156 3854 ἡμῶν
3206 3783 3303 3836 καὶ
3352 3779 3667 3844 πολυζωϊαν
3694 3777 3763 3829 τά
3804 3775 3949 3829 κιτά

2360 3885 2452 3940 τὸν
2486 3882 2657 3951 Ἑνὼχ
2712 3880 2807 3934 καὶ
2873 3877 3061 3931 Ἠλίαν
3098 3873 3346 3944 δναργῶς
3382 3873 3647 3944 παριστᾷ.
3701 3870 3950 3941 Πρόσεχε

2361 3977 2455 4032 οὖν
2474 3994 2488 4009 ·
2511 3974 2610 4045 τὴν
2632 3973 2743 4045 γὰρ
2793 3971 3206 4041 ἀπαφθάρτισιν
3238 3967 3394 4037 ἡμῶν
3437 3967 3531 4019 καὶ
3554 3963 3955 4018 ἀπαθανάτισιν

2363 4066 2471 4120 ἀπὸ
2498 4062 2638 4117 Θεοῦ
2670 4060 2852 4114 λαϐὼν
2882 4060 2911 4112 6
2958 4056 3135 4128 Ἑνὼχ
3196 4056 3288 4110 διὰ
3335 4055 3437 4124 τῆς
3473 4052 3825 4123 μεταθέσεως
3856 4051 3956 4120 τὴν

2364 4157 2566 4227 θνητὴν
2608 4154 2855 4208 ἐδίδασκε
2918 4150 3081 4221 φύσιν
3113 4147 3294 4217 ἡμῶν,
3339 4145 3415 4208 ὡς
3447 4144 3549 4215 ήδη
3577 4141 3957 4227 προείρηται,

2364 4254 2522 4322 ὅρους
2548 4247 2850 4309 ἀθανασίας
2880 4242 3220 4314 ἐκδέχεσθαι.
3272 4240 3383 4291 Καὶ
3440 4226 3588 4290 οὗτοι
3626 4237 3725 4306 μιν
3754 4234 3953 4296 οὕτως’

2365 4343 2477 4399 ὁδὶ
2532 4339 2941 4413 χρυσόρρήμων
2984 4334 3241 4404 Ἰωάννης
3302 4329 3696 4400 ἀριδηλότερον
3749 4327 3957 4392 ἔδειξεν

2366 4440 2449 4492 ὅτι
2495 4437 2597 4508 τὴν
2650 4432 3066 4500 ἀπαφθάρτισιν
3121 4424 3332 4493 ταύτην
3388 4422 3417 4475 6
3478 4420 3699 4491 πρῶτος
3752 4421 3963 4479 ἐκεῖνος

2371 4527 2517 4600 εἶχεν
2563 4526 2873 4596 ἄνθρωπος,
2906 4520 3049 4573 οὕτω
3100 4516 3243 4571 κατά
3273 4514 3421 4581 λέξιν
3452 4512 3663 4567 εἰπών’
3696 4531 3716 4564 ι
3748 4509 3963 4580 Εὐηρέ-

2874 4614 2952 4686 τῷ
2986 4613 3127 4683 Θεῷ,
3158 4609 3255 4664 καὶ
3299 4606 3672 4680 μετατίθεται.
3713 4605 3829 4659 Καὶ
3855 4606 3959 4673 ὅρα

2374 4716 2644 4780 Δεσπότου
2672 4709 3009 4779 ἀγαθότητα.
3052 4702 3245 4776 Εὑρὼν
3275 4703 3387 4773 γὰρ
3413 4700 3586 4770 ἄνδρα
3614 4698 3715 4769 τὴν
3754 4695 3962 4767 ἀρετὴν

2375 4805 2779 4879 κατωρθωκότα
2828 4803 2930 4856 οὐκ
2976 4797 3340 4867 ἀπεστέρισεν
3389 4793 3554 4847 αὐτὸν
3573 4792 3671 4862 τῆς
3701 4790 3861 4854 ἀξίας
3897 4789 3965 4859 ῆν

2376 4903 2457 4971 τῷ
2479 4878 2897 4971 πρωτοπλάστῳ
2949 4889 3248 4961 ἐχαρίσατο
3287 4885 3394 4956 πρὸ
3439 4884 3539 4952 τῆς
3588 4878 3966 4971 παραϐάσεως

2378 4968 2477 5064 τῆς
2509 4968 2752 5059 ἐντολῆς.
2793 5006 2813 5041 ι
2868 4985 2931 5040 El
2968 4982 3027 5039 δὲ
3058 4980 3218 5036 τοῦτο
3246 4977 3419 5039 οὕτως
3452 4976 3590 5047 ἔχει,
3630 4975 3682 5026 τί
3721 4974 3832 5042 χρὴ
3864 4968 3967 5064 καὶ

2380 5062 2600 5153 levent;
2659 5082 2722 5134 Εί
2772 5079 2884 5149 γὰρ
2937 5077 2966 5129 6
3024 5072 3242 5145 πρῶτος
3275 5071 3485 5131 ἐκεῖνος
3539 5065 3838 5135 ἄνθρωπος
3862 5062 3965 5131 τὴν

2381 5175 2794 5245 ἀπαφθάρτισιν
2833 5166 2946 5239 εἶχε
2986 5166 3216 5235 ταύτην,
3247 5164 3315 5235 ἢν
3355 5158 3673 5231 ἐκδέχεσθαι
3702 5154 3805 5227 τὴν
3837 5155 3968 5224 θνη-

2380 5271 2480 5341 τὴν
2517 5268 2678 5338 φύσιν
2712 5265 2962 5319 εδῐδασκε
3022 5257 3341 5330 μετατεθεὶς
3366 5257 3395 5308 6
3466 5251 3661 5321 Ἑνὼχ,
3708 5248 3966 5341 φαίνεται

2383 5340 2601 5425 πάντως
2654 5361 2738 5413 ὅτι
2773 5354 3017 5416 τοιοῦτος
3045 5352 3151 5404 ὑπὸ
3176 5348 3313 5403 Θεοῦ
3343 5344 3607 5416 παρήχθη
3632 5341 3753 5395 κατ’
3788 5340 3967 5411 ἀρχὰς

2382 5461 2410 5511 6
2438 5457 2727 5527 ἄνθρωπος
2783 5450 2971 5504 ὁποῖον
3005 5444 3174 5499 αὐτὸν
3207 5445 3270 5496 ἐκ
3300 5439 3513 5509 νεκρῶν
3564 5432 3865 5507 ιγερθῆναι
3898 5434 3966 5527 τά

2385 5551 2508 5605 θεῖα
2534 5525 2807 5617 φάσκουσι
2833 5542 3013 5607 λόγια.
3057 5538 3149 5607 Μὴ
3194 5529 3290 5588 οὖν
3322 5532 3543 5585 ἀπίστει
3582 5530 3697 5589 τοῖς
3730 5525 3968 5593 λεγομέ-

2386 5657 2522 5703 νοις.
2548 5637 2694 5705 ’Όρα
2720 5633 2832 5704 γὰρ
2854 5632 2937 5685 ὅτι
2964 5627 3060 5682 καὶ
3084 5629 3112 5681 6
3143 5624 3398 5687 Σιναῖτης
3431 5620 3573 5683 θεῖος
3612 5617 3969 5675 ’Δναστάσιος
