4204 6450
241 362 339 422 185

1518 354 1924 425 ANNALIUM
1958 355 2150 417 PARS
2189 356 2237 419 ι.

3365 357 3465 422 186

236 478 294 525 ἑν
324 470 398 543 τῷ
421 486 554 541 περι
577 470 927 534 ἀραστασεως
953 469 1098 540 λόγῳ
1147 468 1313 523 αὐτοῦ
1341 467 1432 521 τὸν
1460 480 1589 540 περι
1610 459 1799 522 eds-ﬂia

1916 478 2034 523 :tat.
2057 468 2187 524 Tale
2211 467 2530 525 suscitatum
2563 478 2643 523 est
2673 485 2735 524 ex
2770 470 2999 524 mortuis
3019 484 3233 539 corpus.
3263 471 3467 525 dudum

189 597 193 600 ~
235 565 392 632 λόγον
419 562 800 635 ἀριδηλότερον
830 564 1084 627 ποιεῖται,
1117 562 1211 614 καὶ
1246 558 1389 614 οὕτω
1417 561 1551 628 φησί
1578 576 1592 591 ·
1626 578 1643 610 ι
1677 561 1800 611 Ton.

234 657 390 708 οῦτον
423 655 485 706 ἐκ
509 653 717 723 νεκρῶν
739 655 1033 722 ἐγήγερται
1057 655 1117 705 τὸ
1143 652 1300 721 σῶμα
1319 653 1381 703 τὸ
1410 650 1596 710 πεσὸν,
1621 652 1801 703 ὁποῖον

231 742 304 815 ἦν
336 743 430 798 ἀπ’
464 744 663 814 ἀρχῆς,
687 743 1097 812 ἀποὸαλόμενον
1127 743 1272 796 ἆπαν
1303 743 1441 812 ὅπερ
1480 740 1677 810 ἔφθασε
1713 739 1800 792 διὰ

236 840 339 907 τὴν
362 837 637 906 ἁμαρτίαν
661 835 1030 905 ἑπισυμὸῆναι
1060 833 1225 902 αὐτῷ.
1267 852 1285 884 ι
1325 834 1564 901 Πρόσεχε
1599 830 1711 885 οῦν.
1739 831 1801 882 Εί

237 932 344 997 γὰρ
369 928 611 981 τοιοῦτον
640 928 938 996 ἐγήγερται
989 927 1172 979 ὁποῖον
1194 920 1262 994 ἦν
1299 924 1393 976 ἀπ’
1421 924 1617 991 ἀρχῆς,
1651 922 1711 973 τὸ
1745 922 1801 973 δὲ

237 1018 590 1089 ἐγειρόμενον
626 1018 802 1070 ἐκεῖνο
836 1016 998 1084 σῶμα
1026 1014 1149 1066 τότε
1193 1013 1423 1066 θανάτου
1462 1015 1557 1066 καὶ
1596 1010 1802 1079 φθορᾶς

238 1112 464 1179 ἄμεινον
480 1109 771 1178 ἐγερθῆναι
792 1108 1165 1178 ὡμολόγηται,
1190 1108 1280 1158 καὶ
1300 1105 1509 1174 βεϐαιοῖ
1534 1102 1623 1156 τὸν
1645 1104 1803 1169 λόγον

234 1204 264 1255 6
296 1203 597 1271 πάμμεγας
628 1198 836 1261 Παῦλος
866 1198 1007 1251 οῦτω
1039 1197 1214 1265 λέγων
1240 1212 1253 1229 ⁸
1288 1214 1307 1248 ι
1346 1197 1436 1247 Δεῖ
1472 1194 1534 1247 τὸ
1567 1192 1803 1262 φθαρτὸν

236 1294 397 1345 τοῦτο
446 1290 773 1345 ἐνδύσασθαι
822 1289 1156 1359 ἀφθαρσίαν,
1188 1289 1283 1340 καὶ
1328 1286 1389 1339 τὸ
1420 1284 1610 1349 θνητὸν
1648 1281 1805 1334 τοῦτο

238 1377 566 1436 ἐνδύσασθαι
601 1380 927 1443 ἀθανασίαν,
967 1399 985 1432 ι
1017 1377 1238 1448 εῠὸηλον
1270 1380 1485 1438 πάντως
1523 1376 1605 1428 ὅτι
1631 1371 1804 1426 καὶτὸ

239 1473 398 1542 σῶμα
428 1475 627 1538 ἐκεῖνο,
649 1472 793 1538 λέγω
813 1471 877 1540 δὴ
906 1472 968 1524 τὸ
997 1468 1227 1543 πρώτως
1258 1469 1363 1522 ὑπὸ
1388 1466 1523 1520 Θεοῦ
1556 1463 1802 1534 ποιηθὲν,

237 1568 509 1619 ἀθάνατον
554 1564 770 1634 ἀληθῶς
831 1563 1045 1633 ὑπῆρχε
1093 1563 1191 1615 καὶ
1238 1560 1537 1631 ἄφθαρτον,
1590 1558 1664 1619 ὼς
1700 1556 1804 1627 ήδη

236 1659 499 1722 πολλάκις
519 1659 846 1728 εἰρήκαμεν.
880 1656 1020 1709 Αὐτὸ
1043 1654 1199 1707 τοῦτο
1224 1652 1524 1722 παρίστησι
1552 1651 1646 1702 καὶ
1667 1648 1806 1701 Νυσ-

239 1750 420 1813 σαεὺς.
457 1750 599 1811 θεῖος
658 1748 980 1818 Γρηγόριος,
1014 1747 1175 1817 ⁴ἡνίκα
1209 1748 1302 1798 καὶ
1337 1743 1541 1813 μᾶλλον
1575 1741 1804 1811 εὕρηται

1902 562 2222 631 collapsum.
2254 562 2412 630 quale
2440 562 2509 616 ab
2563 563 2717 616 initio
2760 570 2897 625 erat,
2935 564 3150 632 rejectis
3181 573 3340 632 atque
3373 565 3469 616 de-

1903 654 2096 723 positis
2127 653 2383 707 omnibus
2432 668 2553 722 qum
2589 654 2737 721 prius
2767 654 2816 707 ei
2858 669 2956 723 per
2999 664 3275 722 peccaturo
3323 655 3468 707 acci-

1903 745 2056 800 dere.
2088 743 2258 800 Velim
2294 745 2378 799 his
2410 746 2536 798 mihi
2599 746 2779 800 verbis
2831 747 3070 799 animum
3102 746 3373 799 advertas.
3408 746 3465 797 Si

1906 837 1994 890 tali
2018 836 2341 891 suscitatum
2382 846 2466 889 est
2494 836 2649 904 quale
2676 837 2743 889 ab
2784 836 2936 888 initio
2964 846 3102 899 erat,
3144 838 3240 889 etsi
3270 851 3468 904 corpus

1905 926 2058 990 illud,
2090 926 2233 995 quod
2264 926 2552 989 excitatur,
2583 927 2659 979 sic
2688 926 2937 979 suscitari
2970 937 3183 980 constat
3209 936 3265 980 ut
3304 943 3467 994 supra

1906 1028 2135 1073 mortem
2166 1018 2553 1085 interitumque
2587 1019 2820 1085 positum
2852 1018 2942 1081 sit,
2974 1020 3114 1086 quod
3150 1019 3323 1086 ipsum
3358 1034 3468 1070 tnu-

1905 1124 2041 1177 gnus
2080 1109 2167 1163 ille
2213 1108 2413 1162 Paulus
2442 1106 2727 1161 conﬁrmat
2760 1108 2909 1160 hisce
2940 1108 3120 1161 verbis
3149 1125 3161 1159 :
3195 1126 3213 1157 ι
3246 1106 3475 1175 Oportet

1907 1199 2010 1252 hoc
2041 1198 2398 1267 corruptibile
2426 1195 2825 1264 incorruptibili
2862 1206 3082 1259 natura,
3112 1206 3167 1250 et
3196 1197 3297 1250 hoc
3326 1212 3473 1249 mor-

1907 1290 2013 1343 tale
2045 1287 2451 1341 immortalitate
2481 1287 2629 1340 indui
2658 1287 2723 1349 ",
2763 1304 2780 1337 ι
2802 1285 2983 1353 'plane
3010 1286 3360 1355 perspicuum
3391 1294 3474 1339 est

1905 1381 2067 1435 etiam
2099 1395 2297 1448 corpus
2326 1378 2477 1441 illud,
2499 1378 2642 1447 quod
2684 1386 2768 1431 est
2791 1378 3033 1431 omnium
3062 1378 3237 1446 primo
3270 1378 3471 1430 factum

1907 1488 1936 1526 a
1969 1472 2098 1533 Deo,
2146 1480 2335 1524 rea/era
2377 1469 2686 1523 immortale
2720 1483 2785 1522 ac
2823 1468 3076 1523 interitus
3109 1483 3303 1537 expers
3339 1468 3479 1521 fuis«

1906 1579 1963 1619 se
1994 1561 2129 1631 (20),
2153 1561 2310 1617 sicuti
2335 1561 2447 1629 jam
2480 1575 2622 1629 saepe
2652 1560 2911 1614 diximus.
2942 1559 3086 1613 ldem
3111 1568 3163 1612 et
3190 1557 3476 1628 Nysscnsis

1908 1655 1998 1709 ille
2028 1654 2323 1723 Gregorius
2364 1652 2474 1721 90
2514 1651 2700 1716 tradit,
2733 1650 2825 1704 ubi
2871 1650 3074 1704 dictum
3119 1649 3249 1703 illud
3283 1650 3471 1703 Eccle-

1908 1747 2089 1802 siastm
2121 1746 2382 1807 declarat,
2418 1742 2575 1809 cujus
2605 1744 2719 1794 haec
2765 1739 2928 1793 verba
2956 1747 3086 1793 sunt
3114 1757 3129 1793 :
3172 1757 3191 1790 ι
3222 1737 3361 1803 Quid
3392 1745 3478 1791 est

234 1842 300 1894 τὸ
355 1840 448 1894 τοῦ
487 1837 974 1909 Ἐκκλησιαστικοῦ
1030 1838 1193 1907 ῥητὸν
1250 1834 1688 1904 ἐπεξηγούμενος
1722 1830 1802 1882 ’τὸ

1916 1836 2050 1905 quod
2083 1835 2219 1889 fuit?
2245 1835 2386 1888 idem
2410 1832 2538 1885 illud
2569 1831 2712 1901 quod
2744 1832 2869 1885 erit.
2900 1829 3038 1895 Quid
3063 1828 3298 1883 factum?
3329 1829 3472 1882 idem

234 1928 799 1998 διαλαμϐάνονόῠτως
830 1930 889 1981 ὲν
913 1927 1093 1992 λέξεσι
1114 1943 1130 1959 ο
1169 1945 1188 1978 ι
1216 1928 1280 1978 Τί
1299 1928 1360 1979 τὸ
1386 1924 1641 1994 γεγονός;
1674 1923 1807 1975 αὐτὸ
1832 1944 1835 1947 -

234 2022 300 2075 τὸ
328 2020 713 2089 γενησόμενον.
758 2020 867 2072 Καὶ
908 2018 964 2071 τί
1022 2017 1084 2070 τὸ
1121 2018 1526 2087 πεποιημένονς
1585 2014 1717 2067 αὐτὸ
1745 2011 1808 2064 τὸ

235 2111 695 2181 ποιηθησόμενον.
735 2127 755 2162 ι
794 2110 956 2178 Λέγει
979 2108 1087 2180 γὰρ
1117 2109 1199 2162 ὅτι
1230 2109 1375 2178 χειρὶ
1404 2106 1539 2160 Θεοῦ
1578 2120 1809 2172 πεποιη-

239 2203 402 2272 μένος
429 2201 715 2273 ἄνθρωπος
737 2202 836 2269 οὐχ
883 2200 912 2252 6
942 2199 1036 2252 νῦν
1067 2202 1185 2252 ἐστι
1220 2200 1309 2252 διὰ
1359 2197 1461 2267 τὴν
1509 2196 1807 2265 ἁμαρτίαν,

236 2288 411 2356 ἠγουν
443 2289 674 2357 τρεπτὸς
730 2288 826 2339 καὶ
859 2287 1123 2357 φθαρτὸς.
1174 2287 1332 2339 τοῦτο
1375 2281 1445 2355 ἦν
1484 2285 1578 2337 ἀπ’
1608 2284 1805 2352 ἀρχῆς.

234 2379 356 2431 ἀλλ’
390 2378 419 2431 ὃ
453 2376 813 2447 ποιηθήσεται
848 2376 1100 2448 ὕστερον,
1148 2378 1417 2448 ἄτρεπτος
1443 2374 1686 2447 δηλονότι
1714 2372 1810 2426 καὶ

235 2468 542 2535 ἄφθαρτος.
576 2467 747 2536 Είπερ
789 2464 885 2519 οὖν
930 2470 957 2518 6
986 2468 1120 2529 Θεὸς
1152 2465 1237 2518 ἐπ’
1273 2465 1551 2536 ἀφθαρσίᾳ
1602 2464 1690 2516 τὸν
1716 2462 1811 2515 ἀνα

238 2560 460 2628 θρωπον
482 2559 686 2624 ἔκτισε,
739 2558 864 2612 κατ’
886 2558 1068 2611 εἰκόνα
1097 2560 1202 2627 τῆς
1257 2558 1558 2626 ἁῖδιότητος
1616 2553 1806 2617 αὐτοῦ,

236 2651 389 2706 καθά
414 2668 547 2719 φησι
577 2651 828 2720 Σολομών
849 2665 863 2680 ο
906 2652 1069 2721 εἴπερ
1101 2647 1193 2705 οὖν
1225 2649 1394 2714 ἔδειξε
1415 2651 1474 2701 τὸ
1498 2650 1693 2701 οἰκεῖον
1719 2664 1808 2713 φι-

238 2743 465 2810 λότιμον
507 2739 775 2809 μεταδοὺς
804 2738 954 2808 αὐτῷ
980 2739 1156 2809 ψυχῆς
1188 2739 1381 2808 νοερᾶς
1422 2737 1496 2797 ώς
1529 2733 1670 2789 εἶναι
1717 2737 1812 2790 καὶ

238 2834 515 2888 ἀθάνατον
544 2834 599 2893 ὲς
619 2831 682 2883 τὸ
703 2831 974 2901 διηνεκὲς,
1001 2832 1075 2894 ώς
1110 2832 1138 2883 6
1168 2830 1404 2900 χρυσοῦς
1427 2830 1525 2899 τὴν
1564 2828 1812 2897 γλῶττάν

239 2942 411 2996 φησιν
429 2941 444 2957 ο
467 2923 626 2993 εἴπερ
652 2922 746 2976 οὖν
765 2924 915 2993 ζωῆς
945 2924 1165 2977 αίωνίου
1190 2922 1493 2976 ἀπόλαυσιν
1519 2923 1812 2993 ἐχαρίσατο

170 3018 178 3025 ’
232 3018 320 3086 τῷ
350 3014 625 3086 ἀνθρώπῳ
659 3014 785 3069 κατ’
820 3015 996 3084 ἀρχὰς
1032 3016 1060 3067 6
1099 3014 1253 3079 Θεὸς,
1292 3013 1366 3077 ὡς
1393 3015 1421 3066 6
1467 3017 1639 3084 μέγας
1677 3015 1809 3084 φησι

236 3104 777 3203 Βασίλειοςο-εῐπερ
815 3100 911 3158 οὖν
950 3107 982 3175 ὴ
1034 3104 1231 3174 πρώτη
1264 3102 1603 3203 ποίῙισιςτοῦ
1641 3103 1811 3171 Ἀδὰμ
1837 3148 1878 3203 C

1910 1931 2041 1986 illud
2068 1929 2210 1999 quod
2245 1929 2334 1982 [iet
2363 1929 2431 1980 π.
2468 1946 2485 1977 ι
2510 1927 2693 1995 lnquit
2719 1926 2864 1979 enim
2902 1926 3005 1979 hoc
3038 1926 3158 1979 loco
3195 1938 3357 1977 manu
3382 1923 3475 1978 Dei

1910 2021 2113 2076 factum
2146 2020 2446 2082 hominem,
2490 2032 2599 2071 non
2647 2016 2792 2085 quod
2838 2031 2984 2070 nunc
3030 2025 3250 2085 propter
3281 2030 3477 2084 pecca-

1913 2124 2025 2168 tum
2055 2122 2160 2175 est,
2204 2111 2460 2164 nimirum
2494 2109 2781 2163 mutationi
2814 2118 2870 2163 et
2903 2108 3143 2162 interitui
3190 2106 3475 2168 obnoxius,

1910 2207 1978 2260 ab
2011 2204 2166 2259 initio
2219 2201 2409 2267 fuisse,
2448 2200 2541 2254 sed
2572 2200 2718 2269 quod
2761 2199 3023 2267 deinceps
3073 2196 3355 2257 eﬂicietur,
3386 2211 3479 2249 ex-

1909 2310 2039 2367 pers
2076 2294 2283 2349 scilicet
2314 2292 2631 2347 mutationis
2654 2300 2711 2346 et
2745 2291 3021 2344 interitus.
3057 2288 3404 2358 Quapropter
3432 2287 3481 2341 si

1911 2387 2058 2442 Deus
2091 2386 2147 2440 in
2173 2393 2317 2441 statu
2361 2382 2615 2438 interitus
2647 2392 2874 2451 experte
2903 2379 3152 2435 condidit
3199 2378 3478 2433 hominem

1911 2480 1980 2534 ad
2024 2477 2309 2548 imaginem
2344 2474 2667 2530 aeternitatis
2712 2488 2844 2536 suae,
2877 2470 3332 2541 quemadmodum
3383 2469 3484 2524 So—

1911 2573 2055 2626 lomo
2083 2569 2362 2637 loquitur;
2421 2566 2464 2621 si
2530 2566 2791 2620 honorem
2845 2563 2898 2618 ei
2947 2560 3223 2631 proprium
3265 2560 3480 2622 detulit,

1913 2659 2314 2716 communicata
2345 2672 2468 2711 cum
2498 2656 2616 2725 ipso
2642 2653 2823 2707 anima
2862 2649 3232 2721 intelligentia:
3265 2648 3316 2703 vi
3346 2663 3483 2718 prte-

1912 2753 2046 2816 dita,
2065 2766 2173 2821 quo
2204 2764 2463 2820 perpetuo
2486 2744 2809 2801 immortalis
2831 2750 2997 2807 esset,
3018 2739 3482 2811 quemadmodum

1912 2842 2336 2912 Chrysostomus
2375 2839 2487 2901 ait;
2539 2837 2582 2890 si
2623 2845 2841 2889 aeternae
2864 2832 2989 2886 vitae
3033 2828 3345 2884 fruitiouem
3372 2826 3484 2880 lar-

1912 2938 2055 3006 gitus
2086 2943 2169 2987 est
2216 2930 2423 2986 homini
2459 2930 2525 2983 ab
2579 2927 2736 2981 initio
2786 2927 2946 2989 Deus,
3002 2934 3060 2977 ut
3108 2935 3335 2990 magnus
3393 2919 3485 2972 ille

1916 3026 2146 3081 Basilius
2173 3024 2452 3092 loquitur;
2480 3022 2525 3075 si
2552 3018 2744 3097 Adami
2782 3016 2957 3087 prima
2994 3013 3200 3068 creatio
3233 3011 3487 3064 interitus

1914 3127 2032 3174 erat
2066 3130 2283 3185 expers,
2320 3124 2380 3166 ut
2431 3106 2751 3165 Anastasius
2790 3107 2879 3161 ille
2916 3103 3155 3159 Sinaites
3194 3101 3400 3171 inquit;
3438 3103 3484 3153 si

233 3196 519 3265 ἄφθαρτος
571 3190 659 3265 ἦν,
698 3195 773 3255 ὼς
810 3196 839 3245 6
877 3194 1132 3261 Σιναϊτης
1170 3191 1306 3261 φησὶ⁹
1355 3191 1499 3253 θεῖος
1545 3192 1811 3243 ’Δναστὰα

1916 3209 2233 3281 dignitatem
2291 3205 2435 3258 hanc
2482 3202 2550 3256 ab
2605 3199 2761 3253 initio
2810 3196 2961 3251 Deus
2997 3193 3207 3251 homini
3242 3192 3392 3245 dedit
3426 3200 3488 3243 ut

238 3304 359 3350 σιος
381 3302 396 3319 ο
431 3287 592 3352 εἴπερ
630 3281 729 3339 οὖν
755 3284 972 3353 ἀξίωμα
1021 3283 1219 3336 δέδωκε
1256 3282 1335 3351 τῷ
1373 3281 1646 3351 ἀνθρώπῳ
1692 3281 1809 3334 κατ’

232 3379 417 3449 ἀρχὰς
454 3379 483 3430 6
543 3376 673 3438 Θεὸς
712 3377 771 3429 τὸ
824 3376 1093 3428 ἀθάνατον
1142 3374 1236 3427 καὶ
1286 3371 1612 3444 ἀνώλεθρον,
1652 3370 1726 3433 ὡς
1784 3372 1813 3422 6

229 3473 382 3535 θεῖος
433 3471 690 3540 ’Δνόρέας
738 3468 972 3539 εὕρηται
1013 3467 1225 3536 λέγων*
1264 3466 1420 3537 είπερ
1471 3465 1812 3532 αὐτεξουσιό-

226 3581 364 3633 τητι
410 3562 505 3615 καὶ
554 3561 824 3629 ἀθανασίᾳ
854 3559 1093 3628 τιμήσας
1136 3557 1229 3610 τὸν
1266 3558 1553 3627 ἄνθρωπον
1597 3558 1627 3609 6
1680 3556 1812 3618 Θεὸς

232 3656 470 3728 βασιλέα
493 3655 714 3707 πάντων
767 3653 877 3703 τῶν
909 3650 1169 3716 ἐπιγείων
1209 3651 1532 3717 κατέστησε,
1564 3647 1814 3716 καθάπερ

228 3754 265 3804 ὁ
292 3747 563 3818 μακάριός
586 3760 719 3813 φησι
742 3742 1035 3812 Βαρλαάμ,
1059 3742 1177 3803 πῶς
1208 3741 1394 3794 λοιπὸν
1424 3739 1618 3809 θνητὸν
1650 3739 1813 3792 αὺτὸν

229 3838 379 3909 ὁμοῦ
406 3840 501 3890 καὶ
536 3837 805 3890 ἀθάνατον
840 3830 945 3885 ὑπὸ
975 3830 1111 3885 Θεοῦ
1142 3831 1495 3902 παραχθῆναι
1536 3831 1814 3900 domum;

231 3929 579 3995 ἀνένδεκτον,
609 3927 684 3989 ὡς
707 3922 886 3994 οἶμαι,
919 3924 1079 3977 τοῦτο
1111 3924 1206 3977 καὶ
1235 3923 1356 3977 λίαν
1386 3923 1525 3976 ἐστί.
1565 3924 1675 3977 Καὶ
1700 3924 1813 3985 πῶς

229 4023 350 4093 γὰρ
397 4022 496 4073 οὐκ
536 4018 874 4082 ἀνένδεκτον,
917 4018 1033 4086 είγε
1081 4019 1177 4069 καὶ
1205 4019 1233 4068 6
1263 4016 1431 4078 πολὺς
1470 4016 1528 4066 ὲν
1566 4014 1816 4084 θεολογίᾳ

228 4111 542 4182 Γρηγόριος
561 4109 662 4161 οὐκ
696 4108 762 4178 ἑᾷ
792 4105 928 4177 περὶ
949 4105 1044 4160 τοῦ
1068 4104 1288 4177 πρώτου
1316 4104 1608 4176 ἀνθρώπου
1632 4108 1815 4158 τοιαῦ-

226 4221 299 4255 τα
337 4198 708 4268 φαντάζεσθαι
727 4203 753 4257 ς’
802 4197 1009 4261 Παντὸς
1062 4200 1171 4264 γὰρ
1229 4196 1684 4266 ὲπικαλύμματος
1722 4202 1816 4249 καὶ

229 4293 626 4363 προϐλήματος
657 4290 883 4344 ἀνενδεᾶ
921 4290 1013 4343 τὸν
1045 4292 1140 4344 ἀπ’
1177 4290 1354 4360 ἀρχῆς
1398 4290 1605 4343 ἐκεῖνον
1643 4288 1814 4343 εἰπὼν

229 4385 402 4448 εἶναι,
437 4382 609 4446 ἔδειξε
634 4382 928 4451 προφανῶς
950 4381 1032 4434 ὅτι
1064 4380 1262 4449 στολὴν
1285 4381 1585 4442 ἀθανασίας
1609 4383 1816 4450 ⁴ὴμφιε-

1911 3291 2233 3356 immortalis
2281 3304 2336 3352 et
2366 3289 2798 3361 incorruptibilis
2829 3298 2995 3351 esset,
3031 3294 3091 3340 ut
3130 3285 3212 3338 vir
3266 3283 3485 3337 divinus

1911 3393 2158 3448 Andreas
2185 3389 2389 3444 dixisse
2416 3384 2719 3455 reperitur;
2752 3382 2796 3435 si
2841 3378 3117 3434 hominem
3151 3374 3293 3429 Deus
3316 3373 3487 3427 liber-

1915 3493 2024 3540 tate
2047 3479 2347 3536 voluntatis
2386 3476 2647 3531 donatum
2677 3480 2733 3526 et
2785 3482 3110 3525 exornatum
3160 3464 3487 3520 immortali-

1914 3586 2023 3631 tate
2055 3588 2234 3642 regem
2256 3569 2502 3624 omnium
2530 3563 2872 3620 terrestrium
2900 3559 3198 3622 constituit,
3228 3556 3492 3627 quemad-

1915 3663 2132 3718 modum
2158 3661 2243 3714 vir
2263 3659 2456 3712 beatus
2484 3654 2798 3708 Barlaamus
2824 3650 3101 3721 praedicat,
3131 3662 3239 3716 quo
3269 3646 3488 3701 tandem

1913 3770 2008 3809 ore
2041 3753 2248 3823 pariter
2279 3764 2405 3804 eum
2437 3745 2724 3800 mortalem
2757 3756 2821 3797 ac
2878 3740 3240 3796 immortalem
3294 3754 3324 3791 a
3378 3739 3491 3792 Deo

1914 3842 2193 3897 conditum
2250 3835 2532 3891 dicemus?
2576 3835 2766 3904 nequit
2813 3832 2917 3886 hoc
2974 3830 3085 3885 ullo
3142 3838 3297 3898 pacto
3346 3828 3489 3895 ﬁeri,

1912 3932 2131 4003 quando
2180 3928 2541 3999 peritissimus
2575 3925 2665 3979 ille
2703 3938 2888 3978 rerum
2935 3921 3242 3976 divinarum
3289 3919 3500 3990 Grego-v

1915 4028 2025 4079 rius
2048 4021 2318 4093 ejusmodi
2349 4033 2449 4074 nos
2473 4020 2540 4073 de
2562 4017 2785 4071 homine
2813 4016 2906 4070 illo
2936 4014 3184 4085 principe
3205 4012 3493 4081 imaginari

1914 4131 2021 4169 non
2075 4115 2227 4169 sinit.
2266 4111 2399 4166 Cum
2448 4111 2597 4164 enim
2653 4109 2808 4162 illum
2868 4106 3019 4161 nullo
3056 4107 3142 4159 vel
3179 4114 3495 4174 tegumento

1914 4210 1998 4262 vel
2031 4204 2231 4261 vestitu
2262 4202 2564 4272 indiguisse
2617 4199 2803 4264 tradit,
2830 4198 2976 4252 clare
3011 4196 3353 4251 demonstrat
3397 4209 3491 4248 or-

1913 4310 2044 4354 natu
2077 4294 2495 4351 immortalitatis
2544 4291 2802 4347 amictum
2839 4289 3029 4343 fuisse.
3076 4288 3364 4340 Enimvero
3408 4286 3497 4339 his

1914 4388 2290 4443 contradicere
2322 4385 2460 4439 velle
2502 4384 2742 4452 iniquum
2790 4380 2976 4434 fuerit.
3007 4379 3140 4433 Nam
3182 4378 3264 4432 vel
3295 4393 3502 4446 corpus

233 4477 437 4545 σμένος
508 4468 579 4543 ἦν
604 4473 633 4524 6
686 4472 905 4542 πρῶτος
962 4469 1067 4523 ὑπὸ
1095 4470 1232 4523 Θεοῦ
1262 4469 1687 4542 δημιουργηθεὶς
1728 4470 1815 4523 ἀν-

1924 4483 2055 4537 illud
2078 4478 2459 4537 affectionibus
2483 4478 2633 4530 hisce
2660 4473 3000 4528 naturalibus
3024 4472 3327 4540 Suhjectum
3355 4479 3495 4533 erat,

230 4568 483 4637 θρωπος.
522 4564 662 4617 Ἀλλ’
683 4565 777 4617 ἐπὶ
802 4564 1015 4625 τούτοις
1040 4563 1346 4631 ἀντιλέγειν
1383 4563 1442 4614 οὐ
1467 4562 1709 4632 θεμιτόν.
1741 4563 1812 4615 Ἢ

228 4660 346 4728 γὰρ
388 4658 648 4711 ὑπέκειτο
696 4658 760 4710 τὸ
793 4658 956 4725 σῶμα
990 4657 1168 4709 ἐκεῖνο
1200 4656 1401 4710 πάθεσι
1437 4660 1688 4723 φυσικοῖς
1716 4655 1814 4706 καὶ

230 4748 481 4819 φθαρτὸν
534 4747 984 4817 ὁμολογουμένως
1035 4742 1105 4817 ἦν
1131 4786 1147 4813 ,
1204 4746 1240 4817 ἢ
1296 4728 1486 4799 παθῶν
1545 4746 1809 4798 παντοίων

230 4843 545 4912 ὑπέρτερον
595 4835 685 4911 ἦν,
737 4840 810 4902 ώς
848 4838 1052 4906 ὸλόγος
1089 4839 1191 4910 ήδη
1237 4839 1501 4908 διείληφε.
1542 4837 1651 4891 Καὶ
1686 4838 1813 4906 περὶΙ

226 4933 555 5005 ἀφθαρσίας
575 4932 936 5003 ἀμφιϐάλλειν
958 4933 1018 4984 οὐ
1033 4933 1160 5003 χρήο
1187 4933 1439 4999 φαίνεται
1458 4932 1565 5001 γάρ
1589 4933 1668 4985 ὅτι
1686 4930 1816 5000 φθο-

229 5030 310 5099 ρᾷ
349 5026 648 5098 οίᾳδήποτε
682 5026 761 5096 μὴ
793 5023 1150 5094 ὑποκείμενον
1180 5022 1396 5093 ἀληθῶς
1428 5025 1705 5095 ἄφθαρτον
1724 5019 1812 5095 ἦν.

306 5123 470 5179 Οῦτω
502 5122 603 5193 μὲν
636 5117 751 5185 οὖν,
773 5119 1045 5190 ἀγαπητὶ,
1072 5119 1168 5173 καὶ
1194 5119 1255 5172 τὸ
1282 5120 1441 5188 σῶμα
1473 5119 1567 5174 τοῦ
1609 5121 1812 5189 Κυρίου

225 5217 399 5289 ἡμῶν
438 5214 618 5285 Ἰησοῦ
658 5213 898 5285 Χριστοῦ
932 5216 1026 5267 καὶ
1065 5212 1305 5283 φθαρτὸν
1330 5213 1679 5284 ὡμολόγηται
1709 5213 1815 5284 πρὸ

226 5308 329 5383 τοῦ
387 5306 616 5371 πάθους,
648 5304 835 5376 ἐπειδὴ
890 5306 1089 5359 πάθεσι
1120 5308 1370 5374 φυσικοῖς
1404 5307 1679 5370 ὑπέκειτο,
1720 5306 1815 5358 καὶ

221 5400 517 5470 ἄφθαρτον
553 5395 711 5462 αὖθις
748 5399 885 5470 μετά
920 5398 983 5451 τὸ
1017 5399 1187 5462 πάθος
1210 5399 1304 5453 καὶ
1333 5404 1432 5470 τὴν
1477 5401 1809 5453 ἀνάστασιν·

314 5532 384 5571 ’δ’
414 5537 435 5591 ι
463 5510 591 5593 Cor.
621 5554 710 5605 xv,
740 5538 834 5593 55.
908 5538 956 5569 '°
983 5536 1166 5597 Eccle.
1209 5556 1245 5607 ι,
1276 5541 1329 5594 9.

302 5676 417 5745 (20)
455 5676 637 5757 Ilicet
694 5676 835 5757 intra
882 5676 944 5757 in
972 5672 1140 5757 multa
1172 5678 1440 5757 disputat
1493 5680 1687 5752 Glycas
1741 5682 1808 5757 tle

220 5750 649 5822 immortalitate
677 5747 836 5816 primi
881 5748 1123 5802 hominis
1158 5747 1373 5815 Adauii,
1421 5747 1606 5820 quain
1656 5754 1799 5806 veri-

1921 4584 1975 4629 et
2029 4588 2129 4643 pro
2173 4572 2429 4627 confesso
2478 4576 2752 4622 statuetur
2805 4564 3101 4620 obnoxium
3156 4561 3494 4630 corruptioni

1922 4666 2087 4721 fuisse
2111 4681 2126 4718 :
2151 4665 2239 4719 vel
2273 4676 2436 4732 supra
2468 4673 2660 4715 omnes
2694 4656 3011 4713 affectiones
3060 4662 3177 4708 erat
3232 4653 3494 4723 positum,
3542 4700 3549 4706 .

1926 4756 2381 4827 quemadmodum
2412 4751 2658 4808 oratione
2707 4748 2978 4819 superiori
3014 4755 3096 4801 est
3137 4746 3492 4800 declaratum.

1925 4852 2115 4920 Itaque
2150 4850 2218 4904 de
2245 4830 2761 4916 incorruptibilitatis
2792 4842 2962 4911 ipsius
2987 4840 3211 4895 minime
3238 4839 3496 4893 dulntau-
3556 4898 3559 4899 ν

1923 4944 2052 4998 dum
2105 4951 2213 5005 est,
2250 4956 2371 4994 cum
2407 4937 2693 4993 manifesto
2733 4940 2916 5006 pateat
2951 4924 3198 4987 interitui
3232 4930 3365 4983 nulli
3413 4944 3499 4981 re-

1921 5048 2051 5103 apse
2083 5032 2389 5101 subjectum
2430 5029 2452 5081 Ι·
2454 5030 2615 5082 uisse.
2860 5018 2863 5019 ⁷

1991 5124 2193 5179 Eodem
2229 5124 2412 5186 modo,
2448 5122 2646 5176 dilecte
2674 5119 2771 5185 ﬁli,
2812 5133 3011 5187 corpus
3070 5114 3237 5170 etiam
3277 5110 3497 5167 Domini

1923 5218 2090 5272 nostri
2126 5216 2254 5272 Jcsu
2285 5215 2494 5270 Christi
2531 5212 2887 5281 corruptibile
2915 5209 3086 5263 fuisse
3113 5208 3348 5262 fatemur
3369 5213 3499 5259 ante

1922 5312 2252 5381 passionem,
2270 5322 2393 5363 cum
2419 5306 2802 5361 affectionibus
2822 5301 3163 5356 naturalibus
3191 5299 3495 5367 subjectum

1922 5404 2106 5469 fuerit,
2135 5416 2199 5454 ac
2220 5415 2437 5454 rursum
2465 5407 2583 5467 post
2613 5396 2923 5468 passionem
2952 5403 3007 5449 et
3032 5392 3496 5449 resurrectionem

1923 5691 2031 5735 late
2057 5683 2271 5751 longius
2297 5682 2577 5742 aberrant,
2620 5689 2678 5733 ut
2725 5679 2973 5749 pluribus
3008 5676 3245 5747 theologi
3290 5676 3496 5731 edisse-

1912 5763 2042 5804 runt
2080 5768 2141 5806 ac
2173 5768 2337 5805 sat-rm
2362 5752 2660 5819 Scriptura:
2692 5752 3046 5818 interpretes,
3083 5766 3220 5818 quos
3250 5754 3497 5804 consule.
