4204 6450
203 423 304 486 189

1505 413 1907 474 ANNAUUM
1954 417 2146 475 PARS
2189 419 2231 474 ῐ.

3349 421 3448 482 lim

199 537 257 590 τὸ
293 535 425 594 πῶς.
464 533 704 584 Ἕπλασε
727 531 829 600 μὲν
856 531 964 598 γὰρ
999 531 1084 582 ἐπ’
1115 528 1396 597 ἀφθαρσίᾳ
1447 528 1534 578 τὶν
1563 527 1772 596 ἄνθρω-

1888 530 2131 580 mortalis
2162 539 2277 578 erat
2319 529 2562 581 mortalis
2590 528 2761 582 iac-lus
2797 535 2884 588 ιιι,
2915 533 3224 584 Ιίιλί”(“<⁸-ι“ι1“ξιι
3257 531 3320 583 «ἓν
3355 533 3458 582 lane

201 639 300 675 πον
327 624 355 675 6
380 622 533 686 Θεὸς,
567 621 808 692 ἄρχοντα
826 620 934 672 τῶν
968 618 1228 687 ἐπιγείων
1257 619 1475 670 πάντων
1507 617 1779 684 κατέστη-

203 730 281 774 σε,
317 712 540 781 διηνεκῆ
575 711 772 764 δέδωκε
817 711 916 780 τὴν
947 710 1247 764 ἀθανασίαν
1308 709 1478 778 αὐτῷ,
1532 709 1784 782 καθάπερ

199 807 314 860 ἄνω
347 805 652 874 διείληπται
678 819 692 833 ο
728 803 821 856 καὶ
853 797 966 872 εἶχε
1009 803 1106 871 μὲν
1135 802 1215 864 εἰς
1245 801 1456 862 αἰῶνας
1491 799 1634 853 οὕτω
1664 803 1786 856 κατ’

199 897 381 961 αὑτὸν,
433 899 515 950 ὃτι
581 897 675 950 καὶ
726 898 1124 967 ἀμεταμέλητα
1187 895 1256 948 τά
1291 895 1413 946 θεῖα
1442 896 1780 964 χαρίσματα.

212 989 353 1041 Ἀλλ’
412 990 602 1060 ἐπειδὴ
642 990 778 1060 προς
839 991 1118 1060 ἁμαρτίαν
1157 987 1318 1040 αὑτὸν
1372 988 1518 1055 ἐώρα
1571 989 1787 1040 κατολι-

205 1080 514 1146 σθαίνοντα,
537 1081 834 1135 κάντεῦθεν
853 1070 1192 1133 ἐκπίπτοντα
1212 1079 1311 1144 τῆς
1337 1077 1547 1147 ὑψηλῆς
1573 1079 1786 1148 ἐκείνης

205 1178 302 1226 καὶ
339 1173 627 1241 ίσαγγέλου
657 1173 954 1242 διαγωγῆς,
992 1173 1318 1242 παραχωρεί
1370 1172 1458 1222 διὰ
1509 1171 1668 1228 τοῦτο
1691 1174 1788 1226 καὶ

203 1263 472 1330 λαμϐάνει
526 1263 672 1326 κατ’,
705 1262 872 1316 αὑτοῦ
907 1264 1094 1332 χώραν
1153 1263 1182 1313 6
1214 1260 1466 1324 θάνατος,
1513 1262 1595 1314 ὅτι
1650 1262 1785 1330 μηδὲ

205 1354 504 1428 συνέφερεν
532 1353 718 1407 ἔκτοτε
749 1355 973 1423 διηνεκῆ
1003 1354 1289 1423 προσεῖναι
1333 1350 1434 1421 τὴν
1484 1352 1785 1406 ἀθανασίαν

205 1445 380 1513 αὐτῷ.
410 1445 521 1498 Καὶ
546 1447 661 1515 γὰρ
689 1447 737 1498 εἰ
781 1445 856 1514 μὴ
885 1444 1080 1512 γέγονέ
1112 1461 1164 1496 τι
1190 1443 1453 1503 τοιοῦτον,
1478 1441 1527 1494 εί
1557 1442 1632 1512 μὴ
1654 1459 1789 1509 συγ-

205 1534 454 1602 χώρησις
497 1535 708 1586 ἐκεῖθεν
762 1534 964 1587 ἐδίδοτο
1010 1532 1428 1602 φιλανθρωπίας
1453 1532 1663 1594 ἕνεκεν,
1697 1534 1783 1584 ἵνα

210 1625 288 1690 μὴ
320 1623 587 1676 ἀθάνατον
697 1624 758 1676 τὸ
790 1623 983 1686 κακον,
1027 1624 1129 1675 οὐκ
1154 1624 1219 1676 ἂν
1243 1622 1440 1690 ἐκείνῳ
1475 1621 1551 1690 τῷ
1585 1621 1785 1691 πρώτῳ

218 1714 414 1784 Ἀδάμ,
456 1717 532 1785 τῷ
562 1715 649 1768 ἐπ’
675 1715 958 1786 ἀφθαρσίᾳ
989 1715 1268 1768 κτισθέντι
1300 1713 1419 1767 κατ’
1469 1714 1655 1766 εἰκόνα
1689 1715 1785 1781 τῆς

204 1806 506 1874 ἀῖδιότητος
561 1807 656 1860 τοῦ
687 1807 848 1868 Θεοῦ.
891 1809 1234 1877 προσήγγισε
1286 1805 1554 1866 θάνατος’
1581 1807 1679 1858 οὐκ
1718 1807 1784 1859 ἂν

1886 621 2047 672 etiam
2091 621 2454 681 dubitaverit,
2501 637 2603 674 nec
2656 638 2714 668 r9-

1887 709 2116 763 mortuis
2152 710 2310 762 facile
2361 711 2752 766 admittendam
2817 714 3223 766 existimaverit.
3263 716 3455 774 Quae»

1885 801 2073 853 obrem
2139 801 2266 853 illud
2347 813 2496 854 tuum
2529 842 2542 864 ,
2594 819 2701 872 quo
2757 814 2934 873 pacto,
2985 808 3209 859 missum
3274 809 3459 860 ἴθι-ξω.

1887 891 1989 945 Ubi
2034 892 2209 954 Deus,
2249 894 2316 945 ibi
2348 911 2456 960 quo
2498 905 2657 963 pacto
2702 896 2878 948 lucum
2920 912 3023 948 non
3065 898 3246 950 ιιηίιει.
3317 899 3460 950 (ἰωὴ--

1887 982 2027 1035 didit
2061 984 2206 1036 enim
2244 983 2382 1037 Deus
2419 987 2693 1038 hominem
2727 990 2792 1037 ad
2827 999 3031 1040 statum
3084 992 3340 1043 illlt'l'lllis
3370 1009 3462 1042 ev

1887 1080 2119 1139 pertcm,
2158 1075 2400 1126 omnium
2439 1079 2778 1129 terrestrium
2817 1079 3116 1147 principem
3155 1080 3463 1138 constituit.

1887 1171 2212 1230 perpetuam
2249 1166 2299 1217 ei
2337 1166 2560 1231 largitus
2590 1166 2700 1235 92
2731 1180 2814 1220 cst
2851 1168 3339 1231 immortalitatem,
3388 1172 3464 1223 uti

1889 1265 2053 1319 supra
2082 1253 2416 1306 declaratum
2450 1264 2552 1316 est,
2591 1257 2766 1324 ipsum
2793 1258 3026 1321 denique
3063 1261 3207 1326 quod
3244 1273 3462 1318 attinet.

1889 1340 2175 1395 habiturus
2228 1343 2366 1396 hanc
2415 1355 2534 1398 erat
2577 1345 2740 1397 homo
2782 1349 2995 1401 seculis
3042 1352 3288 1404 aeternis.
3338 1368 3463 1404 cum

1891 1443 2117 1482 munera
2151 1431 2243 1484 Dei
2290 1433 2402 1485 sint
2451 1435 2864 1500 irrevocabilia;
2920 1438 3011 1492 sed
3065 1440 3192 1507 quia
3249 1441 3468 1494 videbat

1888 1535 2014 1575 eum
2050 1521 2116 1574 ad
2159 1533 2445 1592 peccatum
2484 1525 2658 1580 delabi
2695 1543 2758 1581 ac
2789 1538 3080 1598 propterea
3110 1533 3327 1585 sublimi
3375 1535 3466 1587 illo

1889 1613 2013 1666 vita:
2042 1629 2264 1682 genere,
2295 1617 2436 1685 quod
2481 1619 2800 1688 angelorum
2844 1621 2971 1674 vita:
3002 1637 3099 1690 par
3127 1633 3265 1688 erat,
3315 1626 3465 1679 exci-

1889 1703 2041 1768 dere,
2077 1707 2198 1774 ipso
2238 1709 2576 1763 concedente
2607 1726 2756 1766 mors
2780 1712 3044 1767 adversus
3071 1730 3195 1768 eum
3225 1719 3468 1771 occasio-

1889 1813 2012 1852 nem
2045 1799 2259 1868 arripit.
2318 1801 2530 1872 Quippe
2564 1818 2633 1857 ne
2669 1807 2997 1873 expediebat
3035 1810 3254 1876 quidem
3291 1811 3465 1865 Immi-

2720 638 2821 672 =u~r
2847 624 3128 675 itatiuncn‘.
3180 623 3351 691 ipqu
3397 641 3461 675 ix

207 1897 452 1950 ὑπέπεσε
492 1897 673 1970 φθορᾷ
709 1900 769 1952 τὸ
802 1899 964 1966 σῶμα
987 1901 1162 1952 ἐκεῖνο
1179 1900 1238 1950 τὸ
1273 1898 1480 1966 φθορᾶς
1512 1899 1605 1949 καὶ
1625 1899 1784 1950 θανά-

1890 1904 2012 1942 nem
2044 1903 2108 1942 ex
2158 1904 2223 1945 eo
2260 1899 2507 1958 tempore
2562 1894 2926 1950 immortalem
2977 1913 3118 1952 esse.
3178 1901 3311 1954 Nam
3361 1904 3464 1958 nisi

203 2004 302 2060 νυ
326 1988 550 2058 ἄμεινον
577 1991 822 2060 ὑπάρχον
848 1991 909 2042 τὸ
938 1990 1222 2060 πρότερον.
1251 1991 1311 2042 Εἰ
1337 1991 1392 2041 δὲ
1417 1989 1590 2042 ταῦτα
1609 1988 1784 2050 οὕτως

203 2084 342 2150 ἔχει,
398 2081 517 2144 πῶς
571 2083 842 2135 ἀθάνατον
899 2082 1076 2150 αὑτὸν,
1124 2079 1261 2150 ὁμοῦ
1322 2082 1416 2134 καὶ
1457 2079 1651 2149 θνητὸν
1680 2080 1784 2132 ὑπὸ

202 2173 345 2226 Θεοῦ
377 2174 730 2244 παραχθῆναι
789 2177 1070 2244 εῐπωμεν;
1129 2175 1190 2227 Εἰ
1247 2174 1357 2243 γὰρ
1416 2176 1510 2227 καὶ
1567 2173 1784 2242 Θανάτῳ

201 2266 448 2319 ὑπέπεσε
481 2265 558 2336 μὴ
613 2267 858 2334 φυλάξας
897 2266 998 2338 τὴν
1036 2267 1286 2320 δοθεῖσαν
1325 2265 1477 2329 αὑτῷ
1537 2267 1782 2335 ἐντολὴν,

200 2357 323 2409 ἀλλ’
375 2356 606 2412 ὕστατον
651 2359 750 2426 τῆς
805 2359 1144 2426 οἰκονομίας,
1192 2358 1268 2420 ὡς
1299 2359 1399 2428 ἤδη
1433 2357 1778 2428 προείρηται,

202 2446 370 2500 τοῦτο
392 2448 589 2512 πάντες
621 2450 952 2520 εὑρήσομεν,
988 2449 1106 2516 εἴγε
1154 2451 1220 2518 τῇ
1273 2448 1568 2518 ἀκολουθίᾳ
1619 2464 1787 2516 προσ-

200 2541 356 2610 έχειν
389 2542 703 2612 αἱρούμεθα
766 2547 862 2612 τῆς
919 2543 1080 2610 ἁγίας
1119 2542 1360 2612 Γραφῆς-
1398 2542 1530 2594 Οὐδὲ
1558 2543 1666 2609 γὰρ
1695 2537 1799 2594 ὅτε

203 2633 429 2701 παρῆγε
485 2633 574 2686 τὸν
622 2634 913 2706 ἄνθρωπον
940 2635 968 2686 6
997 2633 1151 2697 Θεὸς,
1205 2634 1279 2696 ὡς
1312 2633 1422 2686 ἀνω
1450 2633 1782 2700 διείληπται,

198 2726 328 2775 τότε
372 2723 510 2792 πρὸς
543 2725 709 2778 αὑτὸν
740 2725 932 2793 ἔλεγεν
954 2741 969 2756 ο
1005 2742 1024 2776 ι
1073 2719 1152 2797 τῌ
1183 2724 1228 2777 δ’
1259 2726 1324 2777 ἂν
1357 2725 1540 2794 ἡμέρᾳ
1569 2724 1783 2793 φάγητε

200 2815 313 2867 ἀπὸ
341 2816 449 2868 τοῦ.
469 2817 665 2885 φυτοῦ,
695 2819 910 2886 θανάτῳ
941 2817 1330 2881 ἀποθανεῖσθε,
1357 2836 1374 2867 ι
1425 2817 1562 2870 ἀλλά
1606 2817 1784 2886 πολλῷ

203 2907 348 2975 μετὰ
371 2907 472 2978 τὴν
500 2909 669 2962 αὑτοῦ
696 2911 1040 2981 παραγωγὴν
1092 2909 1342 2979 ὕστερον.
1379 2911 1533 2963 Μετὰ
1586 2911 1697 2980 γάρ
1727 2911 1786 2962 τὸ

203 2996 434 3051 καθίσαι
469 2999 720 3068 βασιλέα,
757 3003 896 3069 μετά
940 3000 1001 3054 τὺ
1031 3001 1332 3071 ἀναχθῆναι
1387 3001 1456 3054 τὰ
1507 3002 1622 3065 ζῶα
1649 3001 1786 3069 προς

204 3089 392 3152 αὑτὸν,
458 3092 600 3160 μετά
645 3095 706 3144 τὸ
747 3093 923 3160 πέρας
985 3093 1073 3145 ἐπ’
1107 3092 1259 3162 αὐτῷ
1302 3091 1556 3154 δέξασθαι
1590 3092 1659 3144 τὰ
1683 3091 1783 3161 τῆς

203 3180 358 3244 θείας
381 3182 598 3252 βουλῆς,
631 3185 750 3237 τότε
782 3187 918 3253 πρὸς
947 3185 1107 3238 αὑτὸν
1129 3187 1162 3252 ἡ
1187 3183 1412 3253 τοιαύτη
1445 3186 1638 3252 γέγονε
1663 3184 1784 3238 θεία
1811 3209 1857 3272 C

203 3271 384 3340 φωνὴ,
417 3273 535 3325 τότε
569 3273 656 3342 δὴ,
695 3275 816 3327 τότε
861 3275 957 3326 καὶ
987 3275 1172 3344 χώραν
1197 3276 1224 3326 6
1247 3273 1476 3337 θάνατος
1507 3273 1780 3343 ἐλάμϐανε

199 3361 328 3412 κατ’
356 3360 542 3414 αὑτοῦ.
587 3363 688 3414 Διά
716 3363 767 3415 τί
798 3363 854 3414 δὲ
893 3361 1090 3426 ταῦτα,
1125 3364 1219 3414 καὶ
1241 3363 1385 3425 τίνος
1416 3364 1601 3415 ἕνεκεν
1624 3379 1638 3426 ;
1661 3363 1781 3414 Ἵνα

204 3450 294 3520 μὴσ
319 3451 592 3505 ἀθανάτου
629 3453 915 3522 μείναντος
953 3452 1122 3506 αὑτοῦ
1169 3455 1304 3523 μετά
1337 3455 1435 3523 τὴν
1465 3453 1781 3523 παράϐασιν

205 3543 373 3614 μείνῃ
403 3543 500 3595 σὺν
531 3543 679 3613 αὐτῷ
701 3544 795 3596 καὶ
825 3543 885 3596 τὺ
913 3545 1082 3596 κακὸν
1107 3544 1164 3609 ἐξ
1203 3545 1451 3612 ἀνάγκης
1491 3544 1778 3597 ἀθάνατον.

1892 1965 1998 2033 tale
2028 1980 2284 2048 quiddam
2316 1983 2634 2049 accidisset,
2692 1987 2794 2040 nisi
2829 1989 3159 2044 condonatio
3206 1993 3467 2063 deinceps

1890 2071 2029 2127 facta
2060 2071 2252 2128 fuisset
2275 2090 2341 2128 ex
2376 2075 2779 2142 benevolentia,
2806 2094 2876 2134 ne
2906 2081 3109 2135 malum
3143 2095 3467 2152 perpetuum

1890 2163 2052 2229 foret,
2089 2181 2434 2236 nequaquam
2469 2171 2808 2239 permisisset
2838 2170 2982 2227 Deus
3013 2185 3072 2227 ut
3105 2190 3251 2228 mors
3270 2179 3334 2229 ad
3370 2179 3468 2231 ho-

1891 2253 2099 2310 minem
2145 2258 2380 2326 primum
2413 2259 2469 2312 in
2512 2269 2653 2314 statu
2707 2272 2935 2332 experte
2981 2265 3238 2321 interitus
3278 2270 3468 2324 condi-

1893 2355 2006 2400 tum
2037 2348 2105 2401 ad
2156 2348 2449 2421 imaginem
2488 2353 2812 2406 :eternitatis
2848 2354 2938 2408 Dei
2992 2359 3312 2422 accederet;
3363 2378 3464 2415 uec

1889 2451 2089 2506 corpus
2146 2439 2276 2494 illud
2339 2457 2500 2511 supra
2556 2458 2783 2498 mortem
2830 2458 2885 2500 ct
2928 2447 3206 2502 interitum
3248 2468 3466 2505 omnqu

1889 2529 2042 2596 prius
2069 2532 2307 2596 positum
2331 2535 2668 2603 corruptioni
2700 2535 2900 2591 factum
2925 2539 3122 2595 luisset
3145 2543 3466 2599 obnoxium.

1889 2618 2021 2682 Qua:
2051 2637 2175 2676 cum
2207 2622 2281 2676 ita
2311 2623 2442 2689 sint,
2473 2641 2583 2694 quo
2616 2627 2831 2682 tandem
2869 2640 3029 2697 pacto
3051 2632 3303 2688 dicemus
3338 2649 3468 2690 eum

1890 2713 2176 2767 mortalem
2212 2715 2419 2783 pariter
2451 2726 2506 2770 et
2557 2719 2918 2774 immortalem
2969 2737 3091 2777 esse
3130 2726 3409 2780 conditum
3439 2745 3468 2782 a

1891 2801 2048 2856 Deo?
2101 2803 2426 2876 Quanquam
2468 2809 2614 2861 enim
2659 2825 2772 2863 non
2828 2822 3047 2866 servato
3077 2817 3336 2870 mandato
3365 2821 3471 2873 sibi
3519 2823 3521 2826 ⁴

1889 2896 2211 2962 ρταιεοτίριο
2242 2895 2296 2948 in
2322 2905 2553 2952 mortem
2582 2899 2792 2964 incidit,
2828 2909 3010 2956 tamen
3043 2907 3144 2960 hoc
3176 2909 3352 2975 ipsum
3383 2925 3470 2963 vc-

1891 2984 2020 3038 ferri
2057 2985 2257 3041 debere
2307 2987 2374 3042 ad
2420 2991 2776 3057 posteriorem
2844 2993 2988 3048 illam
3042 2997 3469 3056 administratio-

1888 3092 2039 3142 nem,
2071 3079 2153 3132 uti
2204 3080 2463 3149 superius
2510 3083 2812 3157 indicatum
2862 3095 2967 3151 est,
3017 3091 3381 3159 reperiemus,
3422 3095 3468 3148 si

1891 3171 2112 3238 quidem
2144 3172 2308 3226 serici
2345 3187 2626 3228 sacrarum
2653 3175 2991 3233 Litterarum
3025 3181 3312 3237 advertere
3346 3187 3470 3239 ani-

1895 3276 2044 3316 mum
2080 3263 2348 3319 volemus.
2404 3266 2521 3321 Non
2553 3269 2702 3322 enim
2741 3279 2856 3324 tum
2896 3287 3019 3326 cum
3065 3274 3325 3330 conderet
3371 3279 3471 3330 lio-

1891 3354 2095 3408 minem
2154 3355 2316 3421 Deus,
2370 3366 2431 3411 ut
2488 3368 2649 3414 antea
2685 3360 3019 3427 dicebamus,
3070 3365 3156 3419 liis
3191 3369 3255 3421 al
3293 3368 3468 3435 ipsum

1891 3447 2074 3500 verbis
2111 3462 2245 3501 usus
2284 3459 2404 3503 est:
2459 3449 2828 3521 «Quacunque
2877 3455 2965 3508 die
3025 3441 3315 3512 vcseemini
3371 3463 3472 3516 hac

1891 3541 2104 3605 arbore,
2130 3549 2306 3596 morte
2333 3541 2780 3610 multabimini",
2816 3563 2833 3596 ι
2887 3549 2982 3602 sed
3031 3550 3308 3618 aliquanto
3347 3564 3470 3622 post

200 3633 326 3700 ejus
366 3635 698 3690 creationem
749 3636 1033 3706 interjecto
1085 3643 1353 3705 tempore.
1406 3635 1762 3704 Posteaquam
1799 3635 1948 3689 enim
1999 3648 2181 3700 regem
2223 3633 2400 3702 ipsum
2448 3635 2834 3704 constituerat,
2857 3649 3192 3712 posteaquam
3212 3645 3467 3698 anin'ialia

205 3738 405 3783 cuncta
433 3729 729 3782 deduxerat
759 3730 826 3783 ad
857 3744 1003 3794 eum,
1033 3737 1382 3800 posteaquam
1407 3729 1652 3783 divinum
1680 3729 1747 3783 de
1775 3728 1893 3797 ipso
1913 3727 2202 3782 consilium
2225 3727 2292 3780 ad
2319 3727 2520 3790 exitum
2548 3731 2871 3797 perductum
2914 3745 3051 3801 erat,
3093 3746 3206 3791 tum
3247 3739 3466 3796 demum

206 3823 312 3876 hac
340 3837 465 3876 eum
502 3835 636 3875 voce
658 3821 992 3890 ,compellat.
1027 3819 1203 3874 Simul
1235 3821 1498 3874 adversus
1528 3821 1705 3889 ipsum
1737 3820 1788 3874 id
1821 3819 2254 3888 temporis_mors
2280 3818 2461 3873 locum
2489 3821 2718 3876 invenit.
2745 3823 3110 3888 Quamobrem
3147 3829 3288 3884 hoc?
3313 3832 3388 3887 Ne
3421 3835 3468 3888 si

204 3916 504 3970 mansisset
535 3913 857 3967 immortalis
884 3922 1008 3982 post
1034 3916 1547 3982 transgressionem,
1580 3911 1892 3968 necessario
1920 3920 2202 3982 peccatum
2231 3927 2448 3982 quoque
2479 3929 2602 3967 cum
2642 3915 2760 3984 ipso
2791 3919 2910 3972 sine
2944 3917 3051 3973 line
3090 3933 3358 3978 maneret.

276 4008 403 4060 ’Ὁτι
436 4007 492 4058 δὲ
529 4004 794 4067 ἀθάνατος
842 4005 1038 4074 ἔμελλε
1072 4008 1250 4073 μεῖναι
1292 4006 1431 4074 μετά
1462 4007 1562 4072 τὴν
1594 4006 1798 4075 ἁμαρο,

196 4097 326 4148 τίαν
355 4097 383 4148 6
422 4095 731 4164 ἄνθρωπος,
777 4096 827 4147 εἰ
860 4095 936 4163 μὴ
966 4096 1158 4164 γέγονέ
1217 4113 1301 4152 τις
1348 4097 1631 4164 οἰκονομία
1661 4096 1782 4148 θεία

197 4190 345 4243 ὥστε
374 4188 451 4258 μὴ
481 4185 750 4257 καὶήμᾶς
779 4185 1021 4239 ἀθάνατα
1055 4189 1286 4256 πάσχειν
1308 4191 1448 4240 κατὰ
1468 4189 1592 4249 τοὺς
1623 4190 1794 4239 ὲκπε-’

203 4284 400 4342 σόντας
455 4280 742 4347 ἀγγέλους,
799 4281 828 4331 6
883 4277 1104 4348 Νύσσης
1135 4277 1272 4341 θεῖος
1328 4279 1628 4368 Γρηγόριος
1669 4282 1781 4342 τοῖς

197 4375 444 4444 ἀμαθέσι
471 4372 654 4424 δίδωσι
682 4371 819 4432 τέως
845 4373 977 4439 ἡμῖν
1011 4372 1236 4423 ἐννοεῖν.
1288 4387 1305 4419 ι
1345 4370 1566 4454 Ἐπειδὴ
1589 4371 1698 4440 γὰρ
1721 4373 1780 4422 ιν

196 4472 318 4532 τοῖς
356 4467 861 4538 ἀπηγορευμένοις,
882 4485 901 4518 ι
936 4464 1093 4533 φησὶ,
1141 4484 1159 4515 ‹
1189 4465 1477 4531 γεγόνασιν
1499 4464 1548 4515 οἰ
1575 4465 1782 4533 πρῶτοι

195 4563 486 4630 ἄνθρωποι
517 4562 611 4611 καὶ
643 4562 742 4629 τῆς
789 4559 1188 4627 μακαριότητος
1213 4557 1428 4624 ἐκείνης
1454 4557 1783 4625 ἀπεγυμνὼ-

201 4653 407 4722 θησαν,
467 4650 699 4720 χιτῶνας
747 4648 1128 4716 δερματίνους,
1163 4647 1331 4717 ἤγουν
1377 4647 1475 4716 τὴν
1531 4648 1641 4699 ἀπὸ
1670 4648 1780 4700 τῶν

1960 4005 2028 4060 Et
2081 4019 2213 4060 vero
2267 4005 2628 4061 immortalem
2678 4007 2922 4064 futurum
2971 4011 3143 4068 fuisse
3194 4015 3468 4072 hominem

1889 4093 2054 4149 etiam
2103 4103 2227 4164 post
2257 4105 2566 4163 peccatum,
2605 4097 2716 4152 nisi
2744 4097 3078 4168 dispensatio
3114 4101 3297 4158 divina
3325 4120 3472 4175 qua:-

1889 4184 2014 4240 dam
2054 4186 2418 4249 accessisset,
2475 4201 2546 4239 ne
2580 4186 2678 4254 ipsi
2715 4187 2934 4258 quodue
2967 4195 3249 4262 perpetuis
3294 4198 3472 4264 poenis

1887 4276 2310 4347 subjiceremur,
2343 4285 2401 4330 ut
2434 4277 2646 4345 angelis
2675 4277 2842 4347 lapsis
2882 4281 3100 4358 accidit,
3133 4284 3354 4340 divinus
3382 4288 3472 4341 ille

1887 4369 1990 4432 vir,
2020 4367 2316 4438 Gregorius
2345 4368 2576 4423 antistes
2608 4368 2887 4440 Nysscnus
2924 4374 3188 4428 ostendit.
3249 4375 3469 4430 Postea-

1891 4475 2079 4529 quam,
2109 4462 2206 4524 ait,
2240 4459 2492 4514 homines
2525 4461 2598 4514 illi
2640 4462 2916 4531 priucipcs
2966 4468 3132 4520 vetita
3179 4473 3472 4525 commi-ve-

1859 4562 2020 4606 -runt
2051 4566 2116 4606 ae
2151 4552 2409 4606 beatitale
2440 4567 2536 4608 sua
2568 4554 2756 4607 nudati
2794 4564 2944 4618 sunt,
2977 4558 3219 4626 pelliceis
3250 4564 3470 4628 tunicis,

1891 4643 1995 4698 hoc
2031 4652 2117 4698 est
2144 4645 2464 4698 animalium
2491 4645 2844 4710 mortalitate,
2875 4658 3027 4703 certo
3067 4653 3300 4719 quodam
3338 4669 3467 4708 cmi-

199 4743 363 4807 ζώων
410 4741 732 4810 νεκρότητα,
781 4739 1142 4806 οἰκονομικῶς
1175 4737 1405 4808 ἐνέθηκε
1441 4741 1506 4808 τῇ
1537 4741 1616 4800 εἰς
1648 4737 1782 4791 ἀθα-

1889 4734 2012 4790 silio
2047 4743 2101 4789 et
2133 4736 2542 4804 dispensatione
2574 4737 2720 4790 Deus
2752 4749 3006 4793 naturam
3039 4742 3107 4795 ad
3150 4744 3471 4800 imumrtali-

202 4835 405 4889 νασίαν
459 4831 747 4901 κτισθείσῃ
780 4829 963 4897 φύσει,
1000 4829 1086 4881 ἵνα
1117 4827 1192 4897 μὴ
1219 4827 1281 4880 τὸ
1306 4830 1473 4881 κακὸν
1508 4829 1777 4884 ἀθάνατον

294 4940 315 4973 ι
363 4919 560 4982 Καλῶς
607 4919 665 4972 δὲ
720 4914 872 4970 εἶπεν
925 4916 1286 4986 οἰκονομικῶς
1347 4919 1375 4968 6
1423 4916 1566 4979 θεῖος
1625 4912 1779 4980 οὑτος

200 5016 379 5084 ἀνήρ·
405 5011 709 5079 κηδόμενος
737 5009 844 5078 γὰρ
877 5008 1036 5076 ἡμῶν
1062 5010 1089 5060 6
1126 5007 1278 5071 Θεὸς,
1307 5005 1448 5059 ὥστε
1493 5006 1568 5078 μὴ
1595 5009 1776 5078 ἀμαρ-

197 5111 394 5160 τάνειν
445 5103 688 5156 ἀθάνατα
736 5102 831 5154 καὶ
889 5099 1030 5152 ὥστε
1075 5099 1151 5170 μὴ
1188 5100 1653 5170 συμπαραμὲνειν
1701 5101 1779 5163 εἰς

199 5199 411 5259 αἰῶνας
447 5197 511 5265 τῇ
545 5194 802 5262 ὲπωδὺνῳ
827 5193 1001 5261 ταύτῃ
1026 5194 1123 5245 καὶ
1155 5193 1404 5263 μοχθηρᾷ
1431 5191 1609 5262 βιοτῇ,
1633 5191 1778 5246 καθά

199 5291 263 5356 δὴ
293 5287 395 5341 καὶ
425 5288 453 5338 6
487 5283 722 5354 χρυσοῦς
747 5285 848 5350 τὴν
877 5283 1127 5349 γλῶττάν
1157 5298 1311 5352 φησι,
1351 5284 1676 5352 παραχωρεῖ
1699 5282 1778 5353 τῷ

202 5382 428 5451 θανάτῳ
474 5380 616 5430 κατά
657 5375 752 5428 τοῦ
805 5375 1098 5429 ἀθανάτου·
1131 5375 1402 5444 χωρῆσαι,
1437 5373 1533 5426 καὶ
1570 5375 1781 5443 γίνεται

201 5473 384 5542 τούτῳ
450 5470 530 5540 τῷ
580 5468 768 5538 τρόπῳ
827 5467 1019 5534 θνητὸς
1068 5469 1095 5519 6
1147 5466 1411 5530 ἀθάνατος
1452 5469 1546 5519 καὶ
1606 5467 1784 5537 φθαρ-

202 5569 294 5630 τὸς
358 5565 566 5634 ὁμοίως
614 5565 641 5616 ὁ
691 5560 989 5630 ἄφθαρτος.
1052 5561 1161 5612 Καὶ
1219 5561 1453 5613 πειθέτω
1493 5561 1641 5628 ἡμᾶς
1690 5561 1784 5613 ἐπὶ

197 5662 366 5716 πλέον
392 5663 419 5711 ὸ
453 5659 629 5727 μέγας
678 5655 958 5720 Βασίλειος
1005 5655 1148 5708 οὕτω
1179 5657 1305 5725 περὶ
1358 5657 1547 5705 τούτου
1581 5653 1776 5719 λέγων·

277 5827 316 5854 ⁷³
349 5825 488 5879 Gen.
531 5839 587 5889 ιι,
627 5821 711 5876 l7.

1893 4835 2054 4881 tatem
2083 4827 2358 4891 conditam
2391 4827 2594 4893 induit,
2627 4843 2696 4884 ne
2742 4830 2944 4884 malum
2993 4846 3259 4903 perpetuo
3302 4839 3470 4893 dura-

1893 4928 1997 4970 rct.
2072 4915 2286 4982 Quibus
2340 4917 2394 4970 in
2446 4919 2626 4972 verbis
2677 4922 2936 4989 prmclare
3001 4926 3208 4981 dictum
3271 4928 3469 4986 fecisse

1893 5008 2063 5062 Deum
2102 5009 2210 5062 hoc
2237 5017 2393 5062 certo
2423 5012 2660 5078 quodam
2690 5013 2918 5067 consilio
2942 5026 2996 5069 et
3037 5017 3469 5086 dispensatione.

1891 5101 2027 5156 Nam
2069 5101 2342 5156 sollicitus
2371 5101 2442 5155 de
2483 5102 2664 5167 nobis,
2700 5119 2769 5158 ne
2811 5104 2951 5160 forte
2985 5121 3247 5177 perpetuo
3278 5129 3468 5181 pecca-

1893 5208 2083 5248 remus
2112 5207 2220 5247 neu
2259 5193 2434 5248 tristis
2476 5192 2591 5250 haec
2640 5204 2696 5249 et
2738 5210 3047 5253 terumnosa
3087 5204 3195 5256 vita
3246 5204 3468 5262 duraret

1885 5292 2174 5348 aeternum,
2209 5284 2286 5337 uti
2320 5281 2561 5339 Joannes
2593 5285 2757 5339 etiam
2791 5285 3217 5358 Clirysostomus
3267 5294 3467 5362 inquit,

1886 5373 2048 5427 morti
2071 5381 2398 5441 potestatem
2425 5372 2938 5428 facitimmortalem
2960 5378 3276 5446 invadendi,
3304 5393 3469 5454 atque

1889 5467 1989 5519 hoc
2013 5466 2176 5520 modo
2199 5466 2444 5520 mortalis
2470 5467 2527 5520 lit
2547 5467 2636 5534 qui
2664 5468 2989 5522 immortalis
3051 5485 3186 5528 erat.
3210 5488 3288 5527 ctu
3309 5495 3386 5528 m-i
3407 5495 3470 5529 u~

1887 5557 2100 5628 ptibilis
2142 5559 2234 5625 qui
2271 5558 2399 5611 nulli
2429 5572 2545 5612 erat
2581 5559 2823 5614 interitui
2860 5562 3147 5618 obnoxius.
3171 5565 3278 5636 93
3323 5569 3466 5636 Idem

1887 5651 2041 5704 nobis
2078 5659 2240 5704 ettam
2297 5651 2528 5704 Basilius
2566 5668 2757 5717 penum
2785 5656 2911 5708 teat.
2950 5656 3105 5712 cuius
3144 5663 3255 5711 ha-e
3301 5666 3464 5715 ιεινῠιι
