4204 6450
714 442 810 507 191

2004 433 2425 496 MICHAELIS
2460 431 2718 492 GLYCE

3870 417 3976 485 192

707 567 866 617 sunt:
910 554 1166 608 «Mortem
1199 550 1343 606 Deus
1395 565 1503 605 non
1536 550 1840 621 prohibuit,
1875 566 1943 605 ne
1974 550 2287 614 inﬁrmitas,
2314 594 2323 608 ι

2441 548 2553 598 Οὐκ
2586 545 2826 599 ἐκώλυσε
2870 543 2927 597 δὲ
2958 542 3047 595 τὶν
3080 540 3312 595 θάνατον
3340 541 3368 593 ὁ
3402 538 3557 601 Θεὸς,
3606 536 3691 589 ἵνα
3719 533 3798 604 μὴ
3832 534 3977 588 ἀθά-

709 666 770 704 ae
800 648 1020 701 morbus
1065 644 1159 698 ille
1198 652 1387 697 noster
1426 653 1693 696 :cternum
1745 642 1988 695 duraret.
2054 640 2172 705 Quo
2229 640 2287 696 ﬁt

712 753 765 794 ut
809 742 863 794 in
900 739 1054 792 lucro
1089 751 1237 790 mors
1274 734 1402 804 poni
1439 734 1654 799 debeat,
1681 743 1737 788 et
1784 734 1899 786 ha‘c
1926 747 2086 801 pmna
2115 731 2285 786 bene-

711 831 814 884 (icii
846 830 967 882 loco
1009 827 1223 887 haberi,
1259 823 1720 893 quemadmodum
1746 822 2043 892 Gregorius
2077 822 2165 875 ille
2194 835 2287 876 c0-

712 926 1011 988 gnomento
1038 916 1348 985 Theologus
1380 914 1633 983 scripsit;
1687 914 1931 981 adeoque
1959 927 2057 967 nos
2086 912 2291 966 idcirco

714 1024 945 1064 mmrere
981 1024 1089 1062 non
1122 1007 1402 1060 convenit.
1472 1005 1733 1070 Quamvis
1782 1006 1929 1057 enim
1973 1006 2024 1057 in
2069 1018 2290 1068 terram,

718 1101 861 1154 unde
896 1100 1099 1163 sumpti
1126 1112 1344 1161 sumus,
1393 1096 1897 1164 revertimurjuxta
1948 1095 2293 1162 imprecatio-

717 1206 838 1244 ncm
877 1190 1021 1242 illam
1064 1190 1188 1241 Dei:
1232 1187 1429 1241 «Terra
1464 1203 1543 1251 cs,
1571 1187 1705 1239 etin
1737 1195 1933 1239 terram
1968 1184 2287 1247 redibis“,s

718 1291 896 1334 tamen
926 1280 1187 1339 indidem,
1224 1281 1300 1331 nti
1329 1278 1758 1347 Chrysostomus
1792 1277 2029 1345 scripsit,
2061 1276 2291 1329 su~cita~

718 1386 840 1423 mur
875 1386 937 1421 ae
979 1370 1261 1421 meliorem
1300 1372 1363 1419 ad
1394 1369 1765 1419 venditionem
1815 1367 2292 1425 transformamur,

720 1466 787 1514 ita
820 1472 876 1512 ut
907 1461 1039 1512 tales
1075 1476 1288 1512 rursum
1321 1462 1613 1511 evadamus
1643 1461 1830 1525 quales
1865 1473 2080 1510 eramus
2120 1458 2293 1524 prius,

722 1552 825 1603 hoc
859 1561 942 1604 est
975 1550 1233 1603 interitus
1266 1560 1523 1618 expertes
1563 1558 1617 1602 et
1658 1550 2013 1602 immortales.

794 1640 940 1693 Nihil
974 1641 1143 1707 igitur
1182 1640 1271 1693 hic
1301 1640 1690 1703 limsitandum,
1738 1640 1958 1708 quando
1999 1640 2188 1693 Patres
2220 1638 2295 1691 illi

720 1732 887 1786 divini
926 1732 1388 1785 resurrectionem
1424 1747 1487 1783 ex
1530 1733 1760 1784 mortuis
1793 1731 1925 1784 nihil
1960 1731 2105 1784 aliud
2137 1730 2297 1784 nobis

721 1824 965 1893 polliceri
1009 1822 1231 1876 tradunt
1267 1839 1427 1891 quam
1484 1823 1760 1892 lapsorum
1815 1823 1869 1875 in
1923 1822 2192 1890 integrum
2245 1829 2298 1872 et

2396 658 2558 693 νατον
2586 640 2720 708 ἡμῖν
2769 637 2868 707 τὴν
2901 633 3217 706 ἀρρωστίαν
3270 632 3556 702 τηρήσῃ.)
3612 628 3739 681 Ἐπὶ
3788 625 3981 696 κέρδει

2394 732 2581 784 λοιπὸν
2614 732 2642 782 ὁ
2682 728 2934 791 θάνατος,
2992 729 3088 779 καὶ
3142 723 3230 776 ἔπ’
3284 719 3607 790 εὐεργεσίαν
3658 719 3692 787 ὴ
3725 716 3983 788 τιμωρία

2394 824 2596 877 δίδοται
2628 823 2770 874 κατᾶ
2796 820 2887 872 τὶν
2913 820 2971 870 ὲν
3005 815 3256 886 θεολογίᾳ
3279 812 3813 883 μέγανηΓρηγόριον.
3862 804 3985 873 Ἐφ’

2395 912 2439 982 ᾧ
2486 916 2581 965 καὶ
2640 910 3065 981 σκυθρωπάζειν
3114 907 3203 958 ἐπὶ
3256 905 3465 965 τούτοις
3500 904 3599 953 οὐκ
3627 899 3879 964 εὔλογον.
3922 896 3986 946 Εἰ

2400 1008 2508 1075 γὰρ
2549 1006 2645 1058 καὶ
2678 1004 2758 1064 είς
2795 1003 2899 1071 γῆν
2957 1000 3080 1053 ὅθεν
3142 996 3456 1067 ὲλήφθημεν
3509 988 3987 1059 ἀποστρεφόμεθα

2403 1098 2545 1150 κατὰ
2580 1094 2680 1163 τὴν
2711 1092 2851 1162 ἀρὰν
2895 1092 3112 1157 ἐκείνην
3147 1090 3249 1157 τὴν
3287 1089 3431 1141 οὕτω
3477 1088 3748 1153 λέγουσαν
3780 1102 3797 1133 ι
3830 1081 3915 1149 [ἦ
3939 1075 3989 1130 εἳ

2403 1192 2496 1240 καὶ
2532 1189 2611 1249 εἰς
2638 1187 2741 1254 γῆν
2773 1184 3074 1254 ἀπελεύσῃ,
3105 1202 3122 1233 ι
3161 1183 3279 1235 ἀλλ’
3308 1181 3543 1243 ἐκεῖθεν,
3578 1180 3653 1240 ὡς
3691 1179 3717 1229 ὁ
3749 1174 3993 1245 χρυσορ-

2404 1281 2597 1350 ρήμων
2642 1277 2896 1343 Ἰωάννης
2927 1277 3083 1345 φησι,
3118 1276 3214 1326 καὶ
3272 1271 3428 1336 αὖθις
3459 1264 3990 1337 ἀντιλαμϐανόμεθα,

2405 1368 2700 1425 κάντεῦθεν
2760 1370 2849 1419 ἐπὶ
2879 1368 2938 1417 τὸ
2991 1366 3201 1435 βέλτιον
3257 1358 3849 1433 μεταστοιχειούμεθα,
3896 1356 3993 1406 καὶ

2403 1462 2638 1514 τοιοῦτοι
2683 1459 2946 1528 γινόμεθα
2990 1458 3155 1511 πάλιν
3190 1458 3365 1507 ὁποῖοι
3397 1453 3489 1506 καὶ
3522 1452 3791 1519 πρότερον
3818 1445 3992 1518 ἦμεν,

2405 1555 2683 1605 τουτέστιν
2712 1552 2980 1621 ἄφθαρτοι
3009 1552 3100 1603 καὶ
3128 1550 3406 1603 ἀθάνατοι,

2490 1640 2883 1711 Ἀμφιϐάλλειν
2907 1640 2999 1692 οὖν
3027 1642 3118 1692 ἐπὶ
3146 1640 3356 1701 τούτοις
3380 1639 3440 1691 οὐ
3472 1638 3706 1698 δίκαιον,
3740 1635 3863 1699 εἴγε
3897 1633 3998 1683 2.0.

2410 1730 2613 1801 μᾶλλον
2642 1733 2689 1783 οί
2724 1731 2855 1783 θεῖοι
2890 1732 3128 1801 Πατέρες
3150 1728 3300 1781 οὐδὲν
3336 1730 3466 1799 ἡμῖν
3499 1728 3686 1794 ἕτερον
3718 1724 3999 1788 ἐπαγγέλ-

2410 1824 2600 1875 >.εσθαι
2623 1823 2843 1889 λέγουσι
2874 1823 2972 1889 τῆν
3008 1823 3071 1873 ὲκ
3099 1821 3313 1889 νεκρῶν
3343 1823 3644 1872 ἀνάστασιν
3676 1818 3707 1885 ἢ
3733 1816 3838 1885 τὴν
3858 1814 4000 1879 πρὶς

722 1914 1091 1968 conditionem
1127 1914 1412 1983 pristinam
1446 1914 1872 1968 restitutionem.
1929 1914 2083 1977 Vide,
2114 1913 2157 1965 si
2191 1911 2308 1981 pla—

2426 1915 2474 1967 τὸ
2521 1915 2751 1983 ἀρχαῖον
2798 1914 2907 1966 τῶν
2960 1913 3331 1965 πεπτωκότων
3372 1911 3840 1964 ἀποκατάστασιν.
3886 1906 4000 1956 Καὶ

723 2015 829 2066 cet,
868 2007 999 2076 quid
1037 2020 1145 2073 pra:
1175 2005 1393 2059 caeteris
1450 2006 1672 2060 divinus
1727 2005 1818 2058 ille
1866 2005 1951 2058 vir
1990 2003 2309 2057 Anastasius

727 2102 777 2151 in
807 2098 905 2151 hac
929 2108 1083 2157 parte
1115 2096 1301 2150 dicat:
1336 2094 1543 2161 «Fecit,
1587 2097 1797 2161 inquit,
1840 2095 2113 2149 hominem
2145 2094 2309 2160 Deus,

725 2204 780 2247 et
816 2192 1036 2261 quidem
1066 2208 1192 2245 cum
1230 2193 1297 2245 ad
1329 2193 1626 2262 imaginem
1666 2191 1760 2246 Dei
1799 2191 1951 2245 fecit.
1984 2189 2107 2243 llaae
2141 2191 2313 2259 prima

736 2285 979 2340 hominis
1012 2283 1218 2337 ereatio
1256 2284 1381 2349 fuit,
1415 2285 1671 2354 simplex,
1708 2298 1903 2353 expers
1929 2282 2185 2351 conjugii,
2216 2296 2314 2335 ex-

729 2392 855 2447 pers
883 2376 1182 2436 interitus;
1232 2377 1298 2430 ad
1336 2392 1500 2445 quam
1532 2376 1866 2431 creationem
1901 2390 2191 2444 corporum
2231 2388 2315 2427 re-

731 2475 1004 2523 surrectio
1036 2470 1278 2538 respicit,
1330 2472 1405 2523 uti
1436 2486 1558 2539 qua:
1588 2471 1656 2524 sit
1687 2470 1961 2538 lapsorum
1985 2468 2049 2521 ad
2086 2467 2314 2537 pristiaa

730 2562 995 2612 reversio.
1064 2558 1201 2624 Quid
1244 2559 1414 2612 multa
1447 2558 1683 2629 proferri
1730 2574 1867 2626 Opus
1904 2558 2022 2611 est?
2069 2555 2316 2625 evposila

732 2650 783 2702 in
849 2648 1225 2718 livargcliis"
1320 2651 1387 2703 de
1459 2664 1561 2703 ove
1633 2650 1925 2703 aberrante
1998 2648 2317 2712 similitudo,

741 2741 1041 2809 itidemque
1122 2740 1291 2794 altera
1359 2741 1427 2795 de
1493 2742 1750 2795 drachma
1829 2740 2082 2809 perdita,
2161 2754 2315 2809 pror-

731 2848 826 2887 sus
914 2836 1085 2900 ips.nn
1184 2833 1425 2887 hominis
1504 2844 1610 2886 tam
1693 2831 2093 2886 deerrationem
2159 2840 2320 2897 atque

734 2925 942 2993 lapsum
998 2939 1158 2992 quam
1204 2925 1269 2977 ad
1324 2924 1617 2992 pristinum
1688 2932 1889 2977 statum
1949 2921 2321 2975 reversionem

730 3014 1029 3068 declarant.
1115 3015 1251 3068 ham
1314 3016 1461 3068 illam
1518 3016 1588 3069 ob
1648 3030 1870 3068 causam
1934 3014 2142 3069 relictis
2207 3025 2316 3065 coa-

735 3103 801 3157 lis
832 3102 976 3156 Deus
1011 3102 1064 3156 in
1107 3114 1309 3156 terram
1342 3102 1627 3158 descendit
1680 3112 1734 3156 et
1783 3102 1947 3156 homo
1989 3102 2171 3156 factus
2218 3108 2321 3163 est,

738 3204 796 3247 ut
840 3210 961 3256 nos,
999 3196 1090 3261 qui
1140 3194 1276 3263 lapsi
1325 3200 1569 3259 eramus,
1615 3194 1679 3247 ad
1723 3193 2018 3263 pristinum
2073 3193 2323 3262 adeoque
2350 3237 2391 3263 _.,

737 3285 971 3353 primum
1006 3286 1158 3339 illum
1192 3286 1454 3340 honorem
1509 3288 1819 3341 reduceret.
1881 3284 2188 3354 Cteteroqui
2234 3301 2324 3340 re-

737 3389 925 3430 versus
953 3376 1095 3430 ﬁlius
1130 3377 1219 3432 ille
1252 3377 1513 3449 prodigus
1542 3392 1649 3433 non
1704 3378 1957 3433 audisset
1994 3396 2007 3432 :
2077 3377 2324 3435 «induite

738 3469 914 3537 ipsum
947 3468 1130 3536 priore
1161 3468 1422 3522 stola“.i

808 3560 1012 3625 Quodsi
1044 3561 1359 3629 qui.dicuut
1397 3561 1668 3616 Adamum
1698 3564 1920 3632 quidem
1968 3578 1998 3619 a
2042 3564 2157 3621 Deo
2191 3559 2326 3621 eon-

735 3648 910 3702 ditqu
941 3648 1109 3703 fuisse
1140 3650 1531 3716 immortalem,
1560 3667 1751 3708 verum
1781 3655 2141 3711 nihilominus
2168 3657 2324 3711 talem

739 3741 1016 3794 exstitisse
1043 3741 1135 3810 qui
1165 3743 1409 3797 mortalis
1443 3758 1563 3798 esse
1589 3754 1796 3815 posset,
1828 3747 1929 3800 hoc
1952 3757 2036 3803 est
2062 3751 2152 3816 qui
2182 3764 2327 3803 mor-

740 3833 933 3886 talitati
966 3843 1152 3902 posset
1178 3834 1453 3890 obnoxius
1486 3837 1601 3890 ﬁeri
1636 3876 1652 3903 ,
1709 3838 1978 3907 siquidem
2012 3841 2327 3894 mandatum

740 3922 842 3975 sibi
877 3924 1251 3993 praescriptum
1280 3942 1387 3980 non
1420 3930 1762 3995 observaret,
1807 3930 1949 3985 hanc
1974 3946 2074 3984 nos
2106 3932 2327 4000 quidem

746 4013 990 4082 ipsorum
1017 4017 1322 4071 orationem
1354 4018 1715 4085 admittimus,
1748 4030 1909 4089 atque
1932 4022 2142 4075 admitti
2169 4038 2332 4092 pOSse

742 4104 1016 4170 videatur,
1052 4110 1356 4172 praesertim
1387 4110 1456 4163 iis
1487 4111 1578 4179 qui
1606 4110 1770 4164 altius
1794 4126 2074 4165 sacrorum
2108 4113 2333 4168 Patrum

749 4196 954 4265 scripta
992 4200 1361 4268 pervestigare
1398 4184 1629 4267 nolunt;
1661 4216 1772 4256 non
1810 4212 1989 4256 tamen
2021 4218 2146 4256 eum
2175 4205 2334 4272 quid-

745 4298 907 4353 quam
956 4284 1126 4339 foisse
1166 4302 1413 4356 passum,
1468 4289 1521 4344 id
1553 4299 1638 4345 est
1670 4290 1764 4344 ulli
1798 4289 2070 4346 aﬂectioni
2097 4294 2333 4348 naturali

747 4384 875 4426 ante
929 4379 1421 4445 transgressionem
1477 4380 1783 4450 subjectum
1827 4383 2025 4446 fuisse,
2083 4384 2335 4438 concedi-

750 4477 898 4517 mus.
940 4464 1061 4529 Quo
1096 4468 1243 4520 enim
1276 4468 1327 4521 id
1361 4480 1519 4537 pacto
1551 4473 2017 4528 concederemus?
2061 4490 2184 4528 cum
2230 4477 2336 4529 tale

2415 2007 2717 2075 πρόσσχες,
2770 2007 2818 2057 εἰ
2859 2004 3060 2073 βούλει,
3112 2004 3221 2075 πρὸ
3253 2004 3362 2055 τῶν
3397 2002 3574 2055 ἄλλων
3608 2000 3683 2068 τῷ
3725 1998 4003 2065 θειοτάτῳ

2426 2096 2766 2165 Ἀναστασίῳ
2781 2096 2911 2164 περὶ
2934 2094 3140 2146 τούτων
3166 2093 3337 2155 οὕτως
3361 2092 3596 2157 λέγοντιο
3629 2109 3646 2141 ι
3675 2090 3785 2143 Καὶ
3808 2088 4007 2155 ἰποὲη-

2418 2208 2476 2242 σε
2513 2190 2604 2242 τὸν
2644 2188 2935 2256 ἄνθρωπον
2974 2190 2999 2239 ὁ
3031 2187 3197 2246 Gud;-
3247 2185 3367 2236 κατ’
3397 2185 3583 2235 εἰκόνα
3627 2182 3764 2233 Θεοῦ
3804 2180 4003 2245 ἐποίη-

2419 2298 2512 2334 σεν
2554 2282 2738 2336 αὐτόν.
2792 2278 2991 2347 Πρώτη
3036 2278 3255 2344 ποίησις
3307 2274 3470 2342 αὕτη,
3534 2273 3701 2339 ἁπλῆ,
3764 2272 3999 2337 ἄζυγος,

2417 2368 2725 2439 ἄφθαρτος’
2775 2368 2910 2437 πρὸς
2964 2366 3031 2437 ἢν
3080 2366 3144 2436 δὴ
3193 2366 3413 2434 ποίησιν
3470 2365 3650 2433 ἀφορᾷ
3700 2364 3800 2414 καὶ
3831 2361 4008 2431 ἡτῶν

2422 2466 2691 2530 σωμάτων
2714 2448 3036 2523 ἀνάστασις.
3067 2478 3085 2510 ι
3121 2461 3233 2512 Καὶ
3248 2459 3300 2510 τί
3334 2458 3441 2528 χρὴ
3473 2457 3642 2508 πολλὰ
3668 2457 3893 2522 λέγεινς
3938 2451 4005 2506 Ἦ

2421 2559 2478 2609 ὲν
2503 2555 2858 2623 Εὑαγγελίοις
2888 2553 2983 2606 τοῦ
3014 2553 3366 2620 πλανωμένου
3393 2550 3666 2618 προϐάτου
3704 2544 4007 2616 παραϐολὴ

2421 2648 2517 2698 καὶ
2569 2648 2601 2713 ἡ
2656 2647 2755 2713 τῆς
2798 2643 3181 2711 ἀπολλυμένης
3218 2643 3482 2703 ὡσαύτως
3529 2639 3776 2709 δραχμῆς
3834 2639 4012 2699 αὐτὴν

2425 2733 2830 2801 ὑπεμφαίνουσι
2879 2733 3097 2792 πάντως
3150 2732 3250 2800 τὴν
3285 2729 3379 2781 τοῦ
3408 2728 3698 2796 ἀνθρώπου
3737 2729 3835 2778 καὶ
3873 2726 4013 2776 1:161-

2425 2844 2521 2893 νην
2555 2826 2645 2875 καί
2684 2824 2982 2887 ἔκπτωσιν,
3017 2822 3111 2876 καὶ
3144 2821 3243 2891 τὴν
3274 2824 3352 2883 εἰς
3386 2823 3447 2873 τὸ
3480 2820 3639 2874 πάλιν
3664 2819 4012 2886 ἐπιστροφὴν

2425 2916 2520 2966 καὶ
2562 2913 2882 2981 ἀνάκλησιν.
2930 2913 3053 2963 Ἐπὶ
3092 2911 3268 2980 τούτῳ
3309 2910 3419 2979 γὰρ
3469 2909 3563 2962 καὶ
3621 2906 3811 2968 κλίνας
3838 2907 4012 2975 οὐρα-

2428 3005 2549 3066 νοὺς
2579 3006 2607 3057 ὁ
2644 3003 2775 3065 Θεὸς
2805 3000 3155 3085 κΑταϐἐξηκε
3190 3004 3284 3055 καὶ
3313 3000 3600 3069 ἄνθρωπος
3625 3000 3881 3065 γέγονεν,
3925 2997 4016 3049 ῖνι

2427 3100 2552 3159 τοὺς
2584 3097 2917 3159 ἐκπεσόντας
2944 3097 3095 3167 ἡμᾶς
3137 3095 3231 3148 ἐπὶ
3263 3096 3361 3165 τὴν
3394 3094 3627 3163 ἀρχαίαν
3650 3092 3744 3144 καὶ
3782 3091 4017 3161 πρώτην

2430 3190 2759 3260 ἐπαναγάγῃ
2794 3191 2983 3259 τιμήν.
3020 3190 3131 3241 Καὶ
3165 3188 3275 3257 γὰρ
3306 3190 3354 3238 εἰ
3396 3187 3471 3253 μὴ
3498 3185 3657 3236 τοῦτο
3684 3179 3775 3253 ἦν,
3805 3185 3915 3234 οὶκ
3950 3184 4018 3234 ἂν

2426 3280 2761 3349 ἐπιστρέψας
2793 3282 3043 3343 ὁᾶσωτος
3075 3279 3332 3349 ἧκουσενθ
3372 3292 3390 3329 t
3422 3277 3707 3330 Ἐνδύσατε
3729 3275 3899 3327 αὐτὸν
3916 3274 4019 3344 τὴν

2427 3372 2651 3442 πρώτην
2678 3371 2888 3441 στολήν.
2922 3387 2941 3422 ι

2502 3556 2566 3607 Ei
2596 3555 2655 3607 δὲ
2701 3556 2795 3610 καὶ
2825 3555 3044 3624 λέγουσί
3087 3572 3231 3617 τινες
3262 3551 3571 3623 πλασθῆναι
3614 3553 3713 3622 μὲν
3740 3552 4024 3606 ἀθάνατον

2431 3648 2535 3700 ὑπὸ
2566 3646 2707 3700 Θεοῦ
2742 3648 2833 3701 τὸν
2867 3647 3061 3716 Ἀδὰμ,
3090 3647 3317 3717 δυνάμει
3350 3646 3405 3699 δὲ
3437 3647 3633 3715 θνητὸν
3669 3640 3836 3707 εἶναι,
3862 3661 4028 3697 τουτ-

2431 3738 2549 3789 έστι
2594 3736 2858 3791 δύνασθαι
2904 3737 3195 3806 θνητὸτητι
3244 3739 3584 3807 περιπεσεῖν,
3617 3738 3733 3805 εἴγε
3778 3736 3859 3807 μὴ
3922 3737 4029 3806 φύε

2432 3830 2530 3894 λαξ
2566 3832 2773 3882 ὲσείται
2823 3829 2923 3899 τῆς
2967 3828 3217 3898 δοθείσης
3254 3830 3403 3898 αὐτῷ
3450 3829 3695 3897 ἐντολῆς,
3737 3828 4028 3897 δεχόμεθα

2441 3923 2537 3989 μὲν
2564 3922 2653 3973 τὸν
2676 3919 2835 3987 λόγον
2864 3920 3045 3972 αὐτῶν
3084 3920 3515 3989 (εὐπαράδεκτος
3537 3920 3647 3988 γὰρ
3668 3912 3810 3970 εἶναι
3843 3919 4026 3982 δοκεῖ,

2436 4013 2529 4063 καὶ
2577 4011 2814 4080 μάλιστα
2850 4013 2963 4073 τοῖς
2994 4010 3068 4081 μὴ
3101 4009 3315 4062 θέλουσι
3353 4013 3474 4073 ταῖς
3506 4012 3616 4063 τῶν
3642 4011 3817 4078 ἁγίων
3843 4013 4033 4064 Πατέ-

2440 4121 2546 4174 ρων
2571 4102 2902 4172 ἐμϐαθύνειν
2932 4105 3219 4172 γραφαῖς),
3251 4104 3482 4173 πάσχειν
3534 4103 3589 4155 δὲ
3639 4105 3773 4164 ὅλως
3828 4105 4029 4167 αὐτὸν,

2435 4195 2715 4246 τουτέστιν
2744 4193 2841 4263 οἵῳ
2872 4194 2936 4264 δή
2973 4211 3080 4247 τινι
3117 4195 3333 4263 φυσικῷ
3369 4194 3531 4247 πάθει
3567 4193 3675 4265 πρὸ
3710 4194 3809 4261 τῆς
3842 4212 4035 4267 παρα-

2438 4287 2653 4350 ϐάσεως
2690 4288 3041 4352 ὑποκεῖσθαι,
3085 4288 3321 4358 οὐδαμοῦ
3371 4288 3531 4340 τοῦτο
3581 4287 4032 4358 καταδεχόμεθσ.

2440 4377 2563 4441 Πῶς
2594 4379 2724 4446 γὰρ,
2766 4378 2820 4429 εί
2858 4380 2920 4446 γέ
2955 4397 3077 4431 τινα
3119 4380 3226 4432 τῶν
3268 4380 3440 4446 ἁγίων
3483 4378 3739 4448 Πατέρων
3772 4378 4034 4431 τοιοῦτόν

2441 4487 2495 4521 τι
2542 4470 2673 4539 περὶ
2713 4468 2809 4521 τοῦ
2854 4472 3079 4538 πρώτου
3112 4470 3402 4539 ἀνθρώπου
3437 4470 3701 4533 διεξιόντα
3729 4471 3831 4540 οὑχ
3861 4472 4035 4540 £690-

746 4554 1007 4621 qniddam
1068 4558 1133 4609 de
1187 4559 1396 4613 Adamo
1453 4560 1712 4614 traditum
1764 4562 1837 4617 ab
1874 4563 1983 4617 ullo
2019 4573 2323 4618 sanctorum

2442 4580 2575 4631 psv;
2605 4562 2824 4616 Μᾶλλον
2887 4565 2986 4632 μὲν
3030 4562 3123 4616 οὖν
3173 4564 3359 4633 ἀπαθῆ
3398 4563 3616 4631 λέγουσι
3660 4563 3749 4617 τὸν
3777 4566 4041 4619 τοιοῦτον

750 4643 969 4697 Patrum
1022 4663 1293 4717 nusquam
1345 4654 1706 4721 reperiamus.
1780 4654 1923 4720 Quin
1962 4657 2144 4726 potius
2177 4658 2332 4711 aiunt

751 4751 875 4790 eum
898 4737 1251 4794 aﬂ‘ectiunum
1280 4752 1560 4812 expertem
1590 4746 1782 4811 fuisse,
1813 4762 2087 4818 supraque
2110 4759 2335 4805 cunctas

752 4831 1107 4887 necessitates
1138 4836 1453 4903 corporales
1501 4838 1761 4906 positum.
1823 4840 2066 4895 Primum
2116 4843 2337 4896 divinus

755 4919 858 4981 vir,
889 4918 1130 4977 Joannes
1168 4924 1256 4977 ille
1294 4926 1683 4993 Damascenus,
1740 4929 2019 4983 hominem
2083 4940 2210 4985 ante
2260 4932 2336 4984 la-

754 5024 913 5080 psum
950 5012 1087 5068 dicit
1133 5016 1201 5069 ab
1238 5015 1625 5073 aﬂectionibus
1666 5021 1935 5075 universis
1992 5021 2336 5076 immunitate

753 5119 967 5159 suuuna
996 5107 1280 5175 praeditum
1312 5108 1500 5165 fuisse.
1520 5110 1655 5165 Nam
1688 5113 1882 5177 tantes,
1909 5114 2048 5180 sitis,
2067 5113 2330 5185 fatigatio,

752 5209 981 5252 somnus
998 5207 1053 5252 et
1083 5199 1272 5267 sudor,
1300 5204 1761 5270 quemadmodum
1796 5206 1959 5261 tradit
1994 5209 2131 5261 idem
2163 5207 2339 5276 capite

754 5286 940 5354 LXIV,
985 5289 1097 5361 94
1152 5302 1276 5360 post
1323 5300 1814 5364 transgressionem
1875 5300 2109 5369 primum
2175 5302 2338 5353 vitam

754 5381 1048 5435 humanam
1110 5386 1454 5441 invaserunt.
1536 5390 1741 5444 Praeter
1804 5392 1953 5445 hunc
2012 5392 2341 5446 Anastasius

755 5469 1024 5539 Sinaites,
1065 5475 1116 5528 in
1152 5477 1403 5532 oratione
1434 5494 1531 5534 sua
1558 5480 1625 5535 de
1656 5483 2066 5537 resurrecdone
2105 5484 2201 5537 has
2236 5498 2335 5536 ex-

756 5573 938 5633 pertes
974 5566 1110 5631 vitii,
1144 5584 1374 5640 quaaque
1411 5572 1710 5641 vituperari
1767 5588 1877 5627 non
1929 5583 2208 5628 merentur
2260 5574 2342 5627 af-

754 5654 1044 5722 fectiones,
1096 5674 1200 5713 una
1258 5676 1382 5714 eum
1417 5674 1643 5732 peccato
1678 5672 1896 5718 exortas
1942 5664 1995 5717 in
2049 5664 2205 5718 nobis
2238 5679 2340 5716 una

825 5826 870 5855 ⁷³
897 5824 1033 5879 Gen.
1066 5841 1148 5893 ιιι,
1182 5826 1268 5882 19.
1347 5828 1394 5861 ⁵⁸
1423 5828 1553 5885 Luc.
1589 5847 1677 5896 xv,
1710 5832 1761 5885 8.
1841 5833 1886 5863 "
1915 5831 2047 5886 ibid.
2078 5831 2167 5885 23-

2445 4653 2609 4722 εἶναι,
2649 4659 2744 4709 καί
2775 4659 3105 4725 σωματικῶν
3158 4657 3349 4709 πασῶν
3405 4657 3706 4727 ὑπέρτερον
3742 4659 4037 4725 ἀναγκῶν.

2444 4750 2655 4803 Αὐτίκα
2678 4749 2786 4819 γὰρ
2814 4752 2842 4803 ὁ
2873 4750 3146 4811 θειότατος
3183 4750 3438 4818 Ἰωάννης
3466 4749 3825 4819 Δαμασκηνὸς
3847 4750 4042 4821 ἄκραν

2446 4843 2591 4912 ἔχειν
2620 4844 2890 4895 ἀπάθειαν
2920 4841 3009 4894 τὸν
3049 4842 3165 4911 πρὸ
3206 4843 3302 4913 τῆς
3338 4842 3701 4913 παραϐάσεως
3730 4843 4046 4915 ἄνθρωπον

2447 4935 2603 5001 ἔλεγε
2629 4946 2644 4964 ο
2679 4935 2839 4987 πεῖνα
2884 4936 2993 5003 γὰρ
3036 4936 3131 4987 καὶ
3182 4934 3334 5003 δίψα,
3368 4937 3536 4998 κόπος
3589 4937 3684 4989 καὶ
3722 4935 3894 4999 ὕπνος
3943 4941 4046 4991 καὶ

2451 5024 2630 5095 ἱδρὼς,
2658 5026 2732 5089 ὡς
2767 5029 2795 5080 ὁ
2831 5027 2969 5090 θεῖος
3004 5044 3157 5091 ουτος
3201 5028 3341 5098 ἀνὴρ
3394 5030 3452 5081 ὲν
3508 5028 3786 5101 ἑξηκοστῷ
3834 5033 4047 5101 τετάρο

2441 5136 2519 5189 τῳ
2580 5120 2862 5189 κεφαλαίῳ
2933 5118 3097 5172 αὐτοῦ
3165 5119 3337 5187 λέγων
3389 5119 3662 5191 εὓρηται,
3720 5122 3861 5191 μετὰ
3938 5128 4047 5194 τὴν

2452 5211 2767 5281 παράϐασιν
2818 5214 2897 5273 εἰς
2947 5214 3040 5263 τὸν
3102 5209 3446 5280 ἀνθρώπινον
3500 5212 3612 5282 βίον
3666 5211 4037 5282 εἰσήλθοσαν.

2454 5304 2617 5357 Ἀ).λὰ
2652 5305 2746 5356 καὶ⁸
2776 5304 2802 5356 ὀ
2834 5304 3087 5374 Σιναῖτης
3122 5303 3265 5367 θεῖος
3304 5305 3658 5367 Ἀναστάσιος
3686 5306 3743 5356 ἐν
3768 5304 3852 5375 τῷ
3887 5311 4040 5380 περὶ

2440 5394 2818 5456 Ἀναστάσεως
2875 5393 3017 5463 λόγῳ
3048 5392 3214 5446 αὑτοῦ
3242 5394 3310 5447 τὰ
3341 5394 3641 5465 ἁδιάόλητα
3669 5394 3842 5447 ταῦτα
3877 5399 4048 5467 πάθη

2441 5489 2507 5555 τῇ
2540 5488 2637 5555 τῆς
2689 5488 2888 5547 κακίας
2926 5486 3115 5556 εἰσόδῳ
3169 5486 3708 5556 συνεπακολουθῆσαι
3745 5488 3878 5557 ἡμῖν
3917 5489 4051 5545 Els—
4081 5520 4110 5531 -
4142 5538 4145 5547 ,

2444 5589 2540 5641 γεν
2580 5576 2637 5625 ἐν
2674 5576 2738 5642 τῇ
2790 5572 2882 5625 τοῦ
2918 5573 3248 5643 δερματίνου
3294 5574 3521 5645 χιτῶνος
3565 5575 3856 5646 περιϐολῇ.
3888 5580 4050 5635 Οὐδὲ
4138 5560 4145 5637 ί

2446 5665 2554 5731 γὰρ
2588 5662 2965 5731 συμπεφυκὼς
2993 5658 3149 5730 οὗτος
3184 5667 3250 5734 τῇ
3287 5665 3479 5737 λογικῇ
3537 5667 3697 5736 φύσει
3734 5666 3879 5720 καθὰ
3922 5674 4051 5737 τοῖς
4132 5650 4141 5661 ε
