4204 6450
679 396 779 459 l99

1946 400 2375 467 MICHAELIS
2417 408 2675 467 GLYCZF

3814 405 3921 463 200

672 518 883 568 sionem
936 513 1216 567 hominum
1259 515 1423 568 vitam
1471 528 1832 585 occuparunt.
1875 517 2238 584 Quamobrem

2346 518 2402 570 δέ
2436 519 2635 577 μᾶλλον
2665 518 2801 572 αὐτὰ
2834 520 2925 574 καί
2952 522 3103 575 οὐδὲν
3135 521 3265 591 ἡγοῦ
3298 521 3391 575 καὶ
3420 521 3757 592 άπὸῤῥιπτε,
3786 520 3921 570 uadi

680 609 794 661 hinc
836 607 933 659 t:bi
984 607 1285 675 prudenter
1324 608 1719 662 consideranda
1774 618 1923 676 sunt,
1977 625 2080 664 nec
2127 610 2238 663 bini

2361 610 2424 678 δὴ
2474 611 2579 679 πρὸ
2624 611 2804 678 ὀλίγου
2853 614 2945 665 καὶ
2992 615 3156 684 ἡμεῖς
3200 615 3558 683 ἐποιήσαμεν.
3609 611 3784 664 Πολλά
3824 610 3926 677 γὰρ

676 700 802 751 inde
838 697 1110 766 congestis
1137 707 1192 751 et
1234 698 1443 766 quaevis
1482 700 1882 769 exponentibus
1927 716 2088 755 aures
2120 703 2238 756 citr:

2358 702 2587 755 τοιαῦτα
2620 705 2712 755 καὶ
2747 703 2981 774 εὕρομεν
3014 687 3109 757 καὶ
3143 705 3461 774 ἀνέγνωμεν
3482 747 3496 770 ,
3531 705 3623 758 καὶ
3657 703 3796 772 μετὰ
3826 703 3926 752 τῶν

669 791 933 861 judicium
976 790 1336 845 adhibendae:
1382 791 1477 845 sed
1516 793 1695 861 potius
1751 809 1814 847 ea
1867 793 2011 847 velut
2065 808 2238 863 asper-

2360 794 2547 862 μύθων
2589 795 2888 863 ἐτάξαμεν,
2936 796 3017 848 ὅτι
3058 796 3150 851 τοῦ
3197 796 3481 865 ὀρθοδόξου
3528 795 3635 848 τῶν
3679 794 3927 860 πατέρων

671 884 850 937 nanda
888 897 1096 953 proque
1125 882 1300 936 nihilo
1339 881 1590 937 ducenda
1632 884 1868 954 rejicies,
1898 884 2238 952 quemadmo-

2356 883 2704 952 φρονήματος
2740 885 2932 954 πδρῤω
2966 901 3069 936 που
3107 886 3377 940 πίπτοντα
3406 885 3577 938 ταῦτα
3607 885 3927 951 διέγνωμεν.

670 980 801 1029 dum
838 985 895 1030 et
941 991 1042 1030 nos
1074 975 1237 1045 paulo
1269 984 1398 1031 ante
1438 977 1695 1032 fecimus.
1753 975 1882 1032 Nam
1933 978 2247 1048 hujusmodi

671 1068 956 1139 complura
1006 1076 1224 1137 reperta
1273 1068 1527 1137 lectaque
1570 1085 1599 1122 a
1647 1070 1805 1123 nobis
1860 1070 2004 1125 inter
2035 1069 2249 1124 fabalas

672 1163 976 1217 retulimus.
1022 1161 1387 1226 Quamobrem
1424 1162 1607 1215 istuc?
1650 1162 1796 1232 quod
1845 1177 1874 1216 a
1908 1173 2066 1216 recta
2115 1163 2248 1216 doc-

671 1254 833 1308 trinae
880 1254 1099 1309 Patrum
1127 1254 1400 1309 sententia
1437 1253 1628 1323 procul
1664 1270 1725 1308 ea
1760 1254 2246 1322 recederejudira-

669 1361 873 1401 remus.
894 1347 1073 1410 Quare
1100 1346 1213 1401 noli
1244 1347 1422 1400 cibum
1456 1346 1507 1399 in
1533 1346 1791 1415 paradiso
1821 1346 2023 1401 ﬂuxum
2054 1346 2245 1401 existi-

668 1454 844 1502 mare,
892 1453 998 1492 nec
1044 1437 1265 1506 scriptis
1299 1437 1436 1491 adeo
1477 1437 1684 1506 jejunis
1712 1438 1957 1491 animum
1993 1436 2238 1499 adverte,

666 1528 885 1598 quando
917 1528 1136 1581 Litterae
1177 1542 1348 1582 sacrae
1387 1527 1586 1596 saepius
1634 1528 1740 1581 alia
1789 1544 1885 1597 per
1916 1528 2022 1582 alia
2054 1527 2238 1582 deda-

667 1632 789 1674 rant
834 1629 995 1689 atque
1045 1620 1266 1674 docent.
1309 1619 1438 1689 Ejus
1486 1620 1702 1691 generis
1754 1629 1881 1674 sunt
1913 1620 1995 1674 ha:
2030 1636 2233 1674 voces:

671 1728 692 1761 ι
723 1709 1002 1765 Formavit
1037 1710 1313 1766 hominem
1351 1710 1493 1767 Deus
1540 1721 1758 1782 sumpto
1806 1712 1874 1767 de
1929 1722 2071 1767 terra
2118 1714 2236 1783 pul-

668 1818 795 1858 vere
823 1803 885 1857 ⁷⁸.
926 1823 945 1855 ι
984 1806 1117 1857 Item
1144 1804 1277 1859 illa:
1314 1821 1334 1856 ι
1374 1805 1591 1859 Alllavit
1621 1804 1673 1858 in
1708 1802 1899 1859 faciem
1931 1804 2051 1873 ejus
2077 1804 2236 1874 spiri-

669 1903 779 1947 tum
812 1893 1028 1947 vitalem
1054 1894 1119 1948 ".
1156 1910 1174 1944 ι
1215 1892 1280 1947 Ει
1305 1893 1417 1947 hare
1447 1909 1461 1942 :
1494 1911 1510 1943 ι
1551 1891 1926 1946 lnambnlabat
1950 1907 1980 1946 a
2011 1893 2239 1948 meridie

669 1984 812 2038 Deus
843 1984 896 2037 in
934 1983 1253 2054 paradisoj.»
1293 1982 1428 2038 Nam
1462 1983 1610 2038 istaec
1640 1999 1865 2053 prorsus
1914 1984 2018 2040 deo
2050 2000 2240 2055 corpo-

666 2078 741 2128 ris
772 2076 981 2145 experti
1020 2091 1125 2129 non
1158 2075 1518 2137 conveniunt,
1558 2090 1679 2143 quae
1716 2084 1895 2128 tamen
1924 2075 1995 2129 ita
2041 2076 2238 2132 littera:

664 2178 854 2228 sacrae,
900 2162 1258 2217 imbecillitati
1289 2172 1490 2218 nostra:
1527 2176 1701 2218 semet
1734 2165 2233 2230 accommodantes,

664 2254 1033 2323 protulerunt.
1064 2251 1180 2306 Nisi
1211 2253 1357 2307 enim
1412 2254 1516 2308 hoc
1543 2252 1759 2317 demus,
1791 2253 2029 2307 absurda
2063 2253 2233 2308 multa

662 2355 1092 2415 consequentur.
1122 2343 1390 2399 Nimirum
1414 2359 1476 2399 os
1501 2345 1605 2400 deo
1633 2346 1937 2399 tribuemus
1956 2354 2012 2399 et
2043 2359 2239 2401 manus

663 2446 719 2493 et
749 2441 914 2509 pedes
943 2438 1156 2506 aliaque
1200 2437 1349 2491 talia.
1402 2435 1537 2492 Nam
1575 2437 1620 2492 si
1672 2437 1933 2491 manibus
1985 2438 2235 2500 carebat,

2347 974 2443 1045 Μὴ
2472 976 2652 1027 τοίνυν
2684 977 2742 1027 ἐν
2776 975 3090 1044 παραδείσῳ
3129 975 3332 1044 βρῶσιν
3362 974 3503 1028 εἶναι
3541 973 3773 1044 ῥευστὴν
3802 975 3929 1024 ὑπε-

2351 1062 2616 1131 λάμϐανε,
2650 1065 2785 1133 μηδὲ
2812 1064 3011 1133 ’ξηραῖς
3043 1064 3184 1116 οὕτω
3214 1067 3333 1126 ταῖς
3362 1066 3666 1133 γραφικοιίς
3698 1063 3927 1132 πρῦσεχε

2348 1155 2559 1220 λέξεσιν
2585 1156 2720 1225 (29.),
2747 1155 2862 1224 εἴγε
2889 1157 2983 1209 καὶ
3010 1157 3211 1225 μᾶλλον
3229 1156 3400 1225 ’ἐτερα
3426 1156 3495 1208 δι’
3517 1156 3723 1223 ἑτέρων
3747 1156 3780 1222 ἡ
3808 1154 3927 1219 ἁγία

2346 1248 2603 1310 πολλάκις
2627 1247 2870 1301 διδάσκει
2897 1249 3113 1318 Γραφή.
3143 1248 3359 1301 Ὀποῖον
3382 1248 3444 1316 δὴ
3470 1247 3565 1301 καὶ
3586 1247 3647 1300 τδ
3678 1265 3698 1298 ε
3729 1245 3928 1298 ἔπλασε

2344 1341 2436 1393 τὸν
2464 1340 2751 1409 ἄνθρωπον
2776 1342 2804 1393 6
2832 1338 2965 1402 Θεὸς
2996 1339 3125 1408 χοῦν
3150 1339 3329 1392 λαϐὼν
3358 1340 3467 1391 άπὸ
3493 1339 3592 1408 τῆς
3621 1339 3748 1405 γῆς,
3784 1354 3804 1387 ο
3837 1338 3929 1389 καὶ

2340 1429 2403 1482 τὸ
2429 1448 2447 1481 ι
2475 1430 2809 1498 ἐνεφύσησεν
2830 1432 2910 1491 είς
2928 1431 2988 1483 τὸ
3012 1431 3304 1501 πρόσωπον
3325 1429 3490 1482 αὑτοῦ
3514 1430 3685 1492 πνοὴν
3710 1427 3878 1495 ζωῆς,
3905 1444 3921 1474 ι

2342 1521 2436 1571 καὶ
2462 1520 2521 1572 τὸ
2555 1537 2574 1571 ι
2604 1522 2927 1590 περιεπάτει
2955 1522 2984 1574 6
3012 1521 3143 1585 Θεὸς
3172 1524 3230 1575 ἐν
3253 1521 3331 1592 τῷ
3361 1520 3675 1591 παραδείσῳ
3706 1524 3846 1572 κατα
3870 1518 3927 1569 τὸ

2338 1608 2586 1662 δειλινόν.
2638 1629 2656 1661 ι
2708 1610 2896 1663 Ταῦτα
2941 1622 3042 1681 μεν
3086 1612 3197 1683 γὰρ
3240 1611 3486 1665 ἀνοίκειοι
3531 1610 3611 1681 τῷ
3651 1610 3927 1678 ἀσωμάτῳ

2340 1701 2556 1764 πάντως
2595 1700 2715 1771 Θεῷ
2741 1715 2755 1730 ·
2796 1701 2948 1769 λέγει
2989 1703 3047 1756 δὲ
3087 1703 3237 1773 ὅμως
3277 1703 3313 1773 ἡ
3354 1702 3485 1769 ἁγία
3527 1700 3700 1754 ταῦτα
3739 1700 3927 1769 Γραφὴ

2338 1801 2460 1861 ταῖς
2489 1797 2647 1867 ἡμῶν
2678 1795 2986 1859 ἀσθενείαις
3018 1795 3565 1863 συγκαταϐαίνουσα.
3603 1794 3710 1846 Καὶ
3740 1792 3851 1861 γάρ
3880 1795 3927 1845 εξ

2344 1893 2420 1961 μὴ
2460 1889 2617 1944 τοῦτο
2663 1891 2939 1959 δώσομεν,
2986 1888 3160 1942 πολλὰ
3210 1891 3347 1959 ἡμῖν
3387 1886 3817 1957 ἐπακολουθήσει
3859 1885 3927 1937 τά

2340 1981 2538 2035 ἄτοπα.
2576 1980 2756 2049 Στόμα
2787 1980 2897 2049 γὰρ
2928 1978 3079 2050 αὐτῷ
3110 1979 3484 2049 περιθήσομεν
3512 1980 3705 2048 χεῖράς
3736 1992 3799 2028 τε
3831 1974 3926 2029 καὶ

2340 2073 2529 2137 πόδας,
2562 2077 2656 2128 καὶ
2685 2074 2784 2126 ὅσα
2812 2071 3038 2126 τοιαῦτα
3068 2087 3081 2101 ·
3115 2072 3211 2125 καὶ⁵
3241 2071 3350 2140 γὰρ
3379 2074 3427 2123 εί
3461 2072 3537 2140 μὴ
3568 2073 3760 2140 χεῖρας
3788 2066 3924 2134 εἶχε,

2338 2166 2456 2228 πῶς
2493 2166 2696 2218 ἔπλασε
2734 2166 2825 2217 τὸν
2861 2165 3186 2234 ἄνθρωπονς
3224 2164 3271 2215 εἰ
3310 2165 3385 2233 μὴ
3422 2164 3598 2231 στόμα
3634 2158 3770 2230 εἶχε,
3810 2162 3925 2219 πῶς

2339 2257 2675 2327 ἐνεφύσησεν
2718 2259 2797 2318 είς
2842 2261 2900 2310 τὸ
2945 2258 3239 2327 πρόσωπον
3285 2254 3488 2320 αὐτοῦς
3537 2256 3586 2306 εί
3636 2254 3712 2322 μὴ
3759 2254 3924 2313 πόδας

2344 2345 2491 2420 εἶχε.
2531 2351 2650 2415 πῶς
2688 2352 2723 2422 ἡ
2764 2350 2958 2423 Γραφὴ
2992 2352 3141 2420 λέγει
3185 2352 3513 2418 περιπατεῖν
3554 2352 3716 2402 αὑτὸν
3751 2350 3812 2401 ἐν
3849 2347 3929 2417 τῷ

2345 2444 2660 2515 παραδείσῳ
2706 2446 2847 2498 κατὰ
2886 2445 2948 2499 τὸ
2988 2443 3252 2509 δειλινόν;
3298 2442 3542 2497 ἀλλὀὐκ
3586 2443 3701 2495 ἔστι
3744 2442 3927 2508 τοῦτο,

658 2535 755 2602 qui
789 2530 1027 2601 fingebat
1062 2530 1382 2585 hominem?
1410 2530 1453 2585 si
1483 2544 1581 2586 ore
1613 2531 1853 2595 carebat,
1881 2530 1971 2599 qui
2019 2531 2238 2585 afﬂabat

2342 2536 2435 2591 οὐκ
2469 2534 2619 2588 ἐστιν
2642 2553 2657 2567 ⁸
2692 2535 2895 2604 ἔφθασε
2929 2537 3037 2608 γὰρ
3070 2536 3099 2589 6
3130 2537 3238 2590 τῶν
3269 2536 3437 2606 ἁγίων
3472 2538 3735 2604 [πατέρων
3769 2538 3928 2604 χορες

660 2627 714 2679 in
760 2624 958 2679 faciem
990 2623 1155 2693 ejus?
1198 2622 1244 2677 si
1277 2622 1509 2693 pedibus
1540 2622 1782 2687 carebat,
1820 2638 1919 2685 cur
1949 2623 2103 2676 aiunt
2143 2622 2237 2676 lit-

663 2730 792 2774 tera:
828 2734 995 2775 sacrae
1035 2717 1149 2788 98
1177 2716 1230 2771 in
1282 2716 1535 2787 paradiso
1562 2730 1686 2770 eum
1716 2731 1748 2769 a
1794 2716 2023 2771 meridie
2063 2716 2237 2770 inam-

664 2812 924 2866 bulasse?
956 2812 1025 2865 At
1064 2811 1209 2864 enim
1255 2811 1368 2864 lucc
1394 2808 1619 2863 omnino
1647 2807 1829 2862 locum
1869 2822 1978 2861 non
2014 2807 2235 2862 habent.

657 2902 795 2958 Nam
843 2917 1124 2957 sacrorum
1180 2901 1274 2956 ille
1302 2901 1523 2956 Patrum
1563 2907 1737 2955 cintus
1775 2897 2117 2967 supervenit,
2145 2899 2239 2967 qui

2335 2629 2586 2683 ἐπελθεῖν
2633 2630 2702 2682 τά
2747 2629 2975 2683 τοιαῦτα
3020 2629 3139 2684 θεία
3187 2630 3349 2699 ῥητὰ,
3391 2632 3486 2682 καὶ
3528 2629 3735 2691 διδάξαι
3776 2629 3929 2697 ἡμᾶς

2337 2721 2486 2783 ὅπως
2518 2719 2890 2791 ἐκλαμϐάνειν
2920 2721 3061 2775 αὐτὰ
3095 2720 3200 2791 χρὴ
3223 2758 3238 2784 ,
3272 2721 3369 2775 καὶ
3406 2722 3482 2793 μὴ
3513 2719 3592 2789 τῷ
3624 2721 3809 2787 οἰκείῳ
3842 2719 3929 2768 θε-

2338 2811 2544 2881 λήματι
2580 2811 3066 2883 παρασυρομὲνους
3101 2811 3360 2866 ἆλλεσθαί
3389 2828 3451 2864 τε
3484 2812 3629 2864 κατὰ
3662 2810 3927 2879 κρημνῶν

2346 2904 2444 2956 κα)⁵
2473 2904 2574 2973 τῆς
2598 2904 2817 2967 εὐθείας
2849 2904 3041 2976 πόρῤω
3069 2920 3174 2958 που
3206 2903 3496 2975 φέρεσθαι.

660 2995 971 3066 hujusmodi
996 2993 1137 3049 dicta
1168 3001 1474 3058 enarraret,
1538 3005 1752 3059 nosque
1784 2990 2007 3044 doceret
2036 3005 2146 3060 quo
2216 2991 2307 3046 illa
2348 3006 2506 3063 pacto
2568 2996 2677 3050 sint
2717 2996 3060 3066 accipienda,
3118 3012 3189 3051 ne
3241 3011 3342 3066 pro
3393 2994 3603 3050 arbitro
3653 2991 3929 3060 lubitique

662 3106 853 3150 nostro
881 3091 1203 3146 oberrantes
1240 3103 1336 3158 per
1370 3086 1675 3159 praecipitia
1724 3086 2129 3141 collaberetnur
2173 3102 2239 3143 ac
2274 3091 2463 3158 procul
2494 3106 2523 3145 a
2560 3092 2647 3147 via
2679 3101 2827 3146 recta
2867 3090 3305 3146 deﬂecteremus.

729 3184 821 3238 Sic
846 3196 976 3252 ergo
1006 3181 1075 3236 de
1111 3180 1304 3234 arbore
1329 3177 1663 3247 cegnitionis
1687 3177 2010 3232 existimare
2049 3186 2102 3230 te
2136 3192 2231 3246 par

2411 3180 2571 3235 Οὕτω
2618 3183 2719 3253 μὲν
2758 3178 2853 3235 οὖν
2892 3183 2988 3236 καὶ
3038 3182 3163 3252 περὶ
3202 3182 3298 3234 τοῦ
3344 3178 3513 3249 φυτοῦ
3557 3180 3790 3241 ἐκείνου,
3830 3176 3931 3232 τοῦ

657 3284 766 3340 est,
816 3275 946 3330 licet
980 3272 1305 3344 opinionum
1353 3269 1646 3325 diversitas
1690 3270 1941 3338 quaedam
1996 3268 2236 3325 incidat.

658 3369 887 3424 Divinus
917 3367 1139 3438 quidem
1191 3365 1282 3420 ille
1329 3364 1433 3427 vir,
1477 3362 1721 3418 Isidorus
1771 3362 2126 3429 Pelusiensis,
2163 3362 2238 3416 ita

659 3463 728 3516 de
764 3461 867 3516 hac
914 3474 973 3515 re
1020 3459 1265 3513 disserit.
1300 3456 1549 3511 Christus
1596 3455 1759 3510 ticum
1804 3467 2146 3520 exsecratur,
2180 3462 2241 3507 ut

656 3551 863 3607 Judaeis
895 3549 1209 3605 ostenderet
1241 3563 1301 3602 se
1331 3546 1499 3602 etiam
1527 3544 1743 3601 allicere
1761 3546 2033 3616 supplicio
2053 3559 2235 3616 posse.

660 3646 863 3699 Subest
892 3653 1073 3697 autem
1116 3641 1245 3695 huic
1278 3639 1355 3694 rei
1386 3639 1632 3710 quadam
1663 3654 1861 3694 arcana
1894 3638 2238 3707 ratio,quam

660 3750 688 3787 a
724 3733 947 3789 senibus
979 3729 1404 3801 sapientissimis
1435 3729 1778 3800 accepimus,
1806 3730 2067 3785 nimirum
2104 3728 2235 3783 illud

661 3824 1114 3897 transgressionis
1156 3824 1364 3894 lignum
1422 3821 1615 3885 fuisse.
1663 3823 1822 3892 cujus
1866 3821 2010 3877 foliis
2053 3831 2237 3877 trans-

659 3930 942 3986 gressores
983 3930 1083 3984 pro
1121 3920 1439 3982 legumento
1492 3912 1805 3968 utebantur.
1868 3911 1983 3968 Hoc
2030 3912 2235 3984 lignum

663 4007 896 4079 benigna
922 4006 1153 4074 quadam
1183 4020 1247 4060 ex
1287 4003 1577 4060 aﬂ‘ectione
1629 4004 1883 4059 Christus
1914 4005 2239 4060 exsecraba-

662 4112 773 4166 tur,
817 4113 886 4153 ne
918 4096 1168 4152 videlicet
1194 4096 1436 4164 amplius
1479 4095 1742 4160 fructum,
1770 4096 1860 4166 qui
1913 4094 2056 4152 foret
2095 4095 2235 4151 deli-

662 4190 737 4245 cti
775 4203 966 4253 causa,
998 4187 1189 4241 ferret.
1219 4184 1464 4241 Joannes
1492 4197 1675 4239 autem
1723 4184 2116 4251 Damascenus,
2147 4200 2236 4240 re—

662 4299 784 4337 rum
838 4281 928 4336 ille
973 4280 1282 4336 divinarum
1317 4278 1717 4349 peritissimus,
1760 4278 1940 4333 cibum
1994 4280 2239 4350 paradisi

662 4384 819 4431 vocat
866 4374 1202 4444 agnitionem
1254 4370 1521 4426 divinam.
1578 4369 1834 4441 Largitur
1894 4372 2042 4425 enim
2094 4370 2239 4426 Deus

660 4468 882 4539 quidem
931 4464 1139 4521 Adamo
1168 4470 1497 4535 potestatem
1548 4463 1604 4517 in
1651 4477 1842 4518 omnes
1870 4463 2112 4533 paradisi
2147 4480 2238 4517 ar-

2340 3271 2501 3341 ξύλου
2540 3272 2784 3342 δηλονότι
2824 3273 2927 3343 τῆς
2964 3274 3241 3342 γνώσεως,
3279 3273 3609 3327 διανοεῖσθαί
3652 3289 3709 3324 σε
3751 3273 3930 3338 ἄξιον,

2340 3364 2455 3432 είγε
2494 3366 2589 3418 καὶ
2621 3364 2923 3435 διαφωνίαν
2958 3366 3050 3419 ,ἐπὶ⁸
3084 3366 3295 3429 τούτοις
3329 3367 3454 3419 τινὰ
3494 3366 3929 3436 παρεμπίπτου-

2341 3474 2442 3511 σαν
2469 3457 2687 3529 ἔχομεν.
2714 3458 2923 3512 Αὐτίκα
2954 3459 3063 3527 γὰρ
3088 3460 3117 3511 6
3145 3458 3422 3519 θειότατος
3456 3457 3730 3526 Ἰσίδωρος
3756 3458 3785 3508 6
3816 3458 3929 3523 Πη-

2340 3548 2637 3619 λουσιώτης
2666 3548 2839 3613 οὕτως
2863 3549 3094 3621 εὓρηται
3119 3550 3248 3620 περὶ
3272 3549 3465 3602 τούτου
3492 3548 3728 3612 διεξιών.
3760 3567 3777 3598 ι
3815 3549 3931 3600 Κα-

2339 3643 2571 3712 ταρᾶται
2618 3643 2718 3711 μὲν
2756 3644 2857 3711 τὴν
2898 3642 3071 3711 συκῆν
3110 3644 3138 3694 6
3181 3642 3456 3711 Χριστδπ,
3494 3642 3581 3693 ’ίνα
3626 3639 3775 3709 δείξῃ
3814 3644 3930 3702 ταῖς

2351 3735 2629 3799 Ἰουδαίοις
2676 3736 2758 3787 ὅτι
2809 3737 2904 3788 καὶ
2956 3735 3209 3799 κολάζειν
3253 3735 3499 3789 δύναται.
3530 3736 3683 3804 ’Ἅμα
3732 3734 3789 3785 δέ
3844 3751 3929 3796 τις

2342 3827 2519 3898 τούτῳ
2568 3829 2665 3881 καὶ
2712 3828 3027 3900 ἀπόρρητος
3075 3829 3491 3896 συμπέπλεκται
3541 3828 3719 3894 λόγος,
3774 3827 3929 3895 παρὰ

2339 3918 2612 3988 γερόντων
2641 3917 2821 3987 σοφῶν
2854 3919 2933 3980 είς
2965 3919 3111 3989 ἡμᾶς
3141 3918 3499 3988 διαφοιτῆσας
3520 3957 3534 3981 ,
3563 3919 3645 3970 ὅτι
3676 3920 3739 3969 τὸ
3770 3916 3931 3981 ξύλον

2339 4010 2441 4081 τῆς
2480 4010 2846 4081 παραϐάσεως
2890 4011 3048 4065 τοῦτο
3089 4007 3179 4082 ἦν,
3223 4004 3286 4063 οὗ
3327 4013 3421 4064 καὶ
3456 4014 3569 4073 τοῖς
3610 4010 3834 4078 φύλλοις
3877 4011 3928 4060 οἱ

2341 4100 2691 4172 παραϐάντες
2735 4102 2817 4163 είς
2858 4101 3069 4170 σκέπην
3111 4102 3439 4172 ἐχρήσαντο.
3482 4102 3591 4154 Καὶ
3636 4101 3928 4169 κατηράθη

2342 4193 2495 4263 παρὰ
2526 4175 2765 4263 Χριστοῦ
2800 4192 3202 4263 φιλανθρώπως
3241 4193 3440 4261 μηκέτι
3478 4194 3720 4259 ἐνεγκεῖν
3752 4192 3929 4244 αίτιοηι

2342 4285 2641 4355 ἁμαρτίας.
2682 4304 2700 4336 ο
2734 4285 2799 4338 -Ὁ
2838 4285 2894 4338 δὲ
2928 4285 2997 4339 τὰ
3035 4285 3155 4337 θεία
3192 4287 3353 4353 σοφὸς
3388 4287 3643 4353 Ἰωάννης
3679 4288 3707 4338 6
3739 4287 3930 4355 Δαμα-

2347 4378 2546 4448 σκηνὸς
2579 4376 2785 4448 βρῶσιν
2815 4380 2908 4431 ἐπὶ
2944 4379 3273 4449 παραδείσου
3307 4381 3408 4450 τὴν
3442 4381 3595 4433 θείαν
3625 4377 3775 4434 εἶπεν
3806 4384 3930 4435 ἐπί-

2340 4486 2564 4537 γνωσιν.
2595 4470 2790 4523 Δίδωσι
2822 4470 2932 4539 γὰρ
2966 4472 2994 4524 6
3028 4472 3158 4533 Θεὸς
3189 4471 3265 4541 τῷ
3302 4472 3472 4541 Ἀδὰμ
3506 4473 3755 4539 ἐξουσίαν
3789 4476 3933 4528 πάν-

662 4560 851 4625 bores,
880 4572 1069 4612 verum
1120 4570 1225 4611 non
1262 4553 1373 4611 cibi
1426 4569 1613 4619 causa,
1654 4554 1752 4609 sed
1806 4554 1884 4609 uti
1933 4555 2039 4611 hoc
2078 4555 2238 4610 modo

2347 4579 2457 4615 των
2483 4562 2592 4615 τῶν
2620 4565 2677 4616 ἐν
2706 4562 2785 4633 τῷ
2814 4563 3132 4634 παραδείσῳ
3166 4566 3372 4632 φυτῶν,
3405 4565 3545 4635 πλὴν
3573 4566 3633 4617 οὐ
3667 4566 3929 4636 βρώσεως

660 4651 727 4707 ad
761 4653 937 4719 ipsmn
970 4651 1223 4719 opiticem
1275 4648 1658 4703 deduceretur.
1697 4646 1912 4717 Quippe
1939 4647 2007 4702 de
2035 4648 2241 4718 magni-

660 4744 851 4798 tudine
902 4757 965 4796 ac
1007 4747 1296 4795 venustate
1339 4748 1672 4803 creatorum,
1712 4747 1772 4792 ut
1803 4738 2037 4808 Sapiens
2064 4741 2139 4794 ait
2167 4739 2235 4804 ⁸ο,

657 4834 841 4905 opifex
886 4848 1076 4889 eorum
1129 4830 1354 4901 agnosci
1400 4830 1709 4886 consuevit.
1761 4831 1839 4884 Ac
1894 4830 2017 4884 vide
2076 4830 2234 4895 mihi,

656 4929 908 4992 obsecro,
942 4927 1035 4997 qui
1058 4926 1279 4981 divinus
1339 4924 1427 4979 hic
1451 4923 1692 4978 Joannes
1714 4923 1855 4977 dicta
1887 4924 1954 4977 de
1983 4922 2238 4993 paradiso

656 5021 919 5089 accipiat,
941 5030 996 5074 et
1027 5017 1155 5087 quid
1183 5018 1251 5071 de
1284 5016 1351 5070 iis
1388 5016 1585 5069 tradat.
1613 5015 1782 5069 Aiunt
1804 5030 1975 5069 sacrae
1999 5015 2233 5070 litterae:

661 5130 678 5163 ι
715 5109 985 5165 Omnibus
1016 5106 1256 5177 paradisi
1298 5105 1594 5159 arboribus
1622 5104 1878 5159 vesceris.
1921 5123 1941 5156 ι
1982 5102 2084 5159 Per
2120 5120 2236 5160 om-

657 5202 746 5256 nia
810 5209 994 5255 creata
1045 5197 1255 5254 scilicet
1302 5197 1370 5250 ad
1418 5210 1506 5250 me
1568 5197 1822 5265 epiiicent
1873 5196 2231 5260 conscendes,

658 5306 945 5361 unumque
976 5290 1045 5344 de
1088 5288 1346 5343 omnibus
1374 5288 1613 5341 fructum
1646 5286 1944 5356 percipies,
1977 5286 2236 5341 nimirum

656 5401 766 5450 me,
812 5384 905 5454 qui
940 5397 1132 5452 reapse
1163 5382 1270 5435 vita
1312 5395 1457 5436 sum.
1488 5378 1685 5433 Omnia
1723 5378 1817 5432 tibi
1846 5379 1967 5432 vita:
1998 5381 2234 5433 fructum

658 5477 964 5551 proferant,
991 5476 1239 5544 adeoque
1268 5473 1415 5544 quod
1443 5472 1671 5527 exsistis
1696 5472 1833 5526 nihil
1865 5487 1987 5526 esse
2020 5472 2237 5540 putabis

655 5573 803 5629 aliud
844 5585 1007 5642 quam
1038 5571 1143 5624 mei
1174 5567 1516 5622 fruitionem.
1546 5566 1720 5635 Atque
1755 5565 1869 5620 haec
1898 5565 1974 5619 illi
2004 5565 2238 5621 tradide-

724 5718 771 5749 "
806 5714 945 5769 Gen.
980 5728 1039 5776 II,
1071 5713 1125 5767 7.
1204 5714 1246 5744 ⁷⁹
1280 5711 1418 5767 Gen.
1452 5726 1532 5775 ιιι,
1568 5710 1620 5763 8.
1702 5709 1745 5743 δ’
1780 5708 1907 5779 Sap.
1944 5724 2063 5772 xm,
2099 5709 2153 5764 5.

723 5855 838 5925 (2‘).)
902 5857 1024 5907 "0n
1072 5853 1173 5906 τοῦ
1210 5851 1534 5923 ιτρθυδόξυυ
1572 5889 1586 5904 .
1628 5889 1644 5905 .
1679 5888 1694 5905 .
1730 5891 1743 5905 .
1782 5890 1793 5905 .

2344 4650 2556 4717 ἕνεκεν,
2584 4651 2699 4706 ἀλλ’
2723 4654 2810 4706 ἵνα
2838 4653 2975 4723 πρὸς
3004 4655 3167 4707 αὐτὸν
3192 4655 3443 4708 ἐντεῦθεν
3474 4657 3563 4707 τὸν
3589 4657 3925 4727 δημιουργὸν

2348 4744 2696 4814 ἐπανάγηται
2722 4760 2736 4776 ’
2775 4746 2884 4799 ἀπὸ
2923 4746 3191 4816 μεγέθους
3226 4748 3336 4817 γὰρ
3374 4748 3467 4799 καὶ
3504 4748 3767 4817 καλλονῆς
3807 4767 3927 4803 κτι-

2349 4836 2595 4905 σμάτων,
2622 4836 2699 4902 ὥς
2731 4837 2833 4890 πού
2863 4855 2996 4907 φησι
3028 4838 3301 4909 Σολομὼν,
3330 4843 3357 4893 6
3382 4840 3715 4912 δημιουργὸς
3744 4844 3929 4896 αὐτῶν

2348 4928 2813 4994 ἐπιγινώσκεσοαι
2857 4930 3071 4986 εἴωθεν.
3120 4932 3230 4985 Καὶ
3273 4922 3377 5003 δρα
3422 4935 3540 4996 πῶς
3586 4934 3928 5004 ἐκλαμϐάνει

2347 5021 2476 5092 περὶ
2507 5022 2836 5092 παραδείσου
2868 5026 2896 5076 6
2926 5025 3069 5087 θεῖος
3096 5018 3253 5088 οὗτος
3289 5026 3547 5095 Ἰωάννης
3567 5067 3580 5091 ,
3619 5029 3709 5081 καὶ
3736 5030 3787 5079 τί
3819 5047 3927 5098 φτ,-

2347 5127 2434 5161 σιν
2465 5111 2549 5162 ἐπ’
2577 5113 2781 5175 αὐτοῖς.
2824 5132 2842 5164 ι
2888 5113 3020 5165 Ἀπὸ
3058 5115 3258 5178 παντὸς
3296 5115 3450 5179 ξύλου
3482 5117 3576 5171 τοῦ
3613 5122 3671 5173 ἐν
3700 5120 3777 5190 τῷ
3818 5138 3927 5173 πα-

2350 5202 2579 5273 ραδείσῳ
2610 5203 2812 5274 βρώσει
2844 5205 3048 5276 φάγῃς.
3077 5207 3175 5260 Διὰ
3207 5210 3445 5275 πάντων,
3473 5209 3637 5279 λέγω,
3666 5215 3775 5266 τῶν
3805 5231 3930 5266 κτιο

2346 5296 2569 5362 σμάτων
2606 5297 2693 5349 ἐπ’
2722 5297 2820 5365 ἐμὲ
2853 5297 2944 5350 τὸν
2980 5300 3214 5371 ποιητὴν
3245 5300 3662 5371 άναϐιϐάσθητι,
3700 5306 3793 5357 καὶ
3827 5307 3929 5358 ἒνα

2345 5387 2554 5459 καρπὸν
2588 5389 2652 5441 ὲκ
2686 5390 2904 5444 πάντων
2937 5390 3247 5462 κάρπωσαι,
3284 5393 3383 5461 ἐμὲ
3416 5396 3514 5465 τὴν
3548 5395 3718 5459 ὅντως
3748 5396 3924 5468 ζωήν.

2344 5476 2529 5530 Πάντα
2559 5495 2640 5531 σοι
2670 5481 2817 5551 ζωὴν
2849 5486 3300 5557 καρποφορείτω,
3334 5486 3428 5538 καὶ
3458 5486 3556 5558 τὴν
3586 5488 3724 5560 ἐμὴν
3758 5489 3929 5558 μέθε-

2345 5568 2425 5633 ξιν
2470 5570 2626 5625 τεοιοῦ
2672 5571 2770 5643 τῆς
2818 5575 3025 5640 οίκείας
3077 5576 3359 5648 ὑπάρξεως
3410 5581 3687 5635 σύστασιν.
3730 5602 3764 5643 ,ι
3812 5583 3927 5639 Καὶ

1853 5851 2122 5914 λέξεσιν.
2166 5852 2238 5906 Ex
2278 5851 2336 5909 F.
