4204 6450
304 412 401 476 201

1569 421 1979 483 ANNA’LIUM
2026 422 2220 483 PARS
2264 421 2310 480 Ῑ.

3442 414 3554 478 ‘202

298 526 449 586 ηὗτοι
483 532 581 601 μὲν
611 532 803 601 οὕτως,
830 536 857 587 ό
885 533 941 588 δὲ
974 534 1246 599 θειότατος
1278 536 1576 607 Γρηγόριος
1606 540 1633 589 6
1661 537 1880 606 Νύσσης

1988 545 2139 590 runt.
2172 534 2403 605 Nysscni
2436 542 2616 587 autem
2654 531 2905 602 Gregorii
2966 528 3220 598 leguntur
3269 525 3385 578 hec
3434 527 3552 593 ips"

300 620 446 676 οὕτω
490 624 629 676 κατά
677 623 828 693 ῥῆμα
873 624 1154 691 διέξεισιν,
1199 626 1279 679 ὅτι
1321 627 1383 679 τδ
1429 629 1876 696 ἀπηγορευμένον

304 714 481 765 ἐκεῖνο
515 716 575 783 τῇ
611 713 813 783 βρώσει
846 714 999 780 ξύλον
1028 717 1150 770 οὔτε
1186 719 1377 786 συκῆν,
1409 720 1483 780 ῶς
1513 719 1655 781 τινές
1689 734 1875 785 φασιν,

306 805 430 857 οὔτε
458 822 514 858 τι
541 806 651 858 τῶν
683 808 999 877 ἀκροδρύων
1028 808 1213 879 ἕτερον
1245 805 1385 863 εἶναι
1418 810 1780 881 πεπείσμεθα.
1815 810 1877 865 ΕΙ

305 899 415 967 γάρ
450 897 545 951 καὶ
580 900 706 969 περὶ
742 898 998 969 βρώσεως
1038 901 1305 970 αἰσθητῆς
1346 902 1577 955 ἐνταῦθα
1611 904 1760 955 δοκεῖ
1791 903 1879 955 λέ-

304 1005 423 1056 γειν
452 991 480 1042 ό
521 989 754 1059 θεόπτης
792 991 995 1058 Μωσῆς
1015 1033 1031 1057 ,
1064 993 1176 1045 ἀλλ’
1204 993 1349 1061 ἐγὼ,
1383 995 1515 1062 φησὶ
1536 1036 1550 1057 ,
1582 996 1679 1063 τῆς
1720 994 1878 1061 ἁγίας

303 1081 519 1135 ἀκούων
544 1081 766 1151 Γραφῆς
790 1084 851 1135 οὐ
883 1083 1043 1152 μόνον
1071 1085 1385 1154 σωματικὴν
1411 1085 1709 1153 ἐπίσταμαι
1741 1083 1881 1155 βρῶ-

302 1185 409 1231 σιν,
437 1168 575 1221 ἀλλά
598 1187 716 1222 τινα
747 1172 840 1223 καὶ
868 1171 1064 1241 ἑτέραν
1088 1169 1204 1226 οἶδα
1232 1173 1458 1243 τροφὴν,
1486 1169 1553 1244 ἦς
1583 1175 1614 1243 ἡ
1645 1175 1882 1227 ἀπόλαυ-

303 1275 387 1318 σις
424 1259 515 1311 ἐπὶ
551 1261 723 1331 μόνην
752 1262 848 1332 τὴν
877 1264 1057 1333 ψυχὴν
1087 1264 1373 1319 διαϐαίνει.
1404 1266 1608 1333 Φάγετε
1645 1269 1738 1321 καὶ
1770 1267 1879 1336 γὰρ

299 1348 391 1401 τὸν
423 1349 554 1418 ἐμὸν
586 1350 749 1419 ἄρτον
770 1391 785 1419 ,
820 1354 853 1422 ἡ
895 1354 1053 1422 σοφία
1087 1358 1199 1417 τοῖς
1240 1356 1466 1408 πεινῶσι
1506 1358 1880 1425 παρακελεύε-

300 1436 429 1503 ται,
460 1440 551 1492 καὶ
586 1441 738 1494 πίετε
773 1439 914 1495 οἶνον
943 1444 1003 1495 δν
1035 1447 1313 1515 κεκέρακα
1347 1448 1497 1516 ὑμῖν.
1536 1447 1699 1500 Ἀλλά
1729 1449 1823 1501 καὶ
1854 1450 1882 1501 6

299 1528 505 1599 Κύριος
531 1530 629 1601 τὴν
659 1532 1012 1603 Σαμαρειτῶν
1039 1536 1397 1605 ὑπεμφαίνων
1424 1538 1698 1609 σωτηρίαν
1726 1539 1880 1606 ἔλεγε

308 1638 328 1672 ι
367 1620 579 1691 Βρῶσιν
605 1622 713 1688 ἔχω
744 1627 938 1693 φαγεῖν
965 1626 1031 1696 ἢν
1059 1628 1214 1696 ὑμεῖς
1246 1629 1344 1681 οὐκ
1372 1629 1572 1691 οῐδατε,
1609 1649 1627 1679 ι
1665 1631 1761 1683 καὶ
1789 1630 1884 1683 ἀλ-

299 1711 463 1780 λαχοῦ
510 1730 529 1765 ι
578 1712 637 1766 Ὀ
680 1713 848 1783 διψῶν
876 1717 1118 1784 ἐρχέσθω
1165 1721 1297 1788 πρός
1342 1737 1409 1788 με
1452 1723 1541 1773 καὶ
1584 1720 1808 1774 πινέτω.
1857 1739 1878 1772 ι

301 1803 509 1857 Οὐκοῦν
535 1803 634 1873 τῆς
667 1809 890 1874 φυτείας
918 1809 1015 1878 τῆς
1049 1811 1105 1862 ιν
1139 1808 1301 1881 Ἑδὲμ
1331 1812 1531 1882 (τρυφὴ
1559 1814 1616 1866 δε
1646 1815 1681 1883 ἡ
1719 1813 1883 1883 Ἑδὲμ

1987 623 2174 676 verba.
2206 621 2435 691 Lignum
2476 620 2609 674 illttd
2639 621 2705 673 de
2741 635 2849 687 quo
2886 634 2952 672 ne
2996 624 3346 669 vescerentur
3380 614 3554 665 inter-

1983 713 2187 767 dictum
2219 720 2476 775 crat,ncc
2509 711 2667 763 ficum
2705 708 2894 771 fuissn,
2918 707 3059 775 quod
3088 704 3304 775 quidam
3341 703 3551 764 volunt,

1986 816 2087 855 nec
2131 802 2291 854 aliam
2335 800 2668 854 frnctiferam
2721 798 2968 851 arborem
3032 794 3277 864 persuasi
3340 806 3550 846 sumus.

1985 893 2309 959 Quanquam
2342 892 2487 946 enim
2513 899 2791 959 spectator
2818 889 2909 941 ille
2945 890 3033 941 llei
3070 886 3243 938 Moses
3272 885 3339 937 de
3366 882 3554 936 sensili

1986 986 2110 1040 cibo
2167 985 2257 1038 hic
2310 984 2458 1051 loqui
2517 982 2753 1045 videtur,
2793 997 2894 1048 ego
2952 991 3130 1033 tamen
3184 977 3312 1031 dttm
3370 988 3557 1068 sac'ras

1988 1078 2220 1131 Litteras
2255 1077 2437 1140 audio,
2484 1090 2590 1129 non
2629 1083 2837 1127 tantum
2872 1086 3190 1139 corpoream
3264 1066 3555 1135 quamdam

1988 1182 2169 1222 escam
2202 1180 2460 1235 agnosco,
2488 1165 2593 1221 scd
2636 1165 2798 1217 etiam
2835 1163 3230 1215 nutrimentum
3262 1156 3408 1211 aliml
3437 1168 3560 1208 esse

1987 1256 2127 1318 scio,
2185 1255 2343 1324 cujus
2411 1254 2599 1309 fruitio
2651 1254 2821 1307 solam
2890 1253 2953 1306 ad
3008 1253 3244 1304 animam
3300 1247 3556 1315 pertinet.

1988 1349 2254 1404 Hortatur
2288 1348 2435 1402 enim
2492 1346 2641 1400 hisce
2678 1346 2863 1400 verbis
2891 1348 3199 1399 esurientes
3234 1340 3557 1408 Sapientia:

1996 1457 2014 1490 ι
2050 1438 2345 1492 Vescimini
2404 1452 2522 1489 mec
2578 1451 2744 1506 pane,
2806 1436 3105 1503 vinumque
3163 1432 3353 1492 bibite,
3415 1429 3561 1495 quod

1990 1529 2148 1585 vobis
2184 1529 2380 1583 miscui
2409 1530 2480 1583 ⁸⁸.
2521 1546 2540 1582 ι
2593 1526 2735 1593 Quin
2771 1527 2933 1581 etiam
2980 1525 3235 1578 doniinus
3266 1523 3562 1575 Samarita-

1990 1636 2188 1676 norum
2243 1623 2474 1676 salutem
2516 1621 2802 1675 indicans:
2852 1638 2869 1668 ι
2908 1618 3122 1675 Cibum,
3156 1617 3349 1681 inquit,
3385 1616 3562 1669 habeo

1989 1728 2099 1782 quo
2134 1728 2346 1773 vi-srar,
2384 1714 2539 1766 vobis
2570 1714 2711 1767 haud
2758 1711 3033 1780 cognitum
3066 1708 3131 1761 ⁸¹.
3174 1728 3189 1759 ι
3228 1709 3357 1762 Item
3396 1707 3561 1760 alibi:

1998 1823 2016 1858 ι
2064 1805 2165 1872 Qui
2206 1807 2342 1869 sitit,
2380 1807 2445 1859 atl
2506 1821 2592 1860 me
2660 1806 2847 1859 veniat
2886 1820 2949 1859 ac
3002 1804 3153 1856 bibat
3194 1803 3260 1854 ⁸³.
3305 1821 3323 1852 )
3364 1802 3565 1864 Quam-

302 1893 689 1962 ἑρμηνεύεται)
723 1897 872 1962 ἇιξιόν
900 1915 1021 1953 τινα
1049 1901 1261 1971 καρπὸν
1293 1881 1544 1969 ἐννοῆσαι
1574 1881 1879 1976 προσήκει,

1988 1898 2170 1951 obrem
2195 1898 2481 1951 consitioni
2520 1897 2719 1951 Edenis
2761 1909 2903 1965 (quae
2925 1910 3025 1948 vox
3059 1894 3283 1947 delicias
3315 1892 3561 1957 denotat)

305 1983 401 2036 καὶ
424 1984 722 2054 τρέφεσθαι
746 1986 834 2040 διὰ
859 1988 1053 2043 τούτου
1080 1990 1156 2061 μὴ
1177 1992 1539 2060 ἀμφιδάλλειν
1564 1995 1653 2048 τὸν
1677 1996 1887 2066 ἀνθρω-

301 2094 431 2147 πον,
467 2080 562 2133 καὶ
606 2083 680 2152 μὴ
724 2082 945 2149 πάντως
982 2086 1081 2156 τὴν
1121 2087 1419 2159 παροδικὴν
1457 2088 1553 2142 καὶ
1593 2090 1886 2162 ἐπίρρυτον

300 2170 508 2238 ταύτην
550 2174 759 2243 τροφὴν
804 2174 899 2228 ἐπὶ
943 2176 1040 2245 τῆς
1092 2176 1187 2231 τοῦ
1234 2179 1564 2249 παραδείσου
1609 2180 1887 2250 διαγωγῆς

302 2261 523 2313 ἐννοεῖν.
560 2259 717 2315 Οὕτω
760 2263 858 2331 μὲν
895 2262 988 2319 οὖν
1028 2265 1122 2318 καὶ
1162 2266 1189 2319 6
1228 2265 1502 2330 θειότατος
1543 2270 1887 2333 ’Λναστάσιος

302 2351 497 2420 νοεράν
540 2347 679 2406 εἶναι
721 2353 967 2425 βούλεται
1010 2356 1109 2427 τὴν
1151 2357 1356 2428 βρῶσιν
1398 2360 1633 2432 ἐκείνην,
1672 2362 1732 2414 ού
1777 2362 1887 2434 μὴν

301 2442 573 2517 αἰσθητήν
596 2461 654 2497 τε
684 2446 778 2499 καὶ
810 2449 1100 2519 σαρκικήν.
1131 2450 1193 2503 Ei
1222 2451 1331 2521 γὰρ
1359 2453 1618 2522 τοιαύτην
1644 2455 1886 2524 ἑσήμανε

303 2534 509 2605 βρῶσιν
539 2537 609 2591 τὰ
642 2536 758 2592 θεῖα
796 2540 935 2610 ῥητὰ
959 2578 974 2603 ,
1010 2542 1107 2595 καὶ
1146 2544 1425 2611 σαρκικῶς
1457 2547 1804 2615 ἀπέθνησκον
1836 2550 1886 2601 oi

300 2626 511 2697 ταύτης
548 2629 951 2697 ἀπογενόμενοι
978 2646 994 2663 ⁶
1042 2633 1244 2704 νοερῶς
1287 2635 1333 2688 δ’
1363 2631 1457 2689 οὖν
1503 2637 1887 2707 ἡμαρτηκότες

300 2716 395 2771 τὸν
426 2718 527 2787 τῆς
562 2718 741 2789 ψυχῆς
779 2721 979 2777 αὐτίκα
1019 2723 1263 2794 δέχονται
1302 2724 1553 2783 θάνατον.
1589 2727 1746 2781 Οὕτω
1785 2729 1884 2798 μὲν

303 2803 398 2863 οὖν
438 2809 535 2862 καὶ
576 2811 606 2863 6
646 2810 898 2881 θεολόγος
942 2814 1242 2887 Γρηγόριος
1279 2816 1340 2869 τδ
1383 2819 1548 2886 φυτὸν
1588 2821 1784 2885 ἐκεῖνο,
1825 2822 1886 2872 τὸ

306 2900 464 2966 ξύλον
493 2901 733 2972 δηλονότι
763 2905 864 2973 τῆς
894 2906 1176 2973 γνώσεως,
1213 2907 1446 2977 θεωρίαν
1478 2904 1616 2962 εἶναι
1652 2909 1884 2979 ἔφησεν,

306 2994 554 3048 τουτέστι
582 2997 783 3064 γνῶσιν
810 3000 1146 3070 τελεωτέραν
1174 3001 1294 3054 τινά
1312 3040 1327 3066 ,
1359 2996 1424 3073 ἧς
1454 3002 1753 3056 ἐπιϐαίνειν
1786 3006 1888 3057 οὐκ

305 3086 549 3153 ἀσφαλὲς
571 3090 683 3151 τοῖς
710 3105 771 3157 γε
798 3089 1122 3161 λιχνοτέροις
1146 3092 1244 3162 τὴν
1266 3091 1472 3161 ἔφεσιν.
1500 3095 1741 3165 Πρόσεχε
1768 3094 1882 3149 οὖν.

264 3184 290 3197 ⁸
310 3178 590 3234 Δέδεικται
622 3181 733 3251 γὰρ
766 3182 831 3235 ικ
866 3181 1077 3236 πολλῶν
1109 3184 1190 3237 ὅτι
1233 3183 1490 3254 βρώσεως
1530 3185 1794 3257 αἰσθητῆς
1827 3187 1884 3239 ἑν

304 3270 384 3341 τῷ
414 3272 728 3344 παραδείσῳ
756 3274 857 3327 οὐκ
886 3270 952 3344 ἦν
980 3275 1161 3344 ἐνδεὴς
1192 3278 1219 3329 6
1248 3276 1420 3347 Ἀδάμ
1439 3294 1455 3311 ο
1482 3278 1749 3343 ἀθάνατος
1777 3279 1884 3351 γὰρ

305 3364 413 3415 ὑπὸ
445 3362 580 3416 Θεοῦ
616 3366 918 3436 παραχθεὶς
958 3368 1059 3419 οὐκ
1099 3363 1166 3438 ἦν
1202 3368 1413 3432 οὐδενὸς
1448 3370 1656 3441 ἐνδεής.
1693 3373 1801 3425 Καὶ
1830 3373 1886 3427 τί

304 3454 414 3527 χρὴ
441 3455 609 3509 τολλά
636 3457 850 3524 λέγειν;
880 3462 927 3511 εί
957 3459 1077 3511 καθ’
1102 3461 1395 3529 ὁμοιότητα
1420 3461 1529 3514 τῶν
1554 3463 1802 3530 ἀγγέλων
1828 3467 1887 3517 ἐν

317 3550 384 3614 τῇ
420 3548 714 3602 ἀναστάσει
749 3545 974 3619 ζήσεται
1006 3553 1032 3602 ό
1063 3552 1346 3622 ἀνἰρωπος
1378 3550 1398 3624 (
1418 3571 1435 3605 ι
1475 3554 1570 3608 καὶ
1604 3554 1819 3609 ἔσονται
1860 3575 1879 3609 ι

306 3637 417 3707 γάρ
456 3654 590 3706 φησι
634 3656 652 3691 t
695 3639 901 3704 πάντες
937 3640 1012 3701 ὡς
1050 3641 1272 3710 ἄγγελοι
1311 3641 1446 3697 Θεοῦ
1490 3646 1580 3716 ι),
1624 3648 1656 3705 ἡ
1695 3648 1751 3701 δὲ
1784 3648 1886 3719 τῆς

304 3730 663 3793 ἀναστάσεως
705 3731 869 3800 χάρις
912 3731 1065 3785 ούδὶν
1109 3734 1239 3787 ἄλλο
1278 3734 1427 3789 ἐστὶν
1470 3737 1611 3791 κατά
1655 3755 1719 3806 γε
1761 3742 1888 3806 τοὺς

307 3823 483 3886 θείους
517 3822 767 3893 Πατέρας
797 3824 830 3893 ἢ
865 3826 1005 3891 πρὸς
1032 3826 1091 3878 τὸ
1122 3828 1349 3895 ἀρχαῖον
1377 3829 1485 3880 τῶν
1518 3834 1886 3887 πεπτωκότων

305 3915 752 3977 ἀποκατάστασις
774 3954 789 3977 ,
821 3915 1042 3987 εύδηλον
1079 3918 1290 3980 πάντως
1323 3920 1405 3971 ὅτι
1442 3921 1547 3989 πρὸ
1579 3924 1674 3992 τῆς
1706 3941 1887 3992 παρα-

305 4003 518 4066 δάσεως
549 4005 835 4071 ἰσάγγελον
864 4001 975 4075 εἶχε
1004 4008 1102 4076 τὴν
1129 4009 1275 4078 ζωὴν
1301 4011 1328 4061 ὁ
1356 4010 1547 4081 Ἀδὰμ,
1583 4017 1719 4084 μήτε
1747 4015 1889 4085 βρώ-

306 4112 393 4148 σει
446 4097 582 4166 μήτε
630 4100 805 4162 πόσει,
854 4098 1106 4170 καθάπερ
1156 4102 1398 4171 εἴρηται,
1447 4104 1754 4177 χρώμενος,
1804 4110 1885 4163 ὃτι

309 4188 444 4259 μηδὲ
476 4189 626 4258 παρά
650 4192 763 4252 τοῖς
788 4190 1043 4258 ἀγγέλοις
1070 4193 1250 4254 αύτοὶς
1275 4193 1513 4249 τοιοῦτόν
1538 4213 1590 4248 τι
1618 4198 1899 4271 τεθεώρηε

305 4299 418 4336 ται.
444 4282 535 4353 Μὴ
559 4283 738 4335 τοίνυν
766 4284 823 4335 ιν
850 4285 1166 4354 παραδείσῳ
1194 4286 1285 4339 τὸν
1310 4287 1595 4358 ἄνθρωπον
1619 4292 1888 4362 αἰσθητῆς

308 4374 667 4443 ἐμφορεῖσθαι
705 4376 892 4445 νόμιζε
930 4375 1224 4446 βρώσεως,
1257 4378 1338 4431 ὅτι
1375 4380 1511 4448 μηδὲ
1547 4381 1737 4450 χρείαν
1772 4380 1887 4454 εἶχε

306 4466 512 4537 ταύτης
540 4468 719 4521 ὲκεῖσε
746 4467 832 4521 διά
859 4485 922 4536 γε
946 4470 1046 4537 τὴν
1070 4469 1218 4540 αὐτῷ
1242 4471 1545 4541 τηνικαῦτα
1572 4476 1888 4545 προσοῦσαν

1988 1988 2328 2044 conveniens
2370 1987 2594 2057 quidam
2638 1987 2853 2043 fructus
2896 1985 3397 2041 accommodandus
3442 1992 3560 2048 est,

1988 2096 2098 2151 quo
2137 2083 2286 2151 pasci
2336 2080 2448 2151 99
2496 2081 2773 2135 hominem
2808 2095 2917 2133 non
2949 2079 3309 2133 dubitemus:
3352 2093 3563 2145 nequa-

1987 2190 2153 2244 quam
2211 2190 2343 2229 vero
2396 2174 2748 2244 cogitandum
2810 2174 2863 2228 in
2914 2174 3152 2244 paradisi
3215 2172 3324 2226 vita
3394 2171 3564 2225 fuisse

1988 2267 2389 2321 nutrimentum
2445 2267 2664 2336 aliquod
2710 2267 3114 2329 transitorium,
3168 2265 3426 2335 quodque
3469 2280 3566 2333 per

1987 2357 2137 2412 vices
2183 2356 2548 2425 ingereretur.
2603 2356 2809 2411 Eodem
2850 2357 3012 2411 modo
3056 2356 3278 2411 divinus
3310 2357 3389 2407 \ir
3418 2356 3566 2407 Ana-

1988 2450 2193 2504 stasius
2224 2449 2408 2504 cibum
2452 2448 2603 2504 illum
2633 2450 2750 2505 vult
2804 2449 3180 2504 intellectilcm
3236 2448 3425 2511 fuisse,
3454 2464 3563 2501 non

1987 2542 2251 2599 sensilem
2306 2552 2471 2611 atque
2505 2544 2802 2597 carnalem.
2834 2541 2969 2597 Nam
3003 2542 3048 2596 si
3080 2541 3262 2597 cibum
3294 2539 3566 2609 ejusmodi

1987 2634 2211 2692 Littera:
2240 2649 2410 2688 sacra:
2440 2634 2834 2702 designarent,
2865 2634 3034 2688 etiam
3078 2632 3374 2688 carnaliter
3407 2633 3563 2701 primi

1990 2727 2241 2781 homines
2286 2725 2377 2778 illo
2407 2724 2699 2794 degustato
2740 2736 2973 2778 mortem
3012 2724 3298 2778 obiissent.
3334 2725 3399 2776 At
3434 2740 3567 2777 vero

1989 2819 2190 2873 mentis
2222 2822 2437 2872 ratione
2466 2833 2586 2871 cum
2617 2817 2965 2887 deliquerint,
2985 2817 3190 2871 idcirco
3214 2833 3334 2871 mox
3370 2819 3567 2869 anima:

1989 2920 2220 2965 tnortem
2257 2919 2545 2979 oppetunt.
2586 2908 2789 2962 Eodem
2840 2908 3002 2961 modo
3056 2906 3350 2977 Gregorius
3401 2908 3563 2960 etiam

1991 3003 2280 3063 theologus
2312 3003 2561 3055 arborem
2592 3000 3028 3065 illatn,seientia3
3054 2998 3311 3053 videlicet
3339 2998 3565 3068 lignum.

1988 3094 2507 3162 contemplationem
2549 3093 2627 3168 ait
2678 3108 2838 3157 esse,
2877 3094 2979 3147 hoc
3038 3101 3124 3146 est
3177 3093 3564 3162 perfectionem

1989 3186 2281 3256 quamdam
2324 3184 2718 3255 cognitionem,
2747 3186 2813 3237 ad
2856 3199 3021 3254 quam
3055 3184 3390 3239 contendere
3425 3184 3566 3237 velle

1990 3294 2101 3333 non
2133 3286 2308 3332 tutum
2341 3286 2427 3332 est
2480 3278 2567 3341 iis,
2615 3292 2847 3347 quorum
2901 3278 3174 3346 cupiditas
3230 3284 3350 3346 plus
3409 3292 3567 3343 animi

1986 3380 2070 3427 ost
2150 3370 2333 3423 avida.
2405 3368 2578 3437 igitur
2637 3367 3047 3423 animadvertas
3100 3383 3219 3423 esse
3277 3368 3565 3437 probatmn

1988 3461 2354 3532 complurium
2394 3460 2745 3526 auctoritate,
2774 3476 2881 3515 non
2922 3460 3139 3531 eguisse
3198 3460 3463 3513 Adatnum
3512 3462 3567 3515 in

1988 3553 2243 3623 paradiso
2272 3553 2397 3607 cibo
2426 3554 2661 3621 quodam
2699 3552 2911 3607 sensili.
2949 3550 3160 3619 Quippe
3189 3566 3313 3604 cum
3342 3553 3568 3604 immor-

1991 3644 2112 3700 talis
2152 3660 2183 3698 a
2222 3643 2334 3699 Deo
2367 3644 2623 3699 conditus
2669 3656 2839 3709 esset,
2888 3646 2967 3697 rei
3022 3644 3225 3696 nullius
3264 3642 3564 3711 indigebat.

1989 3736 2056 3793 Et
2082 3737 2213 3809 quid
2248 3739 2361 3791 hmc
2384 3754 2483 3807 ego
2516 3737 2779 3807 prolixius
2808 3735 3019 3790 tracto?
3052 3736 3107 3788 Si
3143 3735 3209 3791 ad
3246 3735 3564 3803 angelorum

1991 3831 2411 3887 similitudinem
2448 3830 2502 3883 in
2537 3828 2943 3884 resurtet-tione
2978 3829 3234 3883 victurus
3263 3839 3347 3880 est
3379 3828 3564 3887 horno,

1990 3920 2452 3991 quemadmodum
2488 3922 2849 3987 perscriptum
2882 3918 3113 3989 legimus
3145 3936 3158 3971 :
3192 3935 3210 3969 ι
3248 3916 3423 3970 Erunt
3452 3934 3570 3970 om-

1991 4026 2087 4065 nes
2113 4021 2368 4079 tanquam
2413 4009 2585 4083 angeli
2648 4008 2741 4061 Dei
2774 4009 2863 4069 ⁸³⁸,
2896 4027 2913 4057 ι
2956 4016 3012 4060 et
3060 4023 3193 4062 vero
3238 4009 3281 4060 si
3318 4023 3568 4060 resurre-

1989 4104 2189 4158 ctionis
2221 4101 2549 4156 beneﬁcium
2584 4100 2651 4155 de
2691 4100 2963 4157 sententia
2998 4100 3306 4156 divinorum
3345 4098 3565 4152 Patrum

1990 4195 2127 4249 nihil
2168 4202 2251 4249 est
2308 4193 2456 4248 aliud
2523 4208 2687 4262 quam
2738 4192 3011 4261 lapsorum
3073 4192 3139 4247 ad
3199 4193 3566 4246 conditionem

1991 4286 2275 4356 pristinam
2337 4284 2658 4347 restitutio,
2737 4284 2967 4354 intelligi
3044 4288 3351 4353 pchpicue.
3389 4294 3570 4353 potest

1989 4380 2262 4434 Adamum
2331 4388 2459 4431 ante
2532 4376 3019 4446 transgressionem
3075 4378 3238 4429 vitam
3311 4376 3570 4445 angelica;

1992 4489 2177 4543 parem
2210 4473 2547 4542 egisse,,nec
2604 4469 2727 4523 cibo
2786 4484 2888 4522 nec
2948 4478 3101 4537 potu,
3148 4482 3247 4521 ceu
3308 4469 3567 4526 diximus,

304 4561 599 4619 ἀπάθειαν.
636 4560 778 4615 Ἀλλ’
803 4562 896 4614 ἐπὶ
930 4562 1143 4626 τούτοις
1183 4564 1547 4632 ἀμφιδάλλειν
1583 4569 1685 4621 οὐκ
1722 4569 1885 4635 ἔπρε-

1998 4580 2176 4629 usum,
2219 4565 2439 4631 quando
2470 4560 2597 4627 quid
2624 4560 2887 4629 ejusmodi
2918 4575 3019 4612 nec
3047 4559 3099 4611 in
3127 4559 3333 4628 angelis
3386 4559 3565 4612 locum

305 4669 432 4705 πεν.
461 4652 680 4723 Ἐπειδὴ
707 4654 817 4721 γάρ
841 4654 908 4707 τὰ
934 4654 1148 4722 φυσικά
1167 4654 1341 4707 ταῦτα
1370 4656 1536 4727 πάθη,
1563 4660 1726 4712 πεῖνα
1748 4660 1891 4729 λέγω

305 4742 404 4797 καὶ
427 4744 554 4813 δίψα
580 4745 745 4808 κόπος
770 4744 935 4807 ὕπνος
959 4745 1121 4814 όδύνη
1148 4746 1291 4809 λύπη
1316 4738 1411 4799 καὶ
1431 4748 1499 4800 τά
1522 4747 1685 4802 λοιπά
1704 4790 1720 4813 ,
1751 4752 1891 4820 μετά

305 4834 407 4904 τὴν
440 4834 752 4902 παράϐασιν
782 4836 858 4896 εἰς
888 4836 980 4888 τὸν
1006 4836 1350 4907 ἀνθρώπινον
1383 4838 1499 4909 βίον
1529 4840 1885 4911 εἰσήλθοσαν,

307 4924 387 4988 ὡς
414 4926 441 4976 6
467 4923 624 4991 λόγος
653 4925 755 4993 ῆδη
788 4924 1003 4993 φθάσας
1035 4927 1357 4995 ἐγνώρισεν,
1387 4928 1638 4997 φαίνεται
1669 4932 1889 4996 πάντως

306 5017 392 5069 ὅτι
426 5016 530 5086 πρὸ
554 5017 652 5086 τῆς
684 5016 957 5087 ἁμαρτίας
987 5018 1015 5069 6
1044 5016 1330 5087 ἄνθρωπος
1358 5021 1458 5073 ούκ
1485 5015 1598 5091 εἶχε
1628 5021 1686 5075 τὸ
1714 5039 1883 5076 κατα-

308 5108 585 5176 ναγκάζον
612 5107 773 5160 αὑτὸν
797 5108 1059 5177 αίσθητῆς
1091 5109 1358 5163 ἅπτεσθαι
1389 5110 1664 5180 βρώσεως.
1693 5114 1804 5166 Καὶ
1830 5114 1882 5166 τί

306 5200 418 5270 χρὴ
450 5199 619 5252 πολλά
649 5198 865 5265 λέγειν;
898 5200 953 5253 εἴ
979 5217 1042 5267 γε
1072 5202 1279 5270 τροφῆς
1308 5196 1376 5273 ἦν
1404 5203 1592 5271 ὲνδεὴς
1620 5206 1645 5255 ό
1674 5204 1884 5273 ἄνθρω-

306 5306 411 5353 πος
440 5289 534 5342 ἀπ’
556 5288 763 5360 ἀρχῆς,
794 5287 869 5352 ὥς
896 5307 1040 5353 τινες
1074 5291 1437 5361 ὑπειλήφασι,
1469 5296 1559 5347 καὶ
1590 5296 1791 5347 πεινῶν
1823 5295 1885 5350 ἂν

305 5381 368 5448 ιε
415 5381 659 5451 ἀνάγκης
703 5376 772 5453 ἦν
817 5383 908 5435 καὶ
956 5382 1129 5451 ῥιγῶν
1172 5386 1266 5439 καὶ
1310 5386 1673 5457 κοιμώμενος.
1723 5388 1786 5440 Ei
1831 5388 1890 5441 δὲ

305 5472 552 5535 τοιοῦτος
586 5474 792 5538 ἰκτῖνος
824 5469 930 5545 ἦν,
965 5474 1187 5548 εὔδηλον
1223 5478 1443 5541 πάντως
1477 5480 1559 5532 ὅτι
1597 5480 1789 5548 θνητὸς
1823 5475 1891 5550 ῆν

302 5566 405 5621 ἀπ’
435 5565 614 5636 ἀρχῆς
661 5566 758 5620 καὶ
805 5568 1046 5637 φθαρτὸς
1075 5585 1090 5602 ·
1145 5570 1406 5623 ἀδύνατον
1458 5571 1566 5643 γὰρ
1616 5574 1891 5644 ἄφθαρτον

300 5658 587 5727 διαμένειν
607 5697 621 5721 ,
648 5659 724 5723 ὡς
753 5661 781 5718 6
806 5662 1167 5735 Δαμασκηνὸς
1204 5662 1455 5734 Ἰωάννης
1484 5662 1619 5732 φησὶ
1642 5703 1657 5729 ,
1688 5664 1777 5717 τὸν
1810 5667 1893 5717 ai-

376 5834 420 5865 "
460 5834 619 5891 Prov.
651 5853 724 5902 Ix,
758 5838 812 5893 5.

889 5838 933 5869 ⁸²
966 5838 1125 5897 Jean.
1163 5854 1236 5903 tv,
1265 5841 1354 5895 52.
1433 5842 1477 5873 ⁸³
1511 5840 1667 5898 Juan.
1698 5859 1791 5909 vn,
1831 5842 1920 5898 37.

1991 4656 2177 4710 habet.
2233 4654 2581 4721 Quapmpter
2638 4651 2952 4706 existimare
3016 4649 3125 4703 noli
3186 4650 3457 4706 hOmincm
3513 4650 3566 4702 in

1989 4747 2241 4819 paradiso
2296 4746 2479 4800 seusili
2531 4745 2866 4797 nutrimento
2911 4757 2969 4796 se
3025 4742 3276 4804 satiasse,
3316 4741 3568 4810 quando-

1988 4840 2206 4909 quidem
2241 4839 2361 4893 istic
2388 4854 2454 4891 eo
2488 4854 2594 4892 non
2630 4836 2908 4906 indigebat
2937 4843 3223 4904 propterea
3270 4835 3415 4902 quod
3446 4850 3568 4887 ent-

1988 4931 2075 4986 uis
2117 4941 2232 4983 ttun
2275 4929 2586 4983 affectionis
2614 4938 2758 4981 esset
2790 4942 3010 4996 expers.
3053 4926 3342 4979 Enimvero
3388 4926 3567 4978 nemi-

1985 5039 2111 5078 nem
2140 5022 2321 5076 hacin
2356 5032 2509 5090 parte
2543 5020 2821 5088 ambigere
2851 5019 3237 5074 Conveniebat.
3274 5015 3406 5069 Nam
3443 5032 3567 5068 (‘llttt

1988 5114 2310 5169 aﬂectiones
2358 5113 2461 5166 illae
2514 5112 2816 5174 naturales,
2847 5112 3042 5175 fames,
3078 5112 3319 5178 inquam,
3356 5124 3412 5163 et
3444 5109 3568 5162 sitis

1988 5216 2043 5259 et
2073 5204 2318 5275 fatigatio
2344 5212 2401 5257 et
2437 5218 2660 5257 solutius
2699 5214 2757 5257 ct
2785 5202 2944 5257 dolor
2980 5211 3035 5255 et
3063 5216 3289 5261 maeror,
3326 5211 3383 5254 et
3413 5210 3568 5251 cmte-

1987 5312 2084 5359 m,
2135 5296 2258 5366 post
2304 5296 2763 5364 trangressiouem
2803 5294 3037 5363 primum
3075 5294 3237 5345 vitam
3274 5292 3565 5344 humanam

1990 5389 2312 5447 invaserint.
2354 5399 2413 5441 ut
2462 5387 2731 5455 superiori
2775 5388 3027 5441 oratione
3066 5386 3379 5443 demimus.
3418 5391 3569 5452 patet

1990 5484 2217 5536 omnino
2248 5492 2375 5535 ante
2424 5492 2709 5550 peccatum
2764 5480 3043 5533 hominem
3074 5494 3255 5531 causa:
3283 5477 3417 5530 nihil
3465 5476 3564 5529 Ita-

1994 5573 2200 5634 bnisse,
2235 5590 2357 5639 quae
2391 5574 2567 5641 ipsum
2604 5574 2670 5626 ad
2702 5572 3032 5626 sumendum
3082 5571 3339 5625 sensiletu
3376 5584 3569 5639 quent-

1993 5666 2116 5721 datn
2150 5666 2328 5720 cibum
2371 5677 2606 5735 cogent.
2653 5666 2791 5739 Quid
2828 5668 3034 5737 prolixa
3069 5666 3399 5722 indicationc
3428 5678 3579 5735 opus.

1995 5845 2058 5877 ""
2092 5844 2281 5901 Matth.
2317 5861 2451 5909 λχιι,
2490 5844 2577 5900 50.
