4204 6450
665 417 772 482 2οἸ
1949 431 2240 491 ΜΙΟΗΑΕ

2343 433 2372 492 3
2411 433 2674 493 GLYCE
3803 438 3908 501 205

658 534 793 588 est?
826 533 882 588 Si
928 532 1091 589 homo
1123 535 1190 590 ab
1223 537 1378 591 initio
1420 541 1739 593 nutrimenti
1772 540 1960 610 egebat
1995 542 2062 595 de
2092 559 2229 611 quo-

2343 543 2540 611 σθητῆς
2576 542 2833 612 βρώσεως
2873 548 2930 597 ἐν
2968 547 3228 616 μετουσία
3264 548 3574 617 γενόμενον.
3610 547 3750 599 Ἀλλ’
3774 548 3911 614 ἄφες

660 626 913 681 rumdam
971 628 1252 697 opinione,
1313 630 1573 684 nimirum
1630 634 1942 688 necessario
1984 637 2230 704 sequitur

2343 636 2524 698 εὺτοῦς
2552 650 2565 665 ⁸
2608 639 2640 706 ἠ
2678 636 2785 707 γὰρ
2823 638 3285 711 ἀναγεγραμμένη
3329 641 3459 708 ἁγία
3504 640 3716 704 σύνοδος
3756 641 3900 693 οὕτω

659 718 826 771 etiam
857 718 1032 788 ipsum
1066 721 1351 784 esuriisse,
1380 721 1551 792 frigus
1579 724 2227 792 pertulisse,'dormiisse.

2343 727 2460 795 περὶ
2485 725 2580 779 τοῦ
2612 728 2829 797 πρώτου
2860 730 3149 800 ἀνθρώπου
3181 734 3401 800 φρονεῖν
3425 730 3663 800 οὐδαμοῦ
3695 747 3911 800 συγχω-

659 809 715 861 Si
744 809 865 863 talis
895 822 1035 875 erat,
1074 813 1425 867 n=anilcswm
1457 822 1540 867 est
1575 815 1741 869 etiam
1771 816 1839 868 ab
1867 816 2023 869 initio
2056 818 2226 872 fuisse

2343 823 2437 873 ποεῖ.
2466 821 2699 888 Διέξεισι
2730 825 2838 894 γὰρ
2866 823 3010 877 οὕτω
3036 825 3177 877 κατὰ
3208 822 3414 888 λέξιν,‹
3447 823 3501 875 εῖ
3524 840 3606 885 τις
3639 820 3791 891 λέγει
3818 822 3909 873 τὸν

659 899 943 954 mortalem
966 909 1021 955 et
1056 900 1301 958 interitui
1326 904 1658 969 obnoxium;
1695 907 1881 975 nequit
1906 908 2051 961 enim
2085 910 2228 973 lieri,

2343 909 2510 979 ’Δδάμ
2552 911 2746 981 θνητὸν
2783 913 3086 983 πλασθῆναι
3131 915 3283 983 παρὰ
3319 912 3478 977 Θεοῦ,
3523 913 3617 966 καὶ
3649 913 3723 981 μὴ
3772 910 3909 981 μετά

655 992 1117 1058 quemadmodum
1153 993 1391 1050 Joannes
1450 996 1821 1051 Damascenus
1876 1000 1974 1062 ait,
2020 1012 2077 1053 ut
2128 1015 2225 1053 ex-

2343 1002 2426 1071 ιὴν
2466 1003 2741 1073 ἁμαρτίαν
2780 1003 2953 1058 ἐλθεῖν
2991 1007 3071 1067 είς
3113 1006 3321 1075 φθορὰν
3345 1046 3360 1070 ,
3406 1006 3520 1075 ἤτω
3566 1001 3838 1073 ἀνάθεμα.
3888 1021 3905 1051 ν

658 1094 780 1145 pch
844 1082 1095 1137 interitus
1152 1095 1370 1140 maneat
1434 1088 1529 1155 qui
1585 1089 1706 1142 cibo
1765 1090 1950 1143 seusili
2005 1090 2227 1144 fruitur.

2343 1093 2443 1147 Kal.
2474 1096 2603 1165 περὶ
2635 1096 2733 1164 μὲν
2760 1096 2963 1150 τούτων
2990 1095 3183 1160 οὕτως.

658 1171 851 1228 Missos
892 1175 1058 1245 igitur
1106 1179 1225 1234 illos
1252 1180 1440 1243 facies,
1498 1183 1716 1252 quando
1783 1186 2034 1254 superius
2069 1186 2305 1241 iudicata
2334 1190 2573 1260 synodus
2624 1191 2699 1245 ita
2736 1207 2837 1247 nos
2890 1194 2956 1247 de
3008 1193 3229 1247 homine
3279 1193 3486 1248 sentire
3534 1205 3643 1247 non
3684 1188 3915 1259 patitur,

654 1266 808 1336 cujus
859 1267 972 1321 lucc
1028 1286 1287 1341 expressa
1345 1275 1512 1330 verba
1562 1285 1734 1332 sunt:
1777 1296 1797 1329 ι
1846 1276 1900 1332 Si
1941 1280 2063 1348 quis
2096 1280 2228 1335 dicit
2271 1282 2539 1336 Adamum
2572 1300 2600 1337 a
2636 1284 2746 1340 Deo
2784 1267 3067 1341 conditum
3104 1301 3227 1341 esse
3284 1286 3591 1348 mortalem,
3659 1299 3723 1339 ac
3794 1297 3906 1336 nou

659 1368 780 1425 Post
812 1373 1091 1430 peceatum
1132 1366 1444 1437 prolapsum
1480 1384 1602 1424 esse
1670 1374 1723 1425 in
1775 1371 2083 1439 interitum,
2110 1375 2460 1430 exsecrabilis
2492 1386 2629 1431 esto.
2672 1396 2689 1427 ι
2761 1377 2837 1432 Ae
2869 1379 2935 1432 de
2992 1378 3076 1433 his
3108 1380 3329 1449 quidem
3364 1379 3416 1434 iu
3480 1381 3625 1432 hunc
3690 1374 3910 1429 modum

656 1454 995 1520 disputatum
1023 1472 1159 1515 esio.

731 1545 890 1615 100
922 1547 1189 1605 Cit-terum
1232 1554 1591 1611 nihilominus
1640 1561 1778 1615 sevit
1821 1561 2087 1629 ejusmodi
2144 1582 2231 1620 ar-

2400 1569 2696 1622 Φντεῦεται
2752 1570 2805 1622 δὲ
2845 1571 2994 1638 ὅμως
3049 1573 3105 1624 ὲν
3156 1568 3471 1641 παραδείσῳ
3525 1567 3620 1621 καὶ
3672 1566 3915 1619 τοιοῦτον

656 1636 841 1688 horem
884 1638 1025 1693 Deus
1086 1643 1137 1695 in
1197 1646 1472 1714 paradiso,
1521 1650 1587 1703 dc
1627 1665 1731 1717 qua
1780 1656 1927 1707 vesci
1964 1655 2230 1711 Adamnut

2343 1664 2519 1726 εντὶν,
2547 1663 2638 1729 αφ’
2665 1655 2724 1713 οὗ
2754 1661 3058 1715 κεκώ“ιυται
3111 1665 3185 1732 μὴ
3221 1662 3416 1730 φαγεῖν
3452 1662 3478 1712 ὁ
3516 1661 3709 1727 Ἄδαρ..
3741 1658 3898 1719 Τίνος

656 1727 846 1779 vetuit.
877 1727 1241 1794 Quamobrem
1274 1736 1455 1790 istuc?
1488 1750 1544 1792 ut
1578 1741 1704 1795 hinc
1752 1749 2029 1796 tantorum
2062 1745 2232 1799 bono-

2343 1752 2547 1816 E::xsv;
2590 1752 2677 1815 Ὡς
2730 1753 2978 1806 ἐντεῦθεν
3036 1752 3421 1819 ἐπιγινώσκειν
3478 1752 3565 1803 τὸν
3626 1747 3902 1802 τοσούτων

657 1840 774 1880 mm
840 1826 1302 1896 ευββθάέίίιίυτοίη
1365 1845 1704 1915 ³8ηίξεοίτοῑ·
1762 1851 1927 1905 seque
1996 1834 2229 1892 θοειιίηο
2329 1845 2550 1911 ἀγαθῶν
2581 1846 2844 1915 παροχέα,
2881 1846 2974 1897 καὶ
3019 1846 3091 1908 ώς
3132 1846 3233 1898 ὑπὸ
3267 1845 3545 1911 Ascarith
3574 1842 3734 1903 αὑτός
3773 1841 3914 1905 ἐστι,

658 1919 961 1987 subjectum
998 1921 1161 1975 sciret
1196 1921 1348 1987 (libet
1382 1925 1526 1979 enim
1576 1943 1695 1980 cum
1729 1927 2118 1997 Chrysostomo
2152 1930 2231 1983 ιυ-

2343 1938 2472 1989 ιιαθοὶ
2507 1954 2669 2006 φησιν
2702 1940 2729 1990 ὁ
2760 1936 2880 2005 τὴν·
2908 1936 3158 2003 γλῶτταν
3204 1935 3464 2006 χρυσοῦς.
3496 1936 3590 1987 καὶ
3628 1932 3703 2002 μὴ
3738 1930 3915 1984 τοιοῦ-

657 2009 796 2076 qui),
830 2011 1093 2079 neuquid
1152 2011 1201 2064 ei
1256 2013 1359 2066 taie
1417 2015 1688 2070 accideret
1740 2018 2044 2087 cuiusmodi
2080 2020 2228 2083 lapsu

2343 2039 2423 2075 τον
2483 2022 2675 2075 παθεῖν
2722 2024 2780 2087 ἐξ
2838 2026 3099 2086 ἀπονοίας
3149 2027 3331 2078 ὁποῖον
3386 2022 3592 2076 ἔπαθεν
3644 2025 3670 2075 ὁ
3730 2022 3917 2073 πεσῖιν

660 2099 1217 2167 Ιιιεοῗίθνοιιειιγρηῑι,
1269 2104 1360 2174 qui
1405 2122 1722 2161 concessam
1771 2109 1874 2164 sibi
1908 2110 2130 2179 gloriam
2168 2128 2228 2165 ac

659 2191 811 2261 splen
837 2196 1002 2249 iorem
1039 2196 1181 2250 ferre
1212 2213 1320 2251 non
1356 2199 1551 2268 potuit.
1584 2201 1652 2255 At
1683 2201 1828 2256 enim
1874 2204 2001 2272 quid
2032 2221 2229 2259 serun-

659 2285 788 2337 dum
845 2286 957 2340 ha'c
1007 2288 1255 2342 factum?
1308 2292 1623 2347 mandatum
1656 2296 2057 2364 transgreditur
2088 2296 2229 2349 Ada-

659 2394 798 2438 mus.
826 2394 887 2433 ex
914 2379 1105 2433 arbore
1124 2381 1386 2451 decerpit,
1419 2384 1562 2438 illico
1594 2384 1775 2439 nudus
1800 2384 2055 2450 edicitur,
2090 2387 2233 2441 inte-

660 2472 787 2525 ritni
831 2472 885 2527 iit
930 2473 1222 2537 obnoxius,
1257 2474 1513 2543 paradiso
1547 2475 1784 2544 ejicitur,
1828 2494 1949 2533 cum
2000 2478 2108 2534 Eva
2141 2494 2235 2534 cu-

660 2564 769 2623 hat.
806 2574 914 2619 trcs
950 2565 1087 2618 lilios
1115 2564 1300 2636 gignit,
1327 2565 1578 2630 Cainum,
1604 2568 1855 2634 Abelum,
1880 2568 2124 2625 Sethum.

729 2658 905 2725 Atque
964 2657 1053 2711 hic
1106 2658 1237 2713 mihi
1303 2658 1605 2728 prudenter
1660 2660 1904 2715 animum
1943 2662 2232 2729 advortito,

660 2748 859 2803 dilecte
898 2750 992 2811 till,
1025 2766 1161 2807 neve
1198 2759 1573 2806 transversum
1606 2754 1692 2823 agi
1730 2761 1782 2808 te
1822 2754 1891 2808 ab
1936 2754 2002 2809 iis
2034 2756 2238 2825 patitor

660 2841 752 2908 qui
786 2840 1098 2909 huiusmodi
1141 2843 1425 2911 proferunt
1465 2861 1479 2895 :
1512 2841 1569 2897 Si
1603 2853 1759 2898 norat
1792 2844 1935 2898 Dens
1971 2845 2237 2901 Adamum

660 2933 918 2988 mandatu
957 2949 1064 2987 non
1115 2934 1419 3003 pariturum
1462 2934 1694 3005 ideoque
1723 2936 1970 3005 paradiso
2009 2936 2237 3006 eiicien-

659 3026 814 3087 dum,
839 3027 1191 3095 quamobrem
1227 3028 1404 3097 ipsum
1434 3028 1718 3084 condidit?
1753 3028 1961 3083 Etenim
1998 3031 2081 3085 vel
2111 3046 2237 3085 eum

661 3118 912 3173 condere-
956 3135 1067 3174 non
1114 3119 1364 3184 debebat,
1405 3120 1490 3174 vel
1540 3121 1830 3191 prohibere
1881 3134 1948 3173 ne
1986 3121 2240 3176 conditus

662 3211 844 3265 cibum
879 3212 1032 3266 illum
1062 3212 1291 3267 vetitum
1337 3211 1643 3283 attingeret
1677 3212 1786 3268 llas
1821 3213 2112 3282 Opiniones
2141 3213 2235 3283 qui

2347 2115 2679 2186 Ἐωσφόρος,
2745 2117 2843 2186 τὴν
2901 2115 3149 2169 δοθεῖσαν
3206 2114 3355 2182 αὑτῷ
3416 2112 3780 2183 λαμπρότητα
3843 2111 3918 2179 μὴ

2334 2206 2583 2277 δυνηθεὶς
2616 2208 2883 2275 ἐνεγκεῖν.
2921 2207 3082 2260 Ἀλλὰ
3129 2207 3237 2275 γὰρ
3263 2208 3386 2260 τίνα
3416 2206 3483 2258 τά
3536 2206 3676 2275 μετά
3706 2200 3915 2261 ταῦτας

2336 2296 2669 2367 Παραϐαίνει
2717 2299 2815 2370 τὴν
2864 2298 3102 2367 ἐντολὴν,
3140 2299 3371 2351 ἅπτεται
3411 2298 3506 2350 τοῦ
3550 2294 3741 2365 φυτοῦ,
3774 2311 3919 2361 γυμ-

2335 2391 2517 2445 νοῦται
2547 2391 2874 2459 τηνικαῦτα,
2903 2391 3080 2463 φθορᾷ
3121 2391 3465 2461 περιπίπτει,
3497 2386 3592 2440 τοῦ
3653 2382 3913 2454 παραδεί-

2339 2501 2432 2537 σου
2479 2483 2825 2549 ἐκϐάλλεται,
2871 2486 3127 2552 γινώσκει
3178 2484 3276 2552 τὴν
3326 2482 3489 2543 Εὕαν.
3544 2474 3710 2549 γεννᾷ
3761 2476 3912 2546 τρεῖς

2339 2577 2510 2640 υἱοὺς,
2540 2576 2629 2629 τὸν
2665 2576 2808 2631 Κάῖν
2836 2576 2929 2630 τδν
2970 2576 3127 2629 ’Λῦὲλ
3158 2576 3251 2627 καὶ
3278 2574 3367 2627 τὸν
3401 2572 3532 2644 Σήθ.

2409 2669 2651 2740 Πρόσεχε
2692 2668 2771 2735 δὲ,
2814 2670 3084 2741 ἀγαπητὲ,
3136 2671 3230 2723 καὶ
3280 2667 3356 2738 μὴ
3402 2663 3748 2735 συναρπάζου
3800 2659 3914 2722 τοῖς

2339 2758 2482 2815 οὕτω
2524 2762 2775 2832 λέγουσιν
2822 2783 2840 2815 ι
2882 2764 3054 2833 Εἴπερ
3092 2759 3207 2833 ᾔδει
3248 2760 3277 2814 ὀ
3314 2760 3447 2821 Geo;
3483 2757 3576 2811 τὸν
3617 2754 3787 2822 Ἀδὰμ
3814 2752 3917 2821 τὴν

2339 2854 2562 2924 ἐντολήν
2599 2871 2658 2906 τε
2708 2854 3116 2925 παραϐαίνοντα
3145 2852 3239 2905 καὶ
3272 2850 3368 2903 τοῦ
3404 2844 3735 2920 παραδείσου
3761 2860 3915 2912 τηνι-

2342 2946 2517 3001 καῦτα
2543 2946 2901 3009 ἐκπίπτοντα,
2932 2944 2986 2999 τί
3013 2945 3213 3016 δήποτε
3258 2944 3581 3013 παρήγαγεν
3608 2933 3768 2991 αὖτὸν
3793 2952 3808 2999 ἱ
3843 2933 3912 2984 Ἢ

2340 3038 2449 3108 γὰρ
2481 3036 2588 3091 ἐδει
2628 3037 2704 3107 μὴ
2735 3038 3079 3107 παραγαγεῖν
3120 3034 3364 3111 αὐτὸν,ἢ
3406 3029 3756 3101 παραχθέντα
3803 3044 3915 3077 κω-

2340 3129 2499 3184 λῦσαι
2530 3133 2628 3200 τῆς
2656 3130 3115 3200 ἀπηγορευμένης
3146 3126 3359 3197 ἐκείνης
3396 3125 3669 3195 βρώσεως.
3700 3138 3719 3170 ι
3743 3120 3917 3185 Ἄφες

2342 3224 2561 3286 αὐτοὺς,
2586 3222 2704 3287 εἴγε
2730 3222 2800 3274 τὰ
2828 3220 3051 3275 τοιαῦτα
3092 3219 3372 3292 φρονοῦσι,
3406 3214 3594 3270 πείθου
3621 3214 3677 3267 δὲ
3713 3211 3918 3281 μᾶλλον

663 3315 990 3375 sequuntur,
1026 3306 1223 3360 missos
1261 3302 1449 3367 tacito,
1492 3319 1555 3359 ac
1585 3304 1846 3375 Gregorio
1885 3305 2067 3376 potius
2108 3304 2239 3376 Nys-

2343 3314 2419 3383 τῷ
2486 3309 2751 3382 θειοτάτῳ
2807 3312 3093 3383 Γρηγορίῳ
3138 3311 3218 3380 τῷ
3270 3308 3491 3377 Νύσσης
3532 3305 3675 3358 οὕτω
3702 3303 3925 3371 λέγοντι

662 3412 735 3451 sa:
774 3397 989 3466 praesuli
1045 3396 1203 3451 iidem
1243 3396 1523 3459 adhibeto,
1555 3396 1721 3467 cujus
1740 3397 1856 3451 haec
1884 3398 2047 3452 verba
2080 3407 2234 3453 sunt.

661 3489 807 3545 Deus
836 3490 925 3543 ille
964 3488 1053 3557 qui
1090 3489 1269 3542 omnia
1306 3489 1477 3553 novit,
1517 3489 1659 3543 haud
1695 3488 1979 3560 ignorabat
2015 3503 2046 3543 e
2093 3489 2240 3545 bono

663 3580 1099 3634 exorbitaturum
1136 3579 1452 3645 hominem;
1510 3592 1687 3649 neque
1721 3588 1900 3632 tamen
1930 3578 2034 3632 hoc
2067 3578 2237 3649 impc-

663 3673 822 3727 divit.
849 3671 1321 3739 Quemadmodum
1350 3670 1496 3724 enim
1528 3670 1987 3725 exorbitationem
2020 3672 2237 3741 prospi-

663 3767 863 3831 eiebat,
920 3768 997 3821 sic
1038 3773 1093 3820 et
1130 3764 1538 3819 revocationem
1570 3763 1688 3835 ejus
1726 3763 1790 3817 ad
1822 3764 2023 3819 bonum
2057 3764 2241 3833 cogni-

664 3870 775 3916 tam
822 3859 1076 3913 habebat.
1109 3857 1251 3923 Quid
1300 3856 1468 3927 ergo?
1499 3858 1863 3926 praestabatne
1898 3871 2121 3927 prorsus
2148 3872 2242 3909 na-

666 3959 842 4002 turam
892 3957 1131 4001 nostram
1178 3946 1230 3999 in
1271 3954 1451 3999 ortum
1484 3959 1592 3999 non
1645 3944 1988 4015 producere,
2024 3947 2243 4015 quando

663 4046 822 4091 norat
848 4037 1125 4091 hominem
1156 4036 1301 4090 Deus
1326 4051 1355 4090 ε
1381 4036 1521 4091 bono
1543 4036 1924 4092 abcrraturum
1962 4054 1978 4091 :
2011 4052 2080 4091 an
2106 4044 2241 4093 eon-

664 4130 838 4184 cfitum
871 4138 926 4182 ct
957 4129 1012 4182 in
1054 4128 1301 4183 morbum
1337 4130 1656 4199 prolapsum
1689 4144 1881 4184 rursus
1911 4130 1976 4184 ad
2009 4130 2240 4201 primam

665 4220 894 4289 gratiam
936 4233 1031 4287 per
1064 4218 1447 4287 paenitentiam
1501 4219 1801 4273 revocare?
1830 4218 2241 4275 Praelerendum

665 4313 891 4367 onmino
930 4313 1031 4368 hoc
1062 4311 1315 4373 alterum.
1340 4312 1642 4383 praesertim
1680 4327 1803 4367 cum
1832 4321 2049 4368 constet
2076 4313 2241 4368 Deum

665 4405 906 4459 voluisse
958 4418 1069 4458 sum
1103 4403 1363 4458 bonitatis
1421 4418 1583 4457 causa
1639 4418 1817 4473 genus
1849 4404 2150 4459 humanum
2188 4405 2241 4459 in

665 4508 844 4551 «‘rtum
915 4495 1242 4566 producere,
1294 4496 1547 4565 quamvis
1599 4498 1653 4551 in
1716 4496 1968 4552 confesso
2011 4500 2083 4551 sit
2116 4512 2241 4551 eum

665 4588 1024 4643 deﬂexionem
1058 4604 1276 4659 quoque
1319 4590 1557 4643 hominis
1600 4604 1630 4643 a
1664 4604 1826 4644 cursu
1862 4598 2014 4644 recto
2046 4590 2243 4659 praevi-

2348 3424 2365 3457 ι
2405 3407 2485 3460 ὅτι
2520 3406 2618 3475 μὲν
2639 3405 3045 3474 ὲκτραπήσεται
3088 3404 3182 3455 τοῦ
3208 3400 3415 3467 ἀγαθοῦ
3450 3398 3510 3451 τὸ
3550 3395 3918 3465 ἀνθρώπινον,

2343 3495 2441 3548 οὐκ
2474 3495 2741 3564 ἠγνόησεν
2768 3496 2796 3547 ὁ
2822 3494 2891 3546 τά
2932 3495 3107 3547 πάντα
3149 3490 3303 3553 εἰδὼς
3336 3489 3489 3552 Θεός.
3521 3488 3634 3539 Οὐκ
3668 3485 3913 3538 ἐκώλυσε

2342 3588 2434 3641 δέ’
2484 3588 2672 3657 ὥσπερ
2722 3586 2830 3656 γὰρ
2866 3586 2967 3655 τὴν
3012 3582 3377 3654 παρατροπὴν
3436 3580 3722 3643 ἐθεάσατο,
3772 3577 3917 3629 οὕτω

2342 3678 2442 3747 τὴν
2492 3676 2791 3745 ἀνάκλησιν
2846 3674 3010 3728 αὑτοῦ
3063 3672 3226 3726 πάλιν
3266 3673 3365 3741 τὴν
3417 3671 3554 3741 πρὸς
3599 3671 3661 3722 τὸ
3708 3668 3920 3737 ἀγαθὸν

2344 3769 2661 3839 κατενόησε.
2699 3768 2765 3819 Τί
2790 3762 2917 3831 οῦν;
2946 3768 3201 3835 Ἄμεινον
3225 3760 3293 3834 ἦν
3323 3764 3553 3818 καθόλου
3586 3762 3660 3833 μὴ
3689 3763 3921 3829 ἀγαγεῖν

2343 3859 2445 3925 τὴν
2466 3857 2628 3925 φύσιν
2655 3856 2811 3927 ἡμῶν
2855 3856 2935 3916 είς
2974 3855 3210 3922 γένεσιν,
3239 3848 3427 3925 ἐπειδὴ
3475 3853 3570 3906 τοῦ
3599 3852 3764 3906 καλοῦ
3796 3852 3915 3904 δια-

2349 3949 2621 4021 μαρτόντα
2680 3950 2930 4017 προέγνω
2989 3948 3082 4001 τὸν
3134 3948 3446 4016 ἄνθρωπον,
3492 3947 3525 4018 ἢ
3566 3944 3919 4015 παραχθέντα

2345 4040 2440 4093 καὶ
2466 4038 2793 4107 νενοσηκότα
2840 4037 3003 4091 πάλιν
3047 4037 3184 4107 πρὸς
3214 4036 3312 4106 τὴν
3344 4035 3404 4100 ἐξ
3442 4036 3614 4105 ἀρχῆς
3647 4034 3809 4105 χάριν
3832 4032 3920 4085 διὰ

2350 4129 2637 4200 μετανοίας
2677 4128 3225 4187 ἐπανακαλέσασθαις
3274 4127 3497 4190 Πάντως
3540 4126 3601 4179 τὸ
3641 4126 3921 4194 δεύτερον.

2351 4219 2562 4282 ’Ἄλλως
2595 4236 2652 4272 τε
2682 4218 2771 4272 διὰ
2818 4218 2916 4289 τὴν
2954 4218 3121 4271 αὐτοῦ
3155 4217 3469 4287 ἀγαθότητα
3518 4217 3869 4288 παραγαγεῖν
3896 4218 3924 4269 ὁ

2347 4312 2480 4376 Θεὸς
2530 4312 2761 4381 ἠθέλησε
2804 4312 2864 4365 τὸ
2917 4311 3294 4384 ἀνθρώπινον,
3358 4311 3811 4382 ὁμολογουμένως
3866 4308 3922 4362 δὲ

2347 4406 2566 4477 προεῖδε
2610 4404 2705 4457 καὶ
2754 4404 2856 4475 τὴν
2902 4404 3275 4473 γενησομένην
3307 4400 3474 4455 αὐτοῦ
3504 4401 3921 4471 παρεκτροπήν.

2350 4498 2522 4564 Εἴπερ
2560 4492 2654 4550 οῦν
2705 4496 2767 4549 οὐ
2809 4495 3101 4564 παρήγαγε
3144 4493 3234 4546 διὰ
3264 4491 3426 4545 τοῦτο
3470 4492 3562 4546 τὸν
3609 4491 3925 4561 ἄνθρωπον,

2348 4587 2504 4641 ἐνίκα
2551 4586 2604 4640 δὲ
2653 4586 2842 4639 λοιπὸν
2878 4586 2910 4655 ὴ
2961 4584 3127 4637 κακία
3160 4581 3343 4653 ἡμῶν,
3372 4580 3448 4645 ώς
3492 4581 3521 4632 ὁ
3558 4578 3926 4649 Δαμασκηνὸς

669 4680 830 4734 disse.
870 4678 1075 4745 Quodsi
1128 4678 1264 4734 hanc
1304 4679 1375 4734 ob
1406 4695 1625 4734 causam
1660 4678 1936 4734 hominem
1969 4681 2237 4745 condidit,

2355 4680 2607 4750 Ἰωάννης
2654 4680 2825 4749 φησὶ,
2871 4676 2970 4747 τὴν
3011 4675 3329 4744 ἀγαθότητα
3384 4674 3481 4727 τοῦ
3535 4671 3695 4726 Θεοῦ.
3739 4667 3926 4725 Πάντα

668 4771 919 4841 sequitur
953 4771 1020 4825 de
1054 4770 1285 4826 Joannis
1326 4773 1651 4828 Damasceni
1703 4774 1976 4828 sententia
2022 4773 2242 4827 bonilac

670 4876 777 4917 tem
846 4862 1088 4917 divinam
1147 4878 1178 4918 a
1232 4864 1509 4932 pravitate
1584 4874 1767 4918 nostra
1849 4865 2048 4918 victam
2100 4880 2240 4919 esse.

668 4956 882 5026 Quippe
926 4956 1066 5012 Deus
1108 4956 1316 5022 omnia,
1357 4972 1480 5027 qua:
1543 4956 1691 5020 facit,
1738 4956 1878 5011 bona
1932 4956 2083 5021 facit,
2119 4972 2242 5011 cum

668 5058 920 5103 nostrum
957 5046 1190 5118 quilibet
1218 5047 1484 5102 arbitratu
1524 5056 1575 5101 et
1600 5047 1872 5101 electione
1900 5047 2117 5118 propria
2160 5047 2242 5101 vel

669 5138 735 5192 ad
766 5139 967 5193 bonum
1001 5137 1082 5193 vel
1114 5136 1179 5193 ad
1211 5137 1415 5191 malum
1450 5136 1720 5190 deﬂectat.
1749 5137 2070 5206 Quanquam
2097 5138 2241 5192 enim

668 5226 931 5282 Dominus
964 5227 1157 5281 dicat:
1200 5243 1219 5278 ι
1265 5226 1568 5281 Prsestabat
1610 5226 1684 5278 illi
1724 5227 1927 5281 homini
1982 5243 2091 5281 non
2120 5242 2241 5281 esse

669 5330 855 5374 natum
894 5318 964 5383 ⁸⁸,
1005 5336 1022 5371 ι
1058 5334 1167 5375 non
1207 5327 1387 5372 tamen
1425 5317 1529 5371 hoc
1564 5318 1633 5371 ita
1664 5316 1892 5387 profert,
1925 5318 2078 5385 quasi
2120 5333 2242 5388 pro-

669 5413 848 5481 prium
898 5410 1180 5482 opiﬁcium
1230 5411 1522 5481 vituperet,
1561 5410 1655 5464 sed
1706 5409 1947 5464 indicare
1984 5410 2095 5464 vult
2125 5425 2243 5463 eam

673 5504 1047 5569 vitiositatem,
1072 5518 1194 5573 quae
1208 5502 1430 5574 Opiilcio
1459 5502 1647 5556 divino
1678 5503 1934 5571 deinceps
1957 5502 2244 5573 ipsiusmet

644 5597 952 5661 uoluntate
995 5597 1246 5653 accessit.
1280 5594 1492 5665 Quippe
1528 5594 1579 5649 in
1615 5594 1718 5650 hoc
1752 5595 1970 5649 homine
2015 5594 2246 5665 propriae

643 5682 968 5753 "voluntatis
1000 5694 1239 5765 nequitia
1283 5693 1486 5748 fecerat
1533 5699 1593 5746 ut
1633 5691 1679 5747 ei
1720 5689 2044 5747 beneﬁcium
2089 5688 2241 5758 opili-

740 5857 785 5890 ⁸⁸
821 5857 1010 5915 Matth.
1059 5874 1203 5913 xxvi.
1241 5857 1329 5910 ‘25.

2347 4774 2445 4841 μὲν
2474 4772 2567 4826 οῦν
2593 4772 2734 4827 καλὰ
2757 4770 2954 4825 ποιεῖ-ὸ
2979 4768 3250 4834 Θεὸς,δσα
3276 4768 3340 4838 δὴ
3368 4770 3462 4822 καὶ
3495 4770 3659 4832 ποιεῖ,
3691 4766 3925 4829 ἕκαστος

2343 4865 2400 4918 δὲ
2434 4863 2592 4932 ήμῶν
2641 4863 2700 4928 ἐξ
2748 4863 2956 4923 οίκείας
3004 4859 3385 4930 προαιρέσεως
3420 4856 3658 4909 ἐκκλίνει
3690 4854 3832 4926 πρός
3863 4870 3925 4921 γε

2343 4953 2404 5006 τδ
2457 4953 2623 5005 καλὸν
2674 4951 2707 5020 ἢ
2754 4951 2814 5003 τὸ
2870 4949 3057 5004 κακόν.
3092 4950 3155 5002 Ei
3205 4947 3314 5017 γὰρ
3345 4945 3487 4999 καὶ(
3537 4943 3805 5018 συνέφερε
3849 4948 3928 5017 τῷ
4012 4952 4015 4955 λ

2346 5044 2622 5116 ἀνθρώπῳ
2656 5044 2704 5097 εί
2753 5045 2853 5096 οὐκ
2895 5042 3160 5113 ἐγεννήθη
3202 5060 3220 5092 ι
3271 5041 3438 5111 φησὶν
3487 5043 3768 5112 ῥΚὺριος,
3809 5044 3927 5096 ἀλλ’

2350 5140 2413 5193 οὺ
2454 5138 2553 5208 τὴν
2590 5136 2795 5190 οἰκείαν
2840 5136 3201 5206 δημιουργίαν
3258 5136 3501 5199 κακίζων
3548 5137 3756 5203 ἔλεγεν,
3792 5138 3930 5192 ἀλλὰ

2351 5231 2452 5301 τὴν
2519 5228 2576 5292 ἐξ
2642 5228 2849 5289 οἰκείας
2928 5227 3303 5297 προαιρέσεως
3382 5228 3781 5299 ἑπιγενομένην
3851 5230 3929 5300 τῷ

2356 5321 2616 5388 κτίσματι
2654 5318 2815 5370 αὑτοῦ
2853 5318 3070 5369 κακίαν.
3118 5315 3181 5369 Ἠ
3210 5319 3319 5387 γὰρ
3345 5318 3444 5387 τῆς
3467 5319 3669 5381 οίκείας
3700 5319 3926 5390 γνώμης

2355 5411 2600 5483 ῥᾳθυμία
2646 5409 2918 5479 ἄχρηστον
2958 5407 3106 5474 αὐτῷ
3154 5410 3252 5476 τὴν
3278 5408 3370 5461 τοῦ
3404 5409 3738 5479 δημιουργοῦ
3771 5410 3930 5482 εὐερ-

2350 5502 2540 5571 γεσίαν
2594 5500 2837 5570 ἐποίησε,
2897 5499 3086 5568 ὥσπερ
3145 5495 3238 5552 οὖν
3292 5500 3387 5552 καὶ
3444 5500 3529 5568 ἐφ’
3563 5502 3717 5569 ἡμῶν
3747 5501 3931 5555 αὐτῶν

2350 5594 2494 5647 ἐστιν
2520 5595 2665 5645 ἰδεῖν.
2700 5596 2809 5647 Καὶ
2838 5595 3092 5662 πρόσχες,
3126 5593 3172 5644 εί
3211 5591 3409 5659 βούλει,
3440 5594 3552 5654 τοῖς
3587 5591 3928 5664 λεγομένοις.

2350 5687 2728 5755 Εὑεργετῆσαι
2760 5686 2929 5738 θέλων
2957 5688 2982 5737 ὀ
3024 5684 3280 5753 βασιλεὺς
3306 5684 3413 5737 τῶν
3448 5686 3552 5737 ὑπὸ
3594 5687 3756 5755 χεῖρά
3804 5704 3929 5740 τινα
