4204 6450
314 342 420 407 205

1581 358 1998 424 ΑΝΝΛῙᾸΗΜ
2041 366 2243 427 PARS.
2272 368 2318 430 Ι.

3445 381 3555 447 206

318 454 579 526 μεγίστην
627 455 776 527 αὐτῷ
832 459 1124 532 ἐγχειρίζει
1180 463 1372 540 ἀρχὴν.
1430 466 1539 519 Καὶ
1584 470 1643 531 ὃς
1687 472 1912 528 αὐτίκα,

2013 474 2067 530 :is
2096 492 2206 531 non
2240 462 2523 546 prodesset
2576 481 2728 538 Licet
2772 484 2823 539 id
2856 486 3019 541 etiam
3068 490 3119 543 in
3156 492 3361 545 nostris
3392 496 3554 551 rebus

313 547 449 616 πρὸς
482 547 541 599 τὸ
572 546 702 617 ὕψος
735 550 940 605 ἀπιδὼν
992 554 1090 622 τῆς
1131 556 1326 625 ἀρχῆς,
1359 557 1552 628 καὶμὴ
1584 559 1881 628 δυνάμενος

313 636 579 704 δνεγκειΐν,
618 640 904 711 ἐπαίρεται
951 645 1082 697 καθ’·
1130 648 1340 712 ἑαυτὸν,
1388 650 1563 720 ἡσυχῇ
1612 652 1882 720 καθῆσθαι

310 730 417 782 οὐκ
444 731 715 800 ἀνέχεται,
745 735 1078 801 φαντάζεται
1110 739 1177 791 τὰ
1214 740 1353 809 ὑπὲρ
1384 743 1569 805 αὐτὸν,
1602 745 1882 811 τυραννίδι

312 818 575 887 κέχρηται
605 820 701 873 καὶ
746 824 824 884 είς
863 824 1197 879 ἀποστασίαν
1232 831 1419 897 χωρεῖ.
1452 829 1517 881 Τί
1549 831 1609 881 τὸ
1637 832 1728 882 ἐπὶ
1758 832 1882 883 τού-

313 927 463 975 τοιςε
519 910 781 980 Ἀχθεται
840 914 868 965 6
928 914 1176 984 βασιλεὺς
1250 920 1309 971 οὐ
1385 924 1591 989 μικρῶς
1659 922 1748 973 ἐπὶ
1806 923 1883 991 τῷ

315 1001 621 1069 πράγματι,
661 1003 1021 1075 δυσχεραίνει.
1081 1008 1146 1061 Τί
1201 1009 1392 1074 τοῦτο;
1446 1012 1609 1077 Λέγει
1637 1029 1651 1045 ·
1695 1014 1813 1073 πῶς
1858 1015 1885 1065 6

315 1091 610 1158 ἀχάριστος
650 1094 749 1160 τὴν
794 1094 1130 1148 ἐπελθοῦσαν
1172 1098 1319 1164 αὐτῴ
1364 1099 1522 1163 δόξαν
1559 1102 1635 1161 είς
1664 1102 1880 1164 ἀδοξίαν

317 1181 687 1249 μετέστρεψες
721 1182 827 1234 Καὶ
870 1182 1013 1236 θέλει
1058 1186 1153 1251 μὲν
1187 1188 1261 1257 μὴ
1302 1189 1547 1241 καθελεῖν
1578 1191 1666 1241 τὸν
1708 1192 1885 1255 ἀγνώ-

318 1292 475 1341 μονα,
500 1277 909 1344 καταφρονῆσαι
955 1277 1009 1328 δὲ
1047 1278 1196 1345 ὅμως
1240 1278 1336 1343 τῆς
1365 1281 1672 1349 τυραννίδος
1702 1284 1761 1333 οὐ
1794 1284 1884 1336 δύ-

316 1368 494 1425 ναται.
524 1365 813 1434 Χειροῦται
860 1367 950 1419 τὸν
990 1368 1301 1439 ἀποστάτην
1343 1370 1547 1434 λοιπὸν,
1584 1374 1683 1440 τῆς
1730 1375 1885 1438 ἀξίας

316 1456 625 1526 ἀπογυμνοῖ
656 1458 751 1510 καὶ
783 1459 1054 1528 δριμείαις
1102 1460 1395 1515 ὑποϐάλλει
1440 1467 1674 1526 ποιναῐς,
1713 1466 1884 1518 ἐνίοτε

317 1546 376 1598 δὲ
404 1550 495 1598 καί
523 1547 622 1615 τῆς
652 1548 931 1619 παρούσης
957 1550 1236 1625 Δὑῖτεξόιγει
1281 1552 1446 1620 ζωῆς.
1479 1554 1748 1625 Συνέφερε
1776 1557 1886 1607 λοι-

320 1638 421 1690 πον
452 1639 600 1709 αὑτῷ
632 1642 706 1710 μὴ
734 1623 987 1706 δέξασθαι
1015 1643 1163 1712 παρά
1190 1642 1453 1712 βασιλέως
1488 1623 1700 1723 ἀρχὴν,
1726 1647 1885 1717 εἴπερ

317 1731 577 1792 ἀπονοίας
625 1734 788 1785 αὐτοῦ
844 1734 1066 1788 τοιαῦτα
1115 1736 1311 1816 παθεῖν.
1354 1737 1715 1792 ἐκινδύνευσε.
1749 1740 1886 1810 Πρό-

1986 568 2332 636 conspicere.
2371 585 2437 624 ac
2470 571 2738 640 siquidem
2770 576 2980 643 libebit,
3003 581 3243 635 animum
3277 588 3549 654 exemplo,

1985 659 2131 725 quod
2155 659 2537 727 indicabimus,
2558 666 2850 723 advertito.
2874 669 2981 725 Fac
3003 686 3124 727 esse
3148 690 3327 743 regem
3359 692 3553 746 quem-

1984 747 2130 812 dam,
2165 751 2255 818 qui
2288 751 2523 820 aliquem
2564 771 2595 810 e
2624 756 2857 813 subditis
2889 759 3253 817 beneficentia
3285 766 3549 835 singulari

1983 838 2341 895 cobonestare
2372 843 2559 899 volens
2586 847 2736 920 101
2768 851 3141 919 magistratum
3171 856 3218 909 ei
3252 858 3550 913 maximum

1986 928 2182 981 tradat.
2217 928 2307 984 Ille
2360 948 2481 986 mox
2530 937 2594 988 ad
2644 938 2977 1004 praefecturae
3005 957 3115 997 suae
3161 946 3550 1002 sublimitatem

1988 1021 2350 1088 respiciendo,
2387 1040 2510 1078 cum
2560 1027 2680 1095 ejus
2727 1032 2924 1085 molem
2979 1037 3249 1091 sustinere
3294 1048 3551 1105 nequeat,

1986 1111 2130 1176 apud
2172 1114 2522 1183 semetipsum
2552 1118 2734 1174 animo
2773 1122 2979 1188 efferri,
3013 1127 3195 1194 quiete
3235 1131 3415 1185 vivere
3445 1148 3555 1186 non

1986 1216 2185 1269 posse,
2227 1205 2434 1274 majora
2485 1223 2545 1262 se
2586 1212 2919 1280 cogitatione
2967 1219 3277 1287 concipere,
3314 1224 3557 1290 tyranni-

1985 1294 2107 1349 dem
2140 1298 2454 1363 'usurpare,
2499 1300 2566 1354 ad
2614 1302 2973 1361 defectionem
3008 1312 3277 1379 progredi.
3306 1314 3449 1377 Quid.
3471 1332 3557 1368 se—

1986 1381 2225 1436 cundum
2268 1386 2413 1440 haec?
2455 1404 2549 1441 rex
2586 1389 2879 1461 indignari,
2917 1411 3029 1450 rem
3068 1415 3175 1452 non
3210 1416 3399 1472 parum
3439 1420 3557 1456 mo-

1986 1469 2126 1526 leste
2157 1473 2325 1536 ferre.
2363 1492 2548 1533 secum
2594 1482 2711 1549 ipse
2760 1487 2945 1540 dicere
2976 1503 2988 1538 :
3023 1489 3151 1555 quid
3212 1469 3357 1545 ltoc?
3412 1494 3557 1549 itane

1989 1562 2153 1616 bomo
2196 1565 2442 1631 ingratus
2474 1568 2725 1636 gloriam,
2760 1587 2922 1640 quam
2979 1592 3011 1631 a
3044 1580 3197 1633 nobis
3249 1592 3333 1635 est
3360 1598 3558 1637 conse-

1988 1665 2167 1714 cutus,
2201 1671 2322 1708 cum
2358 1656 2580 1713 infamia
2605 1667 3005 1719 commutavit?
3055 1668 3228 1723 Simul
3263 1687 3327 1726 eo
3355 1675 3555 1742 praedi-

1990 1751 2079 1796 tus
2113 1755 2197 1798 est
2248 1747 2432 1801 animo
2485 1760 2539 1802 ut
2608 1752 2980 1811 immemorem
3024 1758 3272 1826 beneficii
3329 1765 3561 1831 perdere

321 1838 446 1890 σεχε
495 1820 609 1884 οὖν,
640 1824 908 1892 ἀγαπητὲ.
945 1828 1036 1877 καὶ
1086 1827 1162 1895 μὴ
1217 1812 1565 1906 συναρπαζου
1606 1833 1714 1892 τοίς
1765 1832 1885 1883 ἐπι-

3148 1812 3153 1813 ,
3329 1812 3560 1831 τμη--

2013 1836 2158 1901 tulit;
2192 1853 2369 1907 neque
2398 1851 2575 1894 tamen
2611 1848 3018 1915 usurpationem
3048 1854 3356 1920 tyrannidis
3390 1857 3563 1910 omni-

318 1910 563 1979 χειροῦσι
634 1916 733 1975 τὰς
803 1913 953 1976 Θείας
1021 1918 1332 1985 οἰκονομίας
1387 1917 1885 1985 πολυπραγμονεῖν.

320 2001 395 2052 Οὐ
422 2001 529 2072 γὰρ
555 2004 584 2071 ἡ
617 2005 904 2075 εὐεργεσία
934 2006 1027 2059 τοῦ
1058 2008 1193 2061 Θεοῦ
1224 2010 1481 2078 πρόξενος
1509 2011 1639 2079 ἡμῖν
1676 2010 1884 2077 γίνεται

320 2094 430 2143 τῷν
473 2092 683 2158 δεινῶν,
716 2097 829 2149 ἀλλ’
879 2099 910 2165 ἡ
963 2100 1205 2170 ῥᾳθυμία
1264 2102 1479 2164 πάντως
1528 2100 1686 2171 ἡμῶν
1727 2104 1883 2174 καὶὴ

319 2183 465 2243 κατὰ
489 2187 715 2256 γνώμην
745 2189 835 2240 ἐπὶ
864 2189 922 2240 τὸ
953 2193 1135 2261 χεῖρον
1164 2193 1328 2261 ὁρμή.

1994 1941 2066 1980 no
2096 1929 2369 1998 negligere
2404 1933 2594 1999 possit.
2633 1935 2973 2006 Quapropter
3014 1942 3347 1999 desertorem
3406 1962 3558 1999 suam

1991 2111 2249 2177 gravibus
2283 2114 2522 2185 snbjicit,
2554 2134 2946 2191 nonnunquam
2980 2136 3036 2179 et
3068 2128 3229 2182 vitam
3267 2130 3315 2182 ei
3348 2133 3558 2186 adimit.

1988 2199 2267 2270 Ejusmodi
2325 2206 2532 2260 homini
2578 2213 2830 2279 expediat
2892 2217 3267 2287 magistratum
3316 2222 3497 2288 potius
3531 2240 3556 2275 a

323 2296 450 2349 rege
497 2298 607 2336 non
650 2286 948 2355 accepisse,
1021 2304 1182 2357 quam
1240 2290 1451 2344 insania
1518 2293 1739 2362 propria
1771 2294 1973 2350 talibus
2012 2313 2072 2352 se
2118 2300 2275 2354 malis
2314 2311 2368 2357 et
2416 2305 2676 2372 periculis
2720 2286 3018 2377 exponere.
3047 2312 3153 2367 Fac
3190 2313 3353 2383 igitur
3384 2317 3564 2371 consi-

321 2372 513 2427 derate
564 2391 715 2445 agas,
766 2379 967 2433 dilecte
1010 2380 1121 2444 fili,
1168 2397 1268 2436 nec
1302 2382 1479 2452 abripi
1532 2393 1584 2439 te
1633 2401 1757 2440 cum
1785 2388 1892 2443 illis
1930 2400 2118 2459 patere
2165 2394 2259 2462 qui
2326 2396 2554 2450 consilia
2605 2399 2787 2453 divina
2821 2402 3038 2459 curiose
3102 2410 3433 2476 perscrutari
3469 2426 3563 2463 co—

321 2475 545 2520 nantur.
583 2468 715 2524 Nam
777 2471 872 2526 llei
940 2473 1300 2528 beneficentia
1357 2492 1699 2547 nequaquam
1746 2480 1887 2536 mala
1938 2485 2096 2539 nobis
2141 2487 2417 2553 conciliat,
2457 2490 2551 2544 sed
2617 2491 2841 2548 omnino
2884 2496 3132 2552 secordia
3172 2508 3358 2555 nostra
3391 2516 3566 2570 spon-

325 2566 593 2628 taneaque
632 2562 699 2616 ad
739 2564 929 2619 vitium
976 2567 1279 2625 inclinatio.

407 2678 549 2731 Ἀλλ’
581 2678 701 2733 οὐδὲ
730 2681 974 2736 κωλῦσαι
1008 2686 1099 2741 τὸν
1127 2687 1415 2759 ἄνθρωπον
1444 2694 1709 2764 ἔπρεπεν,
1732 2698 1899 2765 ἡνίκα

326 2768 388 2821 τδ
446 2770 613 2839 φυτὸν
665 2772 935 2843 ἐπεγείρει
1000 2782 1216 2845 φαγεῖν.
1264 2782 1385 2845 Πῶς
1433 2785 1564 2855 γὰρ,
1616 2789 1773 2859 εἴπερ
1803 2791 1901 2842 αὐ-

325 2859 599 2927 τεξούσιος
633 2861 731 2938 iv;
770 2867 829 2917 ΕΞ
893 2868 993 2937 γὰρ
1041 2872 1391 2926 ἀναστέλλειν
1434 2876 1625 2946 ἔμελλε
1673 2881 1765 2931 τὸν
1809 2879 1903 2937 ἀν·

328 2954 547 3022 θρωπον
602 2959 629 3010 6
684 2956 835 3031 Θεὸς,
867 2960 1029 3029 ἡνίκα
1089 2961 1278 3017 τοῦτον
1337 2966 1484 3037 ἑώρα
1534 2972 1633 3039 τῆς
1684 2970 1901 3032 εὐθείας

2066 2693 2180 2749 Nec
2202 2696 2567 2752 conveniebat
2597 2696 2764 2752 [leum
2810 2700 3086 2759 hominem
3118 2701 3404 2771 impedire,
3438 2721 3562 2760 eum

1998 2788 2143 2845 vesci
2178 2782 2262 2843 de
2286 2789 2482 2847 arbore
2514 2790 2841 2847 conabatur.
2883 2792 2998 2844 Cur
3034 2794 3180 2847 enim
3238 2796 3289 2849 id
3339 2797 3499 2850 fat-er.
3525 2810 3564 2859 t.

1997 2878 2090 2950 qui
2141 2879 2416 2937 hominem
2464 2881 2718 2946 libertate
2760 2882 3054 2937 voluntatis
3094 2887 3379 2953 praeditum
3418 2904 3569 2940 erm.

1997 2970 2188 3025 verat?
2217 2972 2419 3043 quippe
2470 2973 2516 3027 si
2566 2975 2843 3032 retrahere
2892 2975 3211 3031 decreverat
3264 2980 3562 3042 hominem.

328 3042 450 3097 ὀδοῦ
500 3045 691 3119 πόρρόω
740 3048 1059 3119 φερόμενον,
1112 3051 1213 3104 ποῦ
1263 3053 1449 3108 λοιπὸν
1507 3058 1796 3127 ὲθεωρεϊτο
1840 3057 1902 3110 τδ

2013 3042 2411 3136 quamprimum
2453 3073 2708 3119 cerneret
2740 3080 2865 3120 eum
2907 3068 2973 3122 de
3014 3069 3097 3121 via
3136 3080 3282 3124 recta
3315 3072 3570 3127 deﬂecte-

330 3138 530 3205 npoa’m
561 3137 707 3203 αὐτῷ
736 3137 953 3207 λογικόν
977 3158 992 3206 ;
1035 3141 1145 3196 Ποῦ
1186 3143 1242 3197 δὲ
1271 3145 1332 3197 τὸ
1375 3148 1740 3214 αὐτεξούσιον,
1763 3151 1817 3204 εί
1836 3167 1898 3216 γε

328 3230 428 3298 τῆς
467 3228 664 3295 ἀλόγου
694 3229 912 3299 φύσεώς
942 3233 1060 3287 ἐστι
1095 3238 1153 3288 τὸ
1195 3237 1513 3309 ἀϐουλήτως
1540 3235 1639 3293 ὧδε
1676 3243 1899 3296 κάκεῖσε

332 3324 695 3392 περιάγεσθαι
731 3343 792 3379 τε
824 3329 919 3381 καὶ
956 3333 1395 3402 μεταφέρεσθαις
1437 3334 1610 3407 Εἴπερ
1633 3336 1903 3398 ἐκωλύετο

336 3414 410 3484 μὴ
443 3415 781 3485 ἁμαρτάνειν
813 3420 841 3471 ὁ
875 3421 1180 3491 ἄνθρωπος,
1227 3426 1328 3480 ποῦ
1375 3428 1561 3481 λοιπὸν
1613 3431 1646 3499 ἡ
1697 3432 1899 3500 aps-cf];

333 3506 441 3561 Ποῦ
465 3507 523 3560 δὲ
548 3509 643 3561 καὶ
669 3510 719 3562 οἱ
751 3510 841 3564 διὰ
873 3513 1076 3585 ταύτην
1116 3517 1382 3588 διδόμενοι
1414 3522 1664 3589 στέφανοι
1690 3538 1705 3587 ;
1749 3522 1902 3577 Κατὰ

332 3600 386 3652 τί
430 3600 488 3653 δὲ
537 3600 631 3652 καὶ⁵
679 3603 715 3672 ἠ
760 3603 1005 3672 βασιλεία
1048 3606 1156 3661 τῶν
1190 3610 1437 3681 οὐρανῶν
1485 3594 1719 3669 ἔπαθλον
1753 3614 1902 3681 αὐτῷ

335 3691 657 3760 πρόκειται,
709 3695 820 3761 είγε
879 3696 953 3766 μὴ
1018 3700 1220 3778 σπουδῇ
1280 3704 1376 3756 καὶ
1426 3703 1517 3775 βία
1578 3706 1670 3758 καὶ
1721 3707 1899 3778 ἀγαθῇ

336 3784 658 3852 προαιρέσει
703 3784 798 3837 τοῦ
842 3776 1050 3854 ἀγαθοῦ
1099 3791 1309 3858 γένοιτο
1358 3793 1620 3864 μότοχοςς
1652 3796 1768 3850 Οὐκ
1796 3776 1901 3852 ἔδει

334 3874 565 3929 κωλύειν
610 3876 792 3943 αὐτὸν,
824 3878 911 3932 ἵνα
960 3880 1036 3950 μὴ
1072 3884 1189 3945 τοῖς
1218 3884 1435 3952 ἀλόγοις
1473 3889 1503 3939 6
1535 3888 1749 3955 λογικὸς
1774 3890 1902 3941 ὲναο

337 3966 549 4036 ρίθμιος
598 3971 843 4038 γένηται,
874 3970 972 4025 ἅτε
1019 3971 1083 4042 δὴ
1125 3973 1202 4044 μὴ
1233 3976 1571 4047 κεκτημένος
1610 3978 1709 4047 τὴν
1742 3979 1904 4050 χάριν

336 4060 435 4125 τῆς
464 4058 963 4130 αὐτεξουσιότητος.
998 4064 1159 4117 Κατὰ
1195 4065 1355 4118 τοῦτο
1400 4069 1494 4120 καὶ
1523 4070 1551 4120 6
1587 4070 1762 4137 μέγας
1798 4071 1905 4123 Βα-

340 4150 534 4212 σίλειος
582 4151 724 4203 οὕτω
777 4154 965 4222 φησίν·
997 4172 1016 4205 ι
1061 4154 1119 4208 Ὀ
1158 4154 1350 4224 λέγων,
1390 4158 1477 4211 ἵνα
1504 4160 1556 4211 τί
1593 4159 1670 4230 μὴ
1705 4176 1904 4213 κατεσ-

336 4244 568 4297 κεύασεν
613 4246 1034 4315 ἀναμαρτήτους
1080 4248 1229 4317 ἡμᾶς
1261 4249 1289 4301 6
1336 4249 1490 4314 Θεὸς,
1525 4252 1676 4304 οὐδὲν
1716 4251 1905 4323 ἕτερον

335 4333 368 4401 ἢ
419 4332 518 4403 τὴν
560 4331 751 4401 ἄλογον
790 4332 952 4405 φύσιν
994 4334 1094 4404 τῆς
1138 4335 1361 4404 λογικῆς
1414 4343 1656 4411 προτιμᾷ
1690 4343 1781 4394 καὶ
1808 4343 1905 4413 τὴν

2004 3167 2086 3231 re,
2115 3168 2350 3222 quanam
2401 3169 2460 3209 re
2502 3156 2582 3210 vis
2630 3156 2857 3211 rationis
2899 3158 3084 3213 indita:
3127 3159 3333 3215 bomitti
3382 3164 3569 3218 decla—

2002 3260 2123 3303 rare
2168 3260 2227 3302 se
2258 3246 2574 3319 potuisset?
2627 3248 2741 3313 Qua
2787 3249 2914 3307 item
2952 3250 3120 3305 libera
3166 3253 3461 3309 voluntatis
3490 3256 3572 3310 fa-

2004 3337 2220 3403 cultas?
2247 3341 2547 3407 prazsertitn
2591 3357 2716 3395 cura
2748 3351 2957 3401 natura:
3001 3344 3173 3397 brutus
3209 3346 3281 3399 sit
3313 3362 3377 3402 ac
3409 3349 3573 3403 ratio-

2002 3444 2074 3483 ne
2112 3430 2375 3493 carentis,
2413 3442 2609 3502 praeter
2647 3434 2814 3486 animi
2850 3434 3185 3492 voluntatem
3224 3439 3327 3492 huc
3352 3448 3406 3492 et
3441 3439 3570 3495 illuc

2003 3521 2339 3579 circumduci
2396 3530 2452 3574 et
2516 3523 2820 3577 transferri.
2878 3524 3251 3580 Consimiliter
3306 3529 3350 3582 si
3409 3530 3571 3584 homo

2005 3612 2198 3667 fuisset
2231 3613 2524 3682 impeditus
2545 3615 2840 3682 quominus
2870 3616 3224 3685 delinquerot,
3251 3620 3374 3688 quis
3404 3621 3573 3674 virtu-

2005 3704 2046 3760 ti
2078 3705 2233 3761 locus
2262 3705 2459 3761 fuisset
2496 3707 2780 3779 reliquus?
2826 3708 2961 3773 Quis
2995 3712 3213 3764 coronis
3259 3726 3378 3779 qum
3407 3728 3575 3781 prop-

2007 3806 2092 3851 ter
2114 3797 2256 3852 bane
2284 3798 2700 3855 conceduntur?
2728 3798 2838 3853 Cur
2860 3816 3086 3870 regnum
3113 3803 3334 3857 cmleste
3368 3805 3574 3857 homini

2006 3905 2108 3945 ceu
2165 3892 2448 3963 praemium
2510 3892 2850 3959 propositum
2891 3893 2984 3955 sit,
3043 3894 3313 3961 siquidem
3347 3910 3575 3949 necesse

2006 3996 2118 4042 non
2154 3981 2322 4036 habet
2348 3990 2407 4047 ut
2440 3984 2558 4052 ejus
2597 3982 2781 4036 studio
2823 3998 2947 4048 suo,
2992 3985 3064 4049 vi,
3105 3986 3367 4054 praeclaro
3410 3987 3576 4047 animi

2009 4073 2288 4143 proposito
2319 4073 2590 4144 particeps
2620 4073 2756 4127 fiat?
2816 4076 3199 4144 lmpediendus
3240 4077 3452 4130 scilicet
3483 4077 3580 4130 ho-

2007 4178 2099 4219 mo
2152 4178 2261 4218 non
2290 4172 2429 4226 erat,
2478 4178 2549 4218 ne
2578 4164 2669 4234 qui
2700 4166 2927 4219 rationis
2956 4174 3074 4220 erat
3106 4181 3351 4235 compos,
3392 4168 3581 4221 bruto-

2008 4271 2130 4311 rum
2186 4255 2244 4310 in
2290 4271 2582 4312 numerum
2641 4256 2959 4320 referretur,
3019 4273 3143 4312 cum
3200 4260 3467 4314 libertatis
3524 4260 3581 4312 in

2009 4348 2221 4418 agendo
2278 4348 2603 4403 beneficium
2666 4349 2995 4418 possideret.
3057 4352 3316 4405 Eamdem
3359 4361 3585 4405 senten-

333 4424 593 4495 ἀκίνητον
629 4424 723 4478 καὶ
756 4427 1063 4498 ἀνόρμητον
1104 4428 1207 4499 τῆς
1236 4436 1642 4526 ,προαιρετικῆς
1679 4439 1773 4491 καὶ
1804 4438 1904 4505 ὲμ-

2013 4438 2139 4493 tiam
2166 4453 2395 4510 magnus
2430 4439 2661 4493 Basilius
2690 4441 2872 4495 verbis
2923 4442 3073 4495 hisce
3107 4442 3362 4496 disserit:
3400 4458 3419 4494 ι
3453 4440 3587 4505 Qui.

337 4517 606 4584 πράκτου.
644 4535 663 4568 ι

2018 4544 2237 4598 cunque
2267 4540 2422 4599 rogat
2452 4546 2549 4585 cur
2582 4546 2684 4586 nos
2720 4530 2864 4586 Deus
2903 4547 3014 4587 non
3067 4533 3141 4587 ita
3188 4533 3497 4588 condiderit
3525 4540 3588 4585 ut

339 4625 568 4679 peccare
595 4628 702 4668 non
740 4630 1045 4695 possemus,
1097 4620 1157 4677 is
1189 4620 1327 4675 nibil
1388 4620 1518 4676 facit
1546 4621 1691 4683 aliud
1743 4637 1908 4691 quam
1947 4626 2089 4694 quod
2165 4635 2413 4683 naturam
2473 4627 2688 4681 brutam
2719 4628 2948 4687 rationis
2978 4629 3226 4699 participi
3271 4640 3325 4685 et
3347 4645 3413 4684 ex
3446 4646 3586 4702 prae-

338 4703 541 4773 scripto
568 4692 787 4763 virtutis
820 4709 1002 4777 agenti
1037 4707 1273 4777 praefert.
1308 4718 1353 4764 ι’

412 4821 827 4891 ιίαραχωρετται
868 4824 1058 4899 λοιπὸν
1084 4826 1114 4877 6
1156 4825 1351 4896 Ἀδὰμ,
1384 4827 1615 4882 ἅπτεται
1662 4830 1758 4882 τοῦ
1812 4850 1913 4901 (po-

276 4941 286 4948 -
338 4914 455 4976 τοῦ,
491 4914 814 4983 γυμνοῦται,
869 4917 1213 4987 παραχρῆμα
1263 4920 1595 4990 παραδείσου
1639 4924 1913 4993 ὲξόριστος

346 5007 575 5071 γίνεται.
608 5003 674 5057 Τί
728 5007 789 5064 τὸ
836 5008 929 5060 ἐπὶ
981 5009 1227 5077 τούτοις;
1263 5010 1326 5063 Oi
1378 5013 1477 5081 τῆς
1525 5014 1704 5083 ψυχῆς
1746 5015 1912 5068 αὐτοῦ

340 5096 699 5165 διανοίγονται
728 5099 1020 5167 ὀφθαλμοὶ,
1049 5101 1343 5155 κάντεῦθεν
1371 5105 1473 5174 ὁρᾷ
1512 5104 1771 5174 καθαρῶς
1804 5100 1913 5158 οἷον

341 5188 546 5256 ἀγαθόν
577 5192 724 5242 ἐστιν
751 5192 783 5260 ἡ
809 5192 909 5261 τῆν
938 5193 1160 5261 ἐντολῆς
1199 5194 1416 5264 φυλακὴ
1460 5196 1555 5248 καὶ
1591 5196 1716 5249 ὅσον
1756 5193 1913 5262 αὖθις

342 5280 513 5337 κακὸν
560 5281 594 5351 ἠ
641 5282 846 5348 ταύτης
902 5284 1236 5353 παράσασις.
1270 5284 1411 5346 Οὐδὲ
1464 5285 1573 5357 γὰρ
1631 5286 1691 5339 τὸ
1746 5287 1911 5355 φυτὸν

341 5372 537 5428 ίκεϊνο,
571 5372 715 5426 καθά
747 5389 912 5441 φησιν
947 5374 1214 5442 Ἰώσηπος
1255 5378 1350 5429 καὶ
1380 5376 1651 5446 Νεμέσιος
1685 5378 1713 5429 6
1753 5378 1916 5447 Ἐμέ-

344 5480 445 5533 σης
471 5463 791 5527 ὶπίσκοπος,
814 5464 1072 5535 τοιαύτην
1099 5461 1213 5535 εἶχε
1244 5466 1406 5535 φύσιν
1439 5468 1582 5520 ὥστε
1614 5473 1725 5529 τοῖς
1757 5470 1922 5523 ἀπτο-

349 5556 535 5625 μινοις
566 5554 731 5609 αὐτοῦ
759 5556 1017 5625 φρόνησιν
1050 5559 1248 5611 ἐνιέναι
1282 5559 1376 5612 τοῦ
1412 5561 1473 5613 τὸ
1511 5560 1679 5613 κιλὸν
1716 5560 1918 5614 εἰδέναι

347 5648 446 5700 καὶ
492 5647 748 5716 πονηρόν.
782 5646 843 5701 Et
893 5650 1001 5719 γὰρ
1034 5649 1189 5715 ξύλον
1239 5651 1374 5703 αὐτὸ
1428 5650 1751 5721 γνώσεωςὴ
1788 5654 1918 5720 ἀγία

349 5738 714 5810 κατονομάζει
743 5740 956 5811 Γραφὴ,
989 5741 1104 5795 ἀλλ’
1131 5743 1197 5796 οὐ
1226 5742 1312 5798 διὰ
1346 5742 1500 5797 τοῦτο
1537 5746 1629 5797 καὶ
1659 5744 1916 5815 τοιαύτην

2084 4828 2450 4898 Quamobrem
2502 4829 2744 4884 Adamus
2789 4828 3016 4884 arbitrio
3064 4845 3165 4885 suo
3224 4833 3585 4905 relinquitur,

2012 4923 2266 4977 arborem
2306 4922 2545 4991 attingit.
2585 4920 2852 4974 continuo
2903 4922 3078 4975 nudus
3126 4922 3378 4992 efﬁcitur,
3412 4929 3587 4997 deque

2012 5011 2269 5081 paradiso
2306 5011 2625 5079 expellitur.
2657 5009 2797 5074 Quid
2835 5010 2961 5063 inde
3006 5013 3297 5081 sequitur?
3331 5018 3590 5087 aperiun-

2015 5113 2102 5158 tur
2130 5104 2296 5158 animi
2333 5104 2453 5172 ejus
2500 5102 2665 5165 oculi,
2703 5118 2812 5170 quo
2866 5103 3013 5157 facto
3066 5114 3332 5172 quantum
3386 5110 3587 5163 bonum

2020 5207 2160 5251 esset
2213 5196 2523 5249 observatio
2570 5194 2815 5248 mandati
2868 5195 3166 5268 perspicit,
3216 5210 3593 5268 quantumque

2023 5296 2210 5341 contra
2249 5286 2406 5355 102
2437 5285 2639 5339 malum
2692 5284 2937 5354 ejusdem
2993 5286 3237 5362 violatio.
3283 5286 3393 5342 Nec
3445 5293 3592 5344 enim

2018 5378 2183 5431 arbor
2224 5376 2338 5440 illa,
2380 5375 2842 5445 quemadmodum
2883 5375 3153 5446 Josepbus
3204 5387 3257 5432 et
3303 5377 3595 5438 Nemesius

2018 5471 2252 5523 antistes
2287 5468 2585 5522 Emesenus
2638 5467 2955 5532 declarant,
3005 5470 3273 5538 ejusmodi
3334 5481 3589 5527 naturam

2019 5562 2257 5615 habebat
2294 5571 2351 5613 ut
2384 5576 2450 5614 ex
2506 5575 2566 5613 se
2597 5560 3023 5631 decerpentibus
3070 5562 3290 5617 iuderet
3345 5567 3592 5633 pruden-

2022 5654 2177 5715 tiam,
2206 5668 2312 5723 qua
2351 5652 2555 5706 bonum
2586 5667 2649 5706 ac
2701 5654 2902 5707 malum
2930 5664 3315 5723 agnoscerent.
3350 5653 3589 5710 Tametsi

2020 5746 2278 5800 nimirum
2310 5743 2528 5800 Litterae
2557 5759 2727 5800 sacrae
2758 5745 2902 5801 illam
2930 5747 3173 5803 scientiae
3212 5748 3416 5819 lignum
3443 5761 3593 5805 nun-
