4204 6450
657 421 760 484 207

1932 424 2355 487 MICHAELIS
2394 428 2658 519 Gch/F.

3785 427 3897 490 208

654 546 882 603 cnpuut,
949 549 1054 586 non
1116 533 1320 587 idcirco
1352 532 1642 587 dicendum
1680 532 1836 587 nobis
1876 544 1958 588 est
1987 537 2150 589 talem
2177 536 2224 589 ei

2332 538 2463 590 αὐτὸ
2535 539 2836 607 κεκτῆσθαι
2900 537 3129 606 δύναμιν
3188 538 3455 606 εἴπωμεν.
3519 535 3661 590 Ἀλλ’
3711 536 3900 607 ἐπειδὴ

657 625 766 676 vim
802 624 1023 677 :iﬂ'uisse
1067 639 1080 674 :
1119 623 1208 674 sed
1237 623 1361 690 quia
1394 621 1636 676 mandati
1676 625 2034 692 transgressio
2069 625 2121 677 in
2155 640 2223 679 eo

660 713 798 766 faeta
850 723 969 772 est,
1021 711 1088 764 de
1143 727 1250 779 quo
1309 723 1602 765 consecuta
1651 726 1814 779 porro
1883 723 1968 767 est
2013 715 2220 782 peccati

659 801 867 868 agnitio
893 810 1056 868 atque
1108 801 1307 868 pudor,
1353 800 1559 856 idcirco
1590 816 1786 856 nomen
1851 803 1953 856 hoc
2001 805 2221 858 meruit.

656 891 1073 948 Consueverunt
1097 892 1242 945 enim
1270 892 1488 946 Littera
1519 908 1685 947 sacra:
1713 895 1779 947 de
1813 910 1995 948 rerum
2014 896 2224 950 eventis

657 984 879 1041 nomina
911 986 1072 1038 etiam
1107 985 1316 1039 indere.
1352 985 1486 1037 Audi
1509 984 1638 1052 quid
1661 987 1760 1039 hac
1794 985 1848 1038 in
1877 997 2028 1052 parte
2049 987 2223 1054 Chry-

659 1085 932 1131 sostomus
982 1076 1148 1128 ditat.
1198 1075 1352 1130 Unus
1400 1076 1618 1144 quidam
1663 1076 1718 1128 in
1773 1075 2068 1128 solitudine
2101 1076 2224 1130 fons

657 1167 1051 1222 advet'sationis
1108 1182 1247 1236 aqua
1309 1176 1393 1220 est.
1453 1177 1764 1235 nuncupata
1818 1167 2025 1230 ",non
2079 1169 2221 1234 quod

659 1259 926 1327 ejusmodi
965 1269 1215 1312 naturam
1261 1259 1491 1313 haberet
1528 1267 1588 1312 ut
1623 1273 1688 1311 ex
1741 1273 1799 1312 se
1831 1258 2143 1312 haurientes
2169 1259 2222 1310 in

662 1362 876 1403 mutuas
927 1349 1344 1404 adversationes
1398 1349 1707 1412 excitaret;
1755 1365 1882 1402 nam
1929 1349 1971 1403 si
2015 1364 2102 1403 res
2150 1351 2222 1403 ita

661 1449 969 1508 comparata
1010 1439 1225 1502 fuisset,
1258 1441 1419 1493 etiam
1449 1441 1563 1507 ipse
1607 1439 1784 1495 Moses
1816 1442 2006 1494 hausta
2058 1442 2224 1495 fontis

661 1531 824 1598 hujus
873 1544 1013 1598 aqua
1084 1531 1195 1583 Deo
1251 1529 1694 1584 contradixisset.
1755 1531 2223 1596 Quemadmodum

659 1639 786 1692 ergo
822 1621 942 1678 fons
974 1623 1066 1676 ille
1091 1638 1199 1676 non
1225 1638 1321 1677 sua
1357 1629 1574 1686 natura,
1607 1622 1702 1676 sed
1736 1632 1956 1692 propter
1981 1623 2225 1678 diffiden-

663 1715 790 1766 tiam
831 1713 1041 1783 populi,
1073 1729 1233 1783 quam
1288 1729 1414 1782 erga
1467 1714 1632 1768 Deum
1693 1715 2084 1778 declaraverat,
2127 1717 2224 1769 ad-

663 1806 988 1859 versationis
1040 1821 1178 1872 aqua
1202 1796 1573 1872 nuncupatus
1604 1815 1709 1870 est,
1746 1806 1824 1860 sic
1855 1815 1909 1859 et
1944 1809 2106 1860 arbor
2139 1807 2223 1859 illa

2332 631 2464 698 περὶ
2495 630 2624 681 αὐτὸ
2675 630 2864 697 γέγονε
2893 628 2994 696 τῆς
3032 627 3250 706 έντολῆς
3291 629 3323 696 ἠ
3357 625 3691 694 παράϐασις,
3719 625 3814 678 καὶ
3841 626 3900 689 ἐξ

2331 720 2543 774 ἑκείνου
2595 721 2781 773 λοιπὸν
2817 719 3106 788 ἐπεισῆλθε
3150 718 3250 786 τῆς
3295 717 3574 786 ἀμαρτίας
3620 718 3655 785 ἠ
3696 715 3901 781 γνῶσις

2333 812 2427 862 καὶ
2480 811 2732 879 αἰσχύνη,
2791 811 2880 863 διά
2947 809 3104 862 τοῦτο
3180 809 3280 876 τὴν
3327 807 3646 874 ἐπωνυμίαν
3694 805 3901 873 ταύτην

2331 902 2570 966 ἐδέξατο.
2605 901 2766 962 Ἔθος
2801 902 2910 971 γὰρ
2937 903 3003 970 τῇ
3038 901 3169 970 ἀγὶᾳ
3201 899 3395 970 Γραφῇ
3427 901 3490 952 ὲκ
3518 897 3627 949 τῶν
3671 896 3899 966 συμϐαι-

2331 992 2530 1045 νόντων
2568 991 2912 1060 πραγμάτων
2934 989 3236 1043 ἐπιτιθέναι
3280 989 3374 1043 καὶ
3409 988 3474 1040 τά
3497 987 3765 1069 ὀνόματα.
3792 985 3902 1036 Καὶ

2331 1084 2498 1138 ἀκουε
2539 1083 2591 1136 τί
2641 1099 2804 1149 φησιν
2837 1081 2931 1134 ἐπὶ
2976 1081 3192 1142 τούτοις
3219 1082 3246 1132 6
3274 1079 3679 1148 χρυσορῤήμων
3719 1076 3905 1128 Ἰωάν-

2331 1192 2449 1240 νης.
2519 1191 2539 1225 ‹
2609 1173 2695 1224 Ἐν
2747 1174 2939 1241 ἐρήμῳ
3001 1172 3099 1240 μία
3160 1171 3310 1240 πηγὴ
3393 1168 3536 1237 ὕδωρ
3595 1166 3906 1234 ἀντιλογίας

2330 1261 2559 1333 ἐκλήθη,
2596 1263 2694 1332 οὐχ
2730 1262 2810 1314 δτι
2834 1262 3089 1330 τοιαύτην
3132 1257 3245 1330 εἶχε
3273 1262 3439 1329 φύσιν
3468 1301 3482 1322 ,
3515 1259 3658 1311 ὥστε
3691 1259 3818 1318 τοὺς
3847 1259 3906 1322 ἐξ

2332 1355 2500 1423 αὐτῆς
2558 1354 2893 1423 ἀρυομένους
2935 1356 3016 1415 εἰς
3064 1353 3373 1419 ἀντιλογίας
3423 1351 3584 1412 εὐθὺς
3640 1350 3908 1416 μετατρέ-

2335 1442 2565 1496 πεσθαιο
2612 1443 2663 1493 εἰ
2709 1441 2819 1510 γάρ
2876 1441 3038 1493 τοῦτο
3087 1437 3176 1510 ἦν,
3221 1441 3317 1493 καὶ
3369 1439 3532 1500 αὐτὸς
3593 1439 3800 1505 Μωσῆς
3850 1439 3907 1502 ἐξ

2332 1534 2549 1603 ἐκείνης
2586 1535 2726 1588 πιὼν
2756 1536 3011 1588 ἀντεῖπεν
3058 1534 3125 1587 ἂν
3169 1532 3246 1602 τῷ
3274 1531 3413 1602 Θεῷ.
3453 1531 3717 1600 Καθάπερ
3747 1529 3843 1582 οὖν
3870 1530 3905 1599 ἡ

2335 1624 2488 1694 πηγὴ
2523 1625 2706 1694 ὲκείνη
2758 1625 2818 1677 οὐ
2866 1624 3018 1694 παρά
3054 1625 3154 1695 τὴν
3198 1623 3407 1677 οἰκείαν
3438 1622 3621 1690 φύσιν,
3666 1621 3817 1689 παρά
3850 1620 3906 1673 δὲ

2334 1718 2435 1783 τὴν
2484 1717 2574 1770 ἐπ’
2616 1718 2750 1786 αὐτῇ
2801 1717 3104 1786 γενομένην
3139 1715 3426 1770 ἀπείθειαν
3473 1714 3566 1767 τοῦ
3600 1713 3729 1766 λαοῦ
3761 1713 3906 1780 ὕδωρ

2336 1809 2646 1877 ἀντιλογίας
2694 1807 3090 1878 ὲκλήθη,οὖτω
3138 1810 3232 1860 καὶ
3290 1809 3351 1859 τὸ
3414 1807 3582 1875 φυτδν
3629 1808 3805 1858 έκεῖνο
3845 1807 3905 1856 τὴ

660 1896 989 1966 ιοειιίιίοηίε
1041 1896 1166 1950 mali
1235 1907 1395 1964 atque
1439 1896 1566 1950 boni
1626 1908 1871 1959 vocatur,
1931 1913 2037 1951 non
2091 1897 2229 1965 quod

2337 1903 2578 1969 γνωστὸν
2622 1899 2789 1954 καλοῦ
2824 1900 2920 1955 καί⁹
2958 1899 3196 1967 πονηροῦ
3230 1901 3288 1952 οὐ
3336 1899 3541 1967 γνῶσιν
3588 1894 3753 1966 εἶχεν,
3785 1897 3902 1948 ἀλλ’

660 1989 775 2058 ipsa
817 1988 1098 2042 scientiam
1137 1987 1410 2051 habuerit,
1443 1987 1534 2042 sed
1579 1988 1704 2056 quia
1747 1990 2060 2057 quicunque
2099 2003 2226 2059 pec-

670 2089 778 2144 cat,
811 2079 1176 2150 cognitionem
1211 2079 1521 2148 assequitur
1553 2080 1916 2150 intelligendi,
1948 2081 2092 2148 quod
2124 2082 2222 2134 ob-

665 2186 968 2240 temperare
1005 2173 1112 2225 Deo
1139 2170 1338 2226 bonum
1376 2175 1466 2237 sit,
1499 2173 1818 2242 delinquere
1857 2173 2220 2227 malumJlinc

660 2261 1077 2331 appellationem
1117 2265 1258 2316 hanc
1310 2263 1522 2328 habuit,
1579 2264 1649 2318 ab
1706 2271 1904 2319 eventu
1959 2264 2220 2318 nimirum

660 2358 986 2426 posteriore.

727 2447 1000 2505 Caeterum
1052 2462 1405 2523 posteaquam
1450 2452 1689 2508 Adamus
1745 2462 1864 2522 post
1916 2462 2222 2525 transgres—

658 2543 872 2598 sionem
924 2545 1036 2615 jam
1089 2546 1330 2602 interitui
1376 2562 1444 2602 ac
1492 2546 1811 2602 mortalitati
1871 2546 2044 2602 factus
2108 2557 2222 2601 erat

655 2639 942 2701 obnoxius,
1005 2640 1082 2694 ait
1155 2639 1296 2694 Deus
1343 2656 1357 2693 :
1399 2658 1418 2690 ‹
1467 2639 1550 2693 En
1610 2639 1784 2695 factus
1842 2649 1927 2706 est
1985 2640 2226 2695 Adamus

655 2732 808 2800 quasi
860 2746 1003 2785 unus
1046 2730 1115 2784 de
1147 2729 1327 2784 nobis.
1375 2750 1393 2783 ι
1429 2731 1531 2784 Hie
1568 2731 1834 2796 animum,
1877 2731 2075 2786 dilecte
2127 2732 2222 2796 fili,

655 2823 942 2876 advertite.
969 2822 1226 2877 Nonnulli
1263 2822 1490 2877 tradunt
1521 2823 1691 2877 Deum
1721 2822 1838 2878 haec
1867 2838 1962 2890 per
1991 2823 2221 2878 ironiam

656 2916 947 2985 protulisse
999 2932 1014 2969 :
1065 2916 1267 2984 quippe
1314 2913 1623 2968 divinitatis
1676 2914 1948 2970 desiderio
1993 2915 2224 2986 flagrans

655 3006 898 3059 Adamus
940 3005 1109 3058 etiam
1156 3005 1223 3059 iis
1270 3005 1426 3059 bonis
1485 3019 1720 3073 quorum
1762 3013 1880 3058 erat
1924 3006 2222 3075 particeps,

655 3100 857 3152 misere
916 3098 1213 3160 exciderat,
1262 3108 1318 3151 et
1382 3096 1704 3151 immortalis
1762 3108 1916 3150 antea
1979 3096 2225 3151 mortalis

651 3191 763 3260 jam
822 3190 995 3244 factus
1027 3199 1165 3244 erat.
1202 3189 1307 3243 Alii
1355 3189 1559 3243 dictum
1610 3188 1840 3259 intelligi
1888 3189 2078 3243 volunt
2126 3203 2224 3254 per

2330 1995 2412 2047 ὅτι
2441 1995 2548 2056 πᾶς
2592 1991 2928 2063 ἁμαρτάνων
2961 1993 3040 2056 εἰς
3074 1993 3276 2060 γνῶσιν
3324 1991 3541 2061 ἔρχεται
3571 1989 3666 2040 τοῦ
3703 1989 3906 2042 εἰδέναι

2329 2086 2411 2139 ὅτι
2443 2086 2607 2138 καλὸν
2637 2083 2734 2154 μὲν
2754 2083 2815 2138 τδ
2836 2084 3153 2147 ὑπακούειν,
3176 2084 3343 2136 κακδν
3364 2083 3418 2134 δὲ
3447 2083 3507 2134 τὸ
3537 2081 3902 2151 πκραόαένειν

2330 2175 2497 2230 ἐστίν.
2539 2174 2705 2229 Ὅθεν
2749 2176 2844 2229 καὶ
2884 2175 3144 2243 τοιαύτην
3189 2174 3528 2242 ἐπωνυμίαν,
3561 2172 3635 2234 ὡς
3666 2172 3902 2241 ἔφημεν,

2329 2271 2394 2322 ἐκ
2420 2269 2526 2322 τῶν
2553 2270 2612 2323 ἑν
2641 2268 2793 2340 αὐτῷ
2815 2266 3245 2345 συμϐεϐηκότων
3277 2265 3511 2335 ἔσχηκεν
3543 2264 3792 2336 ὕστερον.

2399 2452 2505 2506 Τοῦ
2542 2452 2714 2522 ’Δδάμ
2745 2450 2803 2505 δὲ
2831 2448 3010 2520 φθορᾷ
3044 2449 3135 2502 καὶ
3169 2446 3455 2517 Θνητότητι
3505 2443 3903 2513 περιπεσόντος

2331 2548 2470 2618 μετά
2514 2545 2611 2614 τὴν
2638 2544 2975 2613 παράϐασιν,
3005 2537 3157 2595 εἶπεν
3205 2543 3233 2592 6
3275 2538 3407 2602 Θεὸς
3443 2557 3460 2590 t
3509 2536 3641 2589 Ἰδοὺ
3675 2535 3904 2603 γέγονεν

2342 2639 2513 2708 Ἀδὰμ
2559 2637 2636 2699 ὡς
2683 2635 2764 2700 εἷς
2800 2635 2861 2700 ἐξ
2905 2635 3082 2705 ἡμῶν.
3135 2652 3152 2684 ι
3206 2630 3449 2702 Πρόσεχε
3495 2630 3574 2692 δὲ,
3622 2626 3901 2696 ἀγαπητέ.

2333 2731 2517 2784 Ἄλλοι
2574 2730 2672 2798 μὲν
2722 2726 3024 2794 εἰρωνικῶς
3083 2725 3296 2793 ἔφασαν
3341 2723 3555 2776 τουτονὶ
3608 2720 3702 2772 τὸν
3745 2719 3908 2784 λόγον

2327 2825 2504 2877 εἰπεῖν
2530 2822 2620 2875 τδν
2649 2820 2782 2874 Θεόν
2808 2836 2820 2851 ο
2845 2818 3096 2880 θεώσεως
3122 2818 3231 2886 γὰρ
3253 2816 3432 2885 ἔρωτα
3466 2813 3610 2882 σχὼν
3633 2815 3659 2864 6
3695 2811 3893 2879 Ἀδὰμ,

2329 2920 2424 2971 καὶ
2482 2910 2558 2972 ὧν
2605 2914 2825 2981 ἀγαθῶν
2877 2911 3104 2981 μέτοχος
3157 2905 3225 2979 ἦν
3282 2908 3484 2970 ἀθλίως
3525 2906 3752 2971 ἐξέπεσε
3809 2905 3907 2956 καὶ.

2329 3007 2522 3076 Θνητὸς
2551 3007 2579 3059 6
2605 3004 2875 3065 ἀθάνατος
2903 3002 3148 3069 γέγονεν.
3173 2998 3393 3068 ’Έτεροι
3420 2996 3477 3050 δὲ
3509 2994 3903 3063 προληπτικῶς

2329 3101 2388 3154 τὸ
2413 3098 2652 3152 τοιοῦτον
2695 3098 2858 3166 ῥητὸν
2903 3093 3048 3148 κατά
3075 3094 3134 3145 τὸ
3167 3090 3362 3160 ἰδίωμα
3392 3092 3489 3157 τῆς
3522 3087 3743 3158 Γραφῆς
3787 3086 3904 3150 ἑξέ-

2329 3193 2517 3257 λαϐον,
2569 3190 2821 3256 λέγοντες
2858 3205 2876 3240 t
2916 3189 3048 3241 Ἰδοὺ
3107 3185 3333 3255 γέγονεν
3377 3182 3550 3251 ’Δδάμ
3593 3179 3666 3243 ὡς
3715 3175 3798 3243 εἷς
3845 3178 3908 3243 ἐξ

654 3254 1079 3349 pneceptionem
1142 3281 1426 3349 temporis.
1477 3295 1598 3350 quin
1645 3254 1816 3336 sacris
1871 3280 2096 3336 Litteris
2140 3294 2226 3335 est

2332 3254 2512 3358 ἡμῶν,
2551 3302 2570 3336 ι
2605 3254 2884 3338 τουτέστιν
2910 3279 3010 3348 ὀψέ
3041 3254 3171 3331 ποτε
3211 3277 3502 3346 γενήσεται
3535 3269 3615 3336 εἷς
3647 3271 3708 3337 ἐξ
3745 3272 3910 3341 ήμῶν

655 3372 960 3426 familiaris.
1008 3371 1084 3424 En
1141 3372 1319 3427 factus
1359 3382 1443 3427 est
1490 3373 1730 3427 Adamus
1775 3373 1932 3442 quasi
1977 3388 2120 3428 unus
2159 3373 2226 3428 de

656 3465 840 3527 nobis,
879 3466 980 3519 hoc
1027 3475 1128 3526 est.
1161 3465 1375 3518 tandem
1427 3464 1720 3533 aliquando
1771 3466 1836 3520 de
1880 3466 2039 3521 nobis
2089 3482 2229 3521 unus

657 3559 822 3612 homo
885 3555 1007 3620 fiet,
1066 3557 1272 3610 Adamn
1335 3557 1549 3612 similis.
1607 3557 2028 3612 Consueverunt
2083 3559 2228 3612 enim

654 3649 872 3705 Littera:
922 3664 1086 3704 sacra!
1132 3648 1388 3716 peculiari
1421 3649 1656 3716 quodam
1688 3651 1850 3704 modo
1885 3665 1947 3704 ea
1985 3665 2107 3720 qua
2143 3650 2229 3704 fu-

659 3752 778 3795 tura
805 3749 931 3796 sunt
960 3743 1039 3795 sic
1066 3739 1284 3799 efferre.
1314 3741 1469 3808 quasi
1507 3742 1552 3794 si
1590 3741 1880 3808 praesentia
1916 3741 2096 3796 forent
2135 3751 2229 3796 aut

651 3835 763 3902 jam
814 3833 1160 3888 accidissent.
1212 3832 1510 3887 Consimile
1559 3832 1817 3901 quiddam
1875 3832 2109 3903 proferri
2164 3839 2229 3888 de

657 3935 830 3978 matre
859 3924 1149 3978 hominum
1197 3924 1287 3977 illa
1325 3923 1583 3993 primma
1622 3923 1868 3978 videmus
1899 3943 1912 3978 :
1948 3941 2074 3978 nam
2105 3940 2228 3979 cum

656 4017 773 4088 ipsa
829 4019 1062 4072 necdum
1115 4026 1294 4071 creata
1347 4015 1510 4080 foret,
1574 4015 1686 4069 haec
1739 4016 2092 4070 nihilominus
2144 4016 2230 4069 di-

654 4121 858 4165 cuntur
889 4130 901 4164 :
941 4130 958 4162 ι
995 4109 1145 4164 Fecit
1171 4111 1449 4165 hominem
1485 4112 1642 4182 deus,
1672 4119 1729 4163 et
1755 4110 1981 4178 quidem
2023 4124 2228 4164 marem

654 4220 720 4258 ac
750 4204 1006 4258 feminam
1041 4217 1137 4256 eos
1169 4203 1318 4257 fecit.
1364 4221 1382 4253 ι
1415 4202 1645 4257 Divinus
1672 4212 1856 4255 autem
1887 4201 1971 4254 vir
1996 4201 2230 4256 Anasta-

656 4295 774 4348 sius
813 4294 1016 4349 dictum
1062 4293 1165 4348 hoc
1197 4294 1306 4348 allo
1344 4308 1562 4363 quoque
1602 4309 1764 4348 sensu
1802 4293 1970 4362 cepit.
2007 4291 2142 4346 Nam
2176 4292 2230 4345 in

654 4387 904 4440 oratione
945 4385 1011 4438 de
1043 4384 1469 4439 Resurrectione
1506 4388 1671 4439 verba
1709 4385 1884 4453 ipsius
1917 4385 2032 4438 haac
2069 4400 2228 4453 repe-

657 4477 922 4529 riuntur;
966 4493 985 4525 ε
1033 4473 1240 4541 Duplex
1283 4482 1366 4527 est
1419 4484 1627 4529 natum
1685 4483 1883 4528 nostra:
1929 4483 2224 4536 structura,

2333 3378 2618 3449 ἅνθρωπος
2667 3375 2851 3443 ὅμοιος
2900 3371 2979 3441 τῷ
3019 3370 3210 3438 Ἀδάμ.
3263 3368 3436 3420 Τοῦτο
3487 3362 3906 3434 προληπτικῶς,

2331 3468 2406 3530 ὡς
2450 3468 2682 3536 ἔφημεν,
2723 3464 2934 3533 εἴρηται
2980 3460 3120 3513 κατά
3165 3458 3224 3511 τὸ
3276 3456 3470 3524 ἰδῖωμα
3508 3457 3606 3525 τῆς
3656 3453 3694 3505 Γ
3704 3451 3906 3522 ραφῆς.

2329 3561 2451 3630 ἥτις
2473 3557 2630 3612 εἴωθε
2671 3557 2740 3608 τὰ
2773 3554 3038 3625 μέλλοντα
3066 3550 3325 3619 γενέσθαι
3352 3548 3426 3611 ὡς
3460 3549 3561 3618 ἤδη
3591 3547 3838 3616 παρόντα
3871 3546 3904 3613 ἢ

2332 3651 2426 3704 καὶ
2473 3648 2731 3718 γεγονότα
2779 3643 3144 3714 διαγορεύειν,
3187 3640 3330 3694 καθὰ
3376 3640 3472 3692 κα)⁸
3500 3638 3593 3690 ἐπὶ
3632 3635 3729 3704 τῆς
3772 3651 3908 3703 προ-

2334 3746 2570 3814 μήτορος
2601 3741 2890 3812 εἰρημένον
2928 3739 3278 3804 εὑρίσκομεν.
3317 3735 3499 3801 Μήπω
3533 3730 3629 3783 καὶ
3659 3730 3771 3798 γὰρ
3801 3727 3904 3782 αὐ·

2331 3837 2431 3904 τῆς
2473 3833 2847 3905 παραχθείσης
2882 3831 3028 3897 λέγει
3061 3830 3144 3881 ὅτι
3176 3828 3400 3896 ἐποίησε
3445 3825 3535 3875 τὸν
3575 3823 3864 3890 ἄνθρωπον
3889 3835 3903 3849 ·

2332 3930 2500 3998 ἄρσεν
2537 3929 2633 3980 καὶ
2672 3923 2807 3996 Θῆλυ
2856 3924 3115 3990 ἐποίησεν
3158 3920 3379 3980 αὐτοὺς,
3417 3919 3466 3970 εἰ
3510 3921 3606 3970 καὶ
3640 3915 3763 3969 καθ’
3793 3916 3908 3968 ἓτε-

2336 4038 2428 4091 ρον
2495 4019 2621 4072 νοῦν
2691 4020 2718 4069 6
2793 4016 3068 4077 θειότατος
3125 4012 3479 4072 Ἀναστάσιος
3547 4013 3607 4061 τὸ
3663 4008 3914 4061 τοιοῦτον·

2333 4112 2523 4170 ἐνόησε
2564 4109 2706 4160 θεῖον
2746 4109 2929 4176 ῥητόν.
2975 4107 3062 4158 Ἐν
3114 4105 3226 4174 γὰρ
3261 4104 3340 4172 τῷ
3390 4102 3520 4171 περὶ
3553 4101 3906 4160 ἀναστάσεως

2333 4202 2476 4272 λόγῳ
2516 4200 2681 4253 αὑτοῦ
2716 4201 2806 4252 καὶ
2851 4199 2975 4252 τάδε
3019 4197 3376 4265 περὶτούτων
3410 4192 3584 4259 λέγων
3630 4192 3863 4261 εὓρηται
3888 4205 3904 4221 ⁸

2339 4313 2358 4346 ι
2393 4293 2564 4361 Διπλῆ
2606 4292 2687 4353 τίς
2737 4293 2887 4343 ἔστιν
2920 4293 2952 4360 ἠ
2992 4290 3091 4360 τῆς
3133 4287 3348 4356 φύσεως
3378 4287 3536 4354 ἡμῶν
3563 4284 3906 4350 κατασκευὴ,

2330 4383 2365 4453 ἧ
2389 4399 2448 4433 τε
2484 4379 2615 4450 πρὸς
2647 4379 2707 4431 τὸ
2736 4380 2878 4432 θεῖον
2911 4376 3242 4446 ὡμοιωμένη
3284 4376 3378 4426 καὶ
3405 4375 3438 4442 ἠ
3479 4372 3616 4438 πρὸς
3658 4372 3758 4439 τὴν
3793 4370 3908 4422 δια-

2334 4472 2507 4541 φορὰν
2547 4471 2756 4538 ταύτην
2787 4471 2893 4522 τῶν
2931 4467 3228 4538 σχημάτων
3260 4463 3566 4535 διῃρημένη
3598 4461 3908 4514 τελευταῖον

655 4567 806 4635 prior
852 4564 918 4619 ad
974 4563 1224 4618 Numinis
1277 4564 1694 4619 similitudinem
1743 4565 2115 4626 conformata.
2177 4576 2228 4619 et

2336 4562 2870 4618 κατασκευασθεῖσα.
2902 4578 2920 4612 ι
2960 4560 3068 4612 Καὶ
3117 4558 3178 4610 οὐ
3216 4556 3390 4608 ταῦτα
3428 4555 3612 4624 μόνον,
3641 4553 3777 4606 ἀλλὰ
3811 4554 3908 4606 καὶ

655 4658 825 4712 altera
872 4673 1098 4712 sexuum
1152 4657 1467 4711 discrimine
1517 4657 1790 4722 distincta,
1837 4673 1957 4725 qum
2009 4658 2229 4726 quidem

656 4749 872 4817 opiticio
905 4756 1094 4800 nostro
1126 4756 1459 4814 postremum
1506 4749 1760 4800 accessit.
1799 4766 1816 4797 ι
1862 4747 2016 4817 103
2044 4747 2231 4816 Neque

658 4849 868 4892 tantum
919 4839 1034 4893 haec
1066 4837 1392 4891 Anastasius
1425 4837 1657 4906 profert,
1697 4839 1792 4892 sed
1823 4841 1986 4892 etiam
2020 4840 2233 4892 litteras

659 4942 840 4982 sacras
873 4927 1087 4997 allegat,
1116 4941 1223 4995 quo
1262 4926 1570 4979 doctrinam
1617 4926 1757 4980 hanc
1789 4927 2074 4981 clariorem
2113 4927 2229 4980 efIi-

657 5020 786 5073 ciat.
819 5018 908 5073 Sic
937 5017 1084 5071 enim
1115 5016 1192 5071 ait
1218 5034 1231 5071 :
1265 5016 1416 5071 Fecit
1443 5017 1718 5071 hominem
1744 5018 1902 5081 Deus,
1930 5028 1983 5074 et
2009 5020 2227 5088 quidem

659 5125 783 5164 eum
824 5110 890 5163 ad
925 5108 1212 5177 imaginem
1261 5108 1351 5163 Dei
1386 5108 1532 5163 fecit.
1570 5108 1690 5162 llaec
1727 5110 1898 5177 prima
1936 5113 2102 5165 nostri
2145 5120 2230 5166 est

659 5201 894 5262 creatio,
943 5200 1210 5268 simplex.
1280 5199 1604 5260 uniformis,
1666 5215 1858 5269 expers
1918 5202 2228 5266 societ-alis,

2333 4655 2426 4723 τὴν
2473 4653 2634 4720 ἁγίαν
2687 4650 2939 4719 ἐπιφέρει
3000 4648 3220 4718 Γραφὴν
3269 4648 3298 4698 6
3357 4644 3498 4706 θεῖος
3541 4637 3695 4706 οὗτος
3740 4643 3902 4710 ἀνὴρ,

2332 4745 2472 4797 ὥστε
2519 4745 2579 4796 τὸ
2621 4744 2796 4811 δόγμα
2840 4740 2998 4792 τοῦτο
3048 4737 3304 4806 γενέσθαι
3349 4736 3706 4804 σαφέστερον.
3741 4734 3904 4800 Λέγει

2332 4837 2438 4907 γὰρ
2483 4854 2501 4886 t
2541 4837 2634 4887 καὶ
2665 4833 2889 4901 ἐποίησε
2925 4831 3012 4883 τὸν
3036 4830 3322 4898 ἄνθρωπον
3348 4844 3369 4902 ο,
3397 4826 3515 4879 κατ’
3551 4825 3738 4878 εἰκόνα
3767 4823 3903 4876 Θεοῦ

2331 4930 2589 4999 ἐποίησεν
2626 4927 2812 4982 αὐτόν.
2853 4924 3050 4994 Πρώτη
3099 4928 3320 4992 ποίησις
3357 4919 3516 4985 αὕτη,
3550 4917 3719 4986 ἁπλῆ,
3748 4917 3904 4984 μονόο

2331 5038 2550 5090 τροπος,
2577 5021 2801 5086 ἄζυγος,
2847 5018 2921 5087 μὴ
2955 5017 3154 5085 ἔχουσά
3187 5033 3309 5067 τινα
3341 5013 3624 5082 διαφοράν.
3652 5013 3758 5064 Καὶ
3782 5028 3903 5064 κατ’

2331 5112 2518 5164 εἰκόνα
2593 5110 2700 5180 γὰρ
2765 5107 2903 5161 Θεοῦ
2960 5108 3215 5176 ἐποίησεν
3297 5106 3484 5159 αὐτόν.
3539 5105 3778 5172 Δευτέρα
3845 5104 3903 5155 δὲ

2328 5205 2566 5274 ποίησις,
2598 5205 2769 5273 ἄρσεν
2793 5202 2887 5254 καὶ
2915 5201 3048 5270 θῆλυ
3077 5201 3335 5268 εποίησεν
3366 5197 3583 5258 αὐτούς.
3625 5215 3642 5248 ι
3688 5197 3810 5248 Ὅτι
3847 5197 3903 5247 δὲ

660 5295 952 5349 discrimen
993 5295 1202 5345 nullum
1235 5293 1481 5354 habens;
1508 5296 1709 5360 quippe
1739 5296 1801 5345 ad
1829 5295 2115 5362 in-agiuem
2139 5295 2226 5348 Dei

2331 5295 2502 5348 ταῦτα
2550 5293 2725 5355 οὕτως
2777 5293 2910 5362 ἔχει,
2950 5291 3109 5360 δῆλον
3143 5293 3207 5342 ἐκ
3246 5291 3351 5342 τῶν
3385 5288 3645 5358 ῥημάτων
3692 5287 3900 5340 αὐτῶν.

663 5388 789 5442 fecit
819 5403 959 5439 eum.
990 5384 1248 5438 Succedit
1279 5384 1448 5437 altera
1481 5384 1731 5437 formatio
1771 5403 1783 5438 :
1830 5383 2028 5438 Marem
2055 5401 2116 5438 ac
2151 5386 2229 5439 fc—

661 5476 862 5531 minam
913 5476 1039 5530 fecit
1083 5490 1197 5530 cos.
1239 5475 1367 5542 Qua
1401 5475 1620 5543 quidem
1658 5475 1729 5529 ita
1780 5491 1838 5528 se
1875 5477 2100 5528 omnino
2133 5481 2228 5528 ha-

624 5569 789 5637 {berc
819 5571 882 5620 de
920 5568 1099 5624 verbis
1139 5567 1267 5634 ipsis
1296 5576 1380 5621 est
1413 5568 1762 5636 perspicuum
1795 5582 1808 5619 :
1840 5582 1959 5620 nam
2004 5567 2123 5620 istic
2156 5568 2230 5621 ait

660 5677 890 5718 numero
925 5661 1185 5714 unitatis:
1229 5680 1246 5713 ι
1285 5662 1362 5716 Ad
1404 5661 1691 5730 imaginem
1729 5659 1820 5713 Dei
1861 5661 1980 5715 fecit
2014 5677 2159 5723 eum,
2207 5679 2223 5713 ι

730 5823 773 5854 ³⁸
811 5821 965 5876 Num.
1005 5838 1088 5886 xx,
1132 5822 1212 5877 15.

2343 5370 2492 5440 Ἐκεῖ
2541 5387 2640 5454 μὲν
2678 5381 2832 5437 εἶπεν
2875 5384 3059 5444 αὐτὸν,
3083 5382 3204 5435 κατ’
3247 5382 3432 5434 εἰκόνα
3470 5379 3604 5432 Θεοῦ
3643 5381 3902 5446 ἐποίησεν

2337 5479 2533 5530 αὐτόν·
2572 5477 2807 5529 ἐνταῦθα
2859 5475 2914 5528 δὲ
2956 5471 3110 5527 εἶπεν
3145 5475 3368 5536 αὐτοὺς,
3410 5475 3576 5543 ἄρσεν
3627 5475 3719 5524 καὶ
3769 5471 3902 5531 οῆλυ

2927 5568 3163 5635 [ιρόσεχε
3227 5567 3304 5620 δέ.
3386 5567 3602 5634 Ἐπειδὴ
3667 5566 3697 5632 ἡ
3773 5564 3905 5628 ἀγία

2340 5663 2529 5734 Γραφῇ
2561 5662 2902 5731 πίιοὶαξοῦπα
2937 5659 3054 5713 εἷπε
3079 5679 3095 5712 t
3123 5659 3241 5714 κατ’
3274 5661 3453 5712 εἰκόνα
3481 5660 3615 5711 Θεοῦ
3653 5660 3903 5727 ἐποίησεν

2339 5571 2595 5637 ἐποίησεν
2646 5568 2864 5629 αὐτούς.
