4204 6450
297 328 409 395 εον

1574 345 2000 407 ΑΝΝΑιΙυΜ
2046 348 2245 408 PARS
2287 350 2334 408 l.

3451 347 3559 410 210

296 442 484 504 αὑτὸν,
543 460 561 494 ι
616 439 757 513 εἷτα,
818 446 958 517 μετὰ
1003 448 1102 516 τὴν
1155 450 1321 505 αὑτοῦ
1380 452 1582 523 δηλαδὴ
1636 455 1876 520 ποίησιν,

1990 457 2073 511 Itie
2120 473 2251 512 vero
2297 471 2559 511 numerus
2608 456 2975 511 multitudinis
3009 464 3322 525 usurpatur.
3362 455 3560 512 Consi-

292 534 574 603 ἐπήγαγεν
640 555 660 588 ε
700 538 903 609 Ἀρσεν
954 542 1049 595 καὶ
1103 541 1236 611 θῆλυ
1290 544 1547 614 ἐποίησεν
1593 546 1813 610 αὐτοὺς,
1852 565 1871 597 ι

292 624 463 693 ιδειξε
498 630 793 700 προφανῶς
817 633 898 686 ὅτι
930 633 1068 704 άλλη
1103 636 1322 703 ποίησις
1355 638 1539 708 ἐκείνη
1573 638 1667 690 καὶ
1710 640 1879 708 ἐτὲρα

292 717 513 787 ποίησις
541 719 701 795 αὕτη,
735 724 767 793 ή
810 723 908 793 μέν
947 725 1008 779 τὸ
1048 725 1143 779 τοῦ
1171 726 1521 798 Δημιουργοῦ
1553 728 1880 799 παριστῶσα

292 807 573 880 φιλότιμον
607 812 755 883 (κατ’
797 816 983 870 εἰκόνα
1036 818 1146 886 γὰρ
1200 817 1336 871 Θεοῦ
1376 822 1634 889 ἐποίησεν
1665 822 1875 891 αὑτὸν),

290 903 327 972 ἠ
374 903 432 956 δέ
474 905 574 975 τὴν
622 906 733 971 τῶν
784 910 1087 979 σχημάτων
1135 912 1561 982 ύπεμιραίνουσα
1607 914 1879 985 διαφοράν

292 991 488 1063 (άρσεν
515 997 623 1065 γάρ
668 996 766 1050 καὶ
803 999 935 1068 θῆλυ
984 1002 1244 1072 ἐποίησεν
1291 1003 1536 1072 αὐτούς).
1576 1008 1733 1057 Δοκεῖ
1781 1006 1880 1073 μὲν

290 1079 387 1136 οὖν
425 1086 453 1136 6
502 1082 661 1153 λόγος
704 1087 886 1142 οὑτοσὶ
934 1091 1214 1159 φορτικὸς,
1250 1091 1386 1145 ἀλλὰ
1430 1096 1540 1156 τοῖς
1585 1094 1881 1165 ἑπομένοις

288 1176 369 1245 τῷ
433 1177 548 1247 ἰδίῳ
593 1178 866 1249 λογισμῷ.
902 1179 1027 1244 Τοῖς
1086 1180 1197 1251 γὰρ
1245 1181 1539 1252 ἐκζητοῦσι
1585 1184 1682 1247 τὰς
1729 1185 1878 1254 ἱεράς

288 1268 401 1321 τῶν
445 1270 706 1339 Πατέρων
746 1273 967 1343 γραφάς
1020 1273 1114 1326 καὶ
1160 1273 1342 1343 πάσης
1388 1276 1662 1345 ἀποδοχῆς
1708 1276 1877 1341 ἄξιος,

286 1360 375 1414 ὅτι
402 1363 494 1414 καὶ
542 1363 720 1433 σαφὴς
750 1365 777 1417 6
805 1364 1044 1428 τοιοῦτός
1086 1366 1225 1422 ἐστι.
1260 1368 1369 1421 Καὶ
1415 1368 1582 1423 ἄκουε
1619 1368 1672 1420 τί
1711 1386 1879 1439 φησιν

286 1452 317 1503 6
347 1451 419 1505 τὰ
450 1452 569 1507 θεῖα
601 1456 767 1522 σοφὸς
814 1455 1196 1521 ’Δναστάσιος.
1236 1457 1363 1521 Τοῖς
1396 1460 1506 1529 γὰρ
1536 1463 1880 1530 προειρημέ-

287 1563 404 1610 νοις
435 1551 528 1601 καὶ
573 1550 701 1603 τάδε
738 1551 1060 1621 προσέθετο,
1101 1556 1403 1624 σαφηνίσαι
1436 1555 1608 1609 θέλων
1653 1558 1716 1610 ἐκ
1755 1556 1883 1609 πυλ-

290 1637 403 1692 λῶν
451 1641 512 1694 τὸ
566 1642 883 1712 λεγόμενον.
922 1663 942 1698 ε
998 1647 1240 1717 Δευτέρα
1291 1649 1474 1712 κτίσις
1512 1649 1634 1700 ἐστὶ
1681 1647 1776 1700 τοῦ
1808 1665 1868 1699 τε

290 1732 525 1804 ᾶρῤενος
569 1737 666 1788 καὶ
703 1736 797 1789 τοῦ
845 1735 1039 1806 θήλεος
1090 1741 1756 1810 προσκατασκευασθεῖσα
1802 1740 1881 1810 τῷ

289 1801 594 1896 πλάσματι,
627 1826 705 1898 τῷ
756 1801 910 1882 κατὰ.
944 1830 1045 1901 τὴν
1087 1801 1317 1903 πρώτην
1362 1832 1606 1900 δηλονότι
1649 1801 1879 1902 γεγενηζ
1910 1801 1955 1861 Β

292 1916 446 1985 μένῳ
499 1918 622 1970 κατ’
662 1918 851 1973 εἰκόνα
902 1920 1061 1987 Θεοῦ,
1093 1922 1153 1973 ἐν
1191 1916 1236 1991 ᾧ
1290 1922 1527 1993 διαφορά
1581 1924 1879 1993 σχημάτων

288 2007 393 2061 οὐκ
421 2002 512 2079 ἧν,
542 2010 625 2063 ὄτι
676 2010 810 2080 μηδὲ
862 2012 923 2065 ἐν
980 2016 1045 2082 τῇ
1102 2013 1223 2083 θείᾳ
1278 2015 1374 2069 καὶ
1422 2015 1676 2086 μακκρίᾳ
1707 2016 1879 2068 εἰκόνι

287 2099 533 2157 τοιοῦτόν
568 2119 622 2155 τι
674 2105 1039 2176 ἐπινενόηται.
1082 2124 1101 2159 ι
1150 2106 1212 2160 Εἰ
1234 2107 1293 2161 δὲ
1326 2108 1502 2162 ταῦτα
1534 2107 1708 2176 οῦτως
1741 2109 1878 2178 ἔχει,

288 2191 475 2260 λέγειν
536 2193 631 2248 οὖν
682 2195 910 2264 εὗλογον
960 2199 1044 2251 ὅτι
1105 2200 1170 2253 ἐκ
1231 2201 1596 2271 προγνώσεως
1657 2203 1686 2255 6
1749 2202 1881 2265 Θεὸς

292 2285 561 2356 τοιαύτην
592 2287 687 2342 ἀπ’
734 2290 911 2361 ἀρχῆς
946 2291 1305 2361 κατασκευὴν
1333 2293 1536 2347 δέδωκε
1563 2293 1642 2362 τῷ
1683 2280 1901 2363 Ἀδάμ,

290 2378 352 2431 εἰ
394 2396 457 2448 γε
502 2380 601 2447 τῆς
655 2381 919 2453 δευτέρας
963 2383 1083 2437 ἐστὶ
1130 2386 1363 2449 κτίσεως
1417 2387 1450 2452 ὴ
1499 2386 1724 2456 τοιαύτη
1774 2388 1884 2439 τῶν

292 2471 602 2541 σχημάτων
649 2472 907 2543 διαφορὰ,
945 2475 1013 2544 ἢν
1055 2473 1120 2546 δὴ
1167 2477 1262 2529 καὶ
1290 2476 1611 2543 ἀναγκαίως
1634 2478 1885 2547 ἐπήγαγε

296 2561 446 2630 μετὰ
487 2561 585 2631 τὴν
638 2561 885 2633 πρώτην,
917 2563 995 2627 ὡς
1038 2565 1278 2635 εἴρηται,
1314 2567 1535 2636 ποίησιν
1559 2585 1575 2600 σ
1622 2568 1743 2622 οὐδέ
1775 2569 1886 2639 γὰρ

299 2654 490 2723 ἠγνόει
527 2654 587 2706 τὸ
633 2654 1072 2725 συμόησόμενον.
1111 2658 1218 2711 Καὶ
1271 2658 1533 2729 πρόσχες,
1576 2663 1626 2713 εἰ
1680 2661 1885 2730 βούλει,

293 2744 378 2816 τῷ
401 2745 752 2816 Δαμασκηνῷ
796 2747 1015 2820 Ἰωάννῃ
1049 2749 1183 2819 περὶ
1208 2748 1303 2802 τοῦ
1334 2749 1554 2821 πρώτου
1586 2752 1883 2822 ἀνθρώπου

295 2837 510 2905 λέγοντι
543 2855 564 2890 ε
603 2837 771 2901 Εἰδὼς
814 2838 872 2893 δέ
902 2841 931 2893 6
962 2840 1325 2912 προγνώστης
1356 2843 1487 2907 Θεὸς
1514 2845 1597 2897 ὅτι
1624 2846 1680 2896 ὲν
1712 2863 1891 2916 παρα-

301 2929 464 2983 6άσει
511 2933 803 3002 γενήσεται
866 2933 962 2986 καὶ
1020 2935 1100 2987 ὅτι
1159 2934 1338 3005 φθορᾷ
1389 2936 1768 3000 ύποπεσείται,
1801 2938 1891 2991 διὰ

192 3034 201 3040 ‘
296 3022 461 3077 τοῦτο
489 3024 730 3094 παράγει
776 3024 837 3077 τδ
857 3024 995 3093 θῆλυ
1023 3026 1082 3093 ἐξ
1115 3026 1304 3083 αὐτοῦ.
1341 3046 1360 3079 ι
1398 3029 1563 3082 Ὥστε
1594 3030 1644 3082 εί
1684 3031 1759 3101 μὴ
1791 3034 1889 3101 τῆς

1982 551 2141 606 deres
2185 550 2350 620 igitur
2386 551 2530 619 quod
2568 566 2692 605 cum
2727 551 2948 604 Litterae
2994 564 3164 603 sacrae
3212 550 3364 617 prius
3395 548 3560 602 dixis-

1981 650 2102 695 sent
2152 658 2165 694 :
2210 659 2227 689 ι
2283 639 2363 693 Ad
2411 640 2703 709 imaginem
2760 639 2852 692 Dei
2919 639 3220 700 feciteutn,
3283 656 3300 688 ι
3362 636 3560 690 deinde

1981 733 2297 799 subiecerit,
2350 746 2473 802 post
2527 732 2766 787 hominis
2818 734 3077 785 nimirum
3127 730 3557 784 formationem:

1987 843 2006 877 ε
2052 824 2252 879 Marem
2308 840 2371 878 ac
2418 823 2676 879 feminam
2727 823 2857 877 fecit
2904 838 3021 877 eos.
3063 841 3081 873 ›
3118 821 3331 886 Quibus
3376 820 3561 873 verbis

1982 917 2282 970 clarissime
2319 916 2560 971 ostendit
2609 916 2771 969 aliam
2821 931 2943 969 esse
2996 915 3380 968 formationem
3416 913 3558 965 illam

1981 1006 2242 1074 priorem.
2272 1007 2432 1059 aliatn
2481 1007 2624 1060 hanc
2659 1006 3044 1074 posteriorem.
3082 1003 3215 1057 Nam
3251 1003 3338 1056 illa
3375 1001 3557 1070 digni-

1982 1104 2146 1150 tatem
2178 1095 2401 1165 Opiﬁcis
2428 1104 2804 1166 reprazsentat,
2843 1097 2909 1149 de
2939 1112 3044 1164 qua
3078 1096 3289 1149 scilicet
3309 1095 3512 1147 dicitur
3546 1111 3559 1147 :

1987 1204 2007 1239 ε
2057 1186 2137 1241 Ad
2192 1189 2482 1258 imaginem
2543 1187 2638 1241 Dei
2688 1188 2819 1243 fecit
2872 1204 3031 1251 eum;
3080 1207 3097 1239 ι
3158 1188 3275 1241 haec
3333 1201 3562 1239 sexuum

1980 1279 2276 1335 discrimen
2324 1281 2571 1337 denotat.
2610 1280 2763 1334 Itlsee
2819 1279 3002 1333 verbis
3059 1279 3564 1346 emnprehensum:

1987 1388 2006 1421 ε
2053 1369 2256 1424 Marem
2302 1386 2366 1426 ac
2415 1370 2678 1424 feminam
2731 1370 2856 1423 fecit
2907 1386 3022 1423 eos.
3066 1390 3084 1421 ι
3130 1369 3355 1423 Videtur
3385 1377 3566 1423 autem

1980 1462 2097 1517 haec
2130 1461 2307 1516 oratio
2342 1478 2533 1531 parum
2584 1463 2903 1526 tolerabilis,
2933 1463 3028 1516 sed
3062 1462 3131 1515 iis
3164 1463 3253 1529 qui
3293 1463 3564 1515 rationem

1981 1554 2258 1624 propriam
2305 1565 2635 1624 sequuntur.
2682 1554 2815 1608 Nam
2863 1555 3098 1617 caeteris,
3144 1569 3298 1607 sacra
3347 1553 3566 1607 Patrum

1982 1646 2185 1715 scripta
2218 1647 2734 1717 pervestigantibus,
2758 1648 2985 1701 omnino
3017 1647 3178 1715 digna
3219 1648 3571 1701 existimatur

1981 1755 2102 1809 quae
2137 1739 2309 1808 recipi
2341 1739 2560 1804 debeat,
2582 1740 2889 1809 praesertim
2927 1753 3049 1792 cum
3086 1748 3276 1807 aperta
3314 1738 3384 1791 sit
3408 1746 3573 1805 atque

1984 1830 2168 1898 plana.
2236 1830 2375 1895 Quid
2445 1830 2588 1884 idem
2646 1829 2973 1883 Anastasius
3031 1830 3178 1882 dicat
3228 1828 3375 1883 andi.
3438 1828 3571 1881 Nam

1982 1921 2250 1978 hactenus
2293 1923 2562 1990 expositis
2600 1923 2714 1976 Inec
2753 1922 2925 1975 etiam
2976 1921 3197 1989 adjecit,
3230 1921 3481 1988 pluribus
3519 1921 3571 1972 id

1980 2015 2124 2083 quod
2150 2016 2463 2085 protulerat
2493 2016 2779 2070 declarare
2810 2014 3026 2075 volens,
3062 2012 3317 2067 Secunda
3370 2012 3577 2065 et-eatin

1981 2116 2065 2161 est
2115 2108 2284 2163 maris
2337 2123 2401 2162 ac
2436 2106 2654 2161 feminae
2700 2106 2978 2171 formatio,
3016 2120 3136 2175 qua:
3173 2104 3428 2176 ligni-nte
3476 2102 3571 2157 Dei

1982 2199 2240 2263 accessit,
2270 2198 2416 2268 quod
2460 2200 2676 2254 ratione
2719 2197 3018 2254 ereationis
3061 2199 3251 2267 primm
3285 2204 3352 2249 azt
3386 2197 3578 2265 imagi-

1984 2307 2113 2347 nem
2164 2291 2257 2346 Dei
2317 2292 2519 2346 factum
2571 2299 2711 2356 erat,
2746 2306 2847 2346 nec
2884 2304 3113 2344 sexuum
3145 2288 3443 2343 discrimen
3478 2289 3579 2342 ba-

1985 2381 2172 2447 bebat,
2196 2381 2414 2451 quando
2443 2396 2547 2436 nec
2597 2381 2650 2434 in
2695 2380 2881 2435 divina
2911 2378 3002 2433 illa
3037 2378 3303 2447 beataque
3344 2377 3581 2447 imagine

1986 2474 2117 2546 quid
2149 2475 2416 2545 ejusmodi
2447 2474 2686 2529 exsistit.
2722 2473 2853 2538 Quae
2887 2487 3012 2527 eum
3047 2471 3120 2524 ita
3149 2471 3281 2532 sint.
3309 2486 3339 2523 a
3365 2470 3579 2524 ratione

1988 2584 2099 2623 non
2140 2568 2423 2631 abhorret,
2449 2565 2635 2623 dicere
2675 2566 2842 2621 Deum
2894 2580 2961 2618 ex
3023 2562 3363 2631 prascientia
3417 2560 3577 2614 talem

1988 2662 2057 2715 ab
2091 2660 2249 2713 initio
2296 2668 2636 2714 structuram
2682 2654 2893 2711 Adanto
2928 2654 3292 2715 concessisse.
3326 2667 3447 2706 eum
3480 2651 3584 2705 hoc

1990 2766 2158 2807 sexus
2211 2752 2512 2806 discrimen
2568 2765 2597 2803 a
2646 2748 2884 2802 secunda
2939 2746 3223 2801 creatione
3278 2744 3581 2814 profectum

1993 2844 2181 2907 fuerit,
2236 2859 2400 2911 quam
2448 2826 2764 2897 necessario
2810 2839 3004 2908 priori,
3058 2854 3162 2894 ceu
3219 2838 3425 2892 dictum
3480 2845 3584 2898 est,

1991 2937 2211 3006 adjecit.
2246 2936 2361 2990 Nec
2405 2934 2553 2989 enim
2598 2932 2730 3003 quid
2778 2932 3029 2986 futurum
3083 2941 3231 2985 esset
3269 2929 3580 2999 ignorabat.

1994 3029 2063 3085 Et
2087 3031 2356 3091 animum,
2388 3026 2432 3081 si
2460 3027 2617 3088 libet.
2647 3026 2871 3080 adverte
2895 3023 3127 3078 Joannis
3154 3022 3478 3076 Damasceni
3507 3022 3578 3075 de

296 3117 601 3184 ἁγγελικῆς
626 3118 888 3183 ἐξέπιπτε
921 3118 1127 3189 βιοτῆς,
1157 3120 1258 3173 ούκ
1291 3122 1357 3174 ἂν
1380 3123 1413 3189 ή
1444 3122 1555 3174 τῶν
1589 3124 1889 3192 σχημάτων

1998 3122 2219 3177 homine
2266 3121 2445 3188 primo
2485 3104 2691 3175 verbis.
2718 3118 2853 3185 Quia
2900 3117 3044 3173 Deus
3097 3118 3407 3170 futurorum
3444 3132 3587 3185 prae;

298 3208 445 3278 αῦτη
480 3210 1045 3280 προσκατεσκεύαστο
1100 3212 1354 3282 διαφορά,
1390 3213 1473 3267 ὅτι
1518 3206 1655 3283 μηδὲ
1698 3214 1889 3285 χρείαν

298 3294 416 3370 εἶχε
451 3292 713 3372 ταύτηςό
745 3303 866 3356 κατ’
910 3303 1099 3357 εἰκόνα
1156 3306 1531 3375 γεγενημένος
1566 3306 1704 3360 Θεοῦ
1754 3308 1893 3378 πρός

298 3410 368 3463 τε
394 3394 493 3464 τὴν
536 3398 603 3449 ἐκ
644 3396 897 3467 διαδοχῆς
936 3396 1035 3449 τοῦ
1063 3397 1253 3464 γένους
1284 3398 1567 3462 σύστασιν,
1599 3399 1694 3452 ἅτε
1748 3400 1893 3451 κατὰ

300 3487 429 3550 τοὺς
463 3488 753 3558 ἀγγέλους,
780 3487 855 3550 ὼς
903 3486 1019 3541 άνω
1064 3487 1395 3556 διείληπται,
1427 3488 1646 3557 μέλλων
1684 3489 1893 3558 πληθύ-

300 3577 520 3633 νεσθαι.
568 3579 709 3631 Ἀλλ’
741 3577 1163 3647 ἐπαναληπτέον
1193 3579 1296 3632 κᾶν
1325 3575 1483 3643 αὖθις
1517 3581 1605 3633 τὸν
1638 3581 1819 3648 λόγον.

1987 3213 2139 3269 scius
2173 3222 2328 3267 norat
2384 3210 2660 3265 hominem
2718 3210 2979 3262 mandato
3028 3222 3135 3260 non
3180 3207 3490 3276 pariturum
3522 3223 3587 3261 ac

1989 3304 2234 3359 interitui
2261 3304 2506 3358 futurum
2536 3302 2858 3362 obnoxium,
2886 3300 3094 3355 idcirco
3124 3299 3385 3354 feminam
3416 3315 3485 3355 ex
3513 3317 3581 3355 eo

1992 3397 2271 3466 producit.
2327 3394 2591 3464 Adeoque
2644 3394 2688 3447 si
2755 3394 2923 3447 homo
2994 3392 3104 3447 vita
3168 3392 3415 3462 angelica
3476 3408 3588 3447 non

1992 3488 2314 3549 excidisset,
2345 3501 2577 3541 sexnum
2629 3485 2928 3539 discrimen
2963 3484 3173 3538 nullum
3219 3483 3420 3538 factum
3447 3480 3589 3539 fuis—

1993 3590 2098 3641 set,
2138 3580 2343 3650 quippe
2399 3580 2561 3647 cujns
2610 3578 2759 3633 haud
2816 3577 3062 3644 eguisset
3108 3577 3177 3631 ad
3215 3580 3435 3647 generis
3466 3595 3591 3648 pro-

301 3673 646 3742 pagationem
702 3672 749 3727 is
799 3672 894 3742 qui
945 3671 1015 3726 ad
1097 3672 1391 3742 imaginem
1463 3672 1558 3726 Dei
1607 3673 1785 3727 factus
1825 3682 1965 3728 erat.
2007 3673 2141 3729 Nam
2199 3689 2350 3728 more
2402 3673 2743 3743 angelorum,
2801 3682 2861 3726 ttt
2910 3671 3210 3726 indicatum
3268 3680 3350 3724 est
3403 3688 3589 3740 supra,

302 3775 483 3821 semet
518 3764 957 3836 atupliftcaturul
1005 3764 1204 3820 fuerat.
1242 3765 1351 3820 Sed
1385 3769 1533 3822 enim
1563 3769 1631 3823 ad
1670 3768 1982 3824 institutam
2021 3768 2328 3824 orationem
2362 3767 2702 3823 redeundum
2736 3776 2841 3821 est.

820 3862 957 3930 Napi
996 3862 1103 3916 τοῦ
1151 3863 1362 3932 ὄφεως.

374 3952 512 4008 Θεία
544 3957 684 4023 μετὰ
707 3956 809 4026 τὴν
834 3955 1151 4026 παράϐασιν
1172 3958 1309 4026 προς
1336 3958 1432 4011 τὸν
1459 3958 1585 4033 ὅθι-θ
1610 3958 1893 4027 ἀπόφασις

306 4068 327 4100 ⁸
379 4049 474 4100 ἰπὶ
494 4047 573 4117 τῷ
613 4048 805 4116 στήθει
845 4048 942 4101 καὶ
976 4052 1041 4120 τῇ
1071 4051 1250 4122 κοιλίᾳ
1294 4051 1558 4123 πορεύσῃ.
1598 4070 1617 4103 ι
1668 4052 1891 4120 Ἐπειδὴ

300 4142 534 4211 καρδίαν
581 4143 874 4210 ὴπάτησας
932 4146 1024 4197 καὶ
1085 4144 1302 4197 κοιλίαν
1362 4145 1591 4207 ἔπεισας
1648 4144 1893 4214 ἅψασθαι

303 4233 640 4304 βρωμάτων,
670 4233 768 4286 ἐπὶ
810 4235 885 4303 τῷ
919 4234 1105 4304 στήθει
1159 4237 1253 4288 καὶ
1284 4237 1351 4305 τῇ
1385 4236 1566 4306 κοιλίᾳ
1618 4236 1891 4305 πορεύσῃ.

301 4327 442 4379 οὐδὲ
469 4327 579 4396 γάρ
617 4326 692 4388 ὡς
734 4326 902 4390 πόδας
952 4328 1294 4398 κεκτημένου
1332 4330 1393 4382 τὸ
1422 4329 1711 4397 πρότερον,
1748 4328 1894 4381 καθὰ

313 4416 581 4487 Ἰώσηπός
624 4416 684 4469 τέ
733 4435 870 4487 φησι
914 4420 1007 4471 καὶ
1038 4421 1072 4489 ἠ
1116 4419 1391 4489 λεγομένη
1431 4419 1621 4490 Λεπτῆ
1652 4421 1892 4483 Γένεσις.

2601 3864 2680 3918 De
2708 3875 2972 3933 serpente.

2068 3958 2190 4014 Haec
2238 3967 2324 4014 est
2389 3957 2476 4012 illa
2532 3957 2627 4011 Dei
2683 3957 2749 4009 ad
2809 3963 3122 4021 serpentem
3181 3962 3302 4022 post
3353 3955 3595 4008 hominis

1994 4053 2204 4122 lapsum
2256 4052 2433 4105 oratio
2466 4066 2480 4103 :
2516 4048 2678 4119 104
2718 4066 2735 4099 ι
2779 4049 2833 4101 In
2868 4056 3063 4115 peetus
3092 4061 3154 4099 ac
3183 4058 3432 4099 ventrem
3464 4064 3591 4099 am-

1993 4145 2210 4200 bulabis
2242 4144 2312 4197 ⁸⁸.
2346 4163 2364 4194 ι
2410 4143 2524 4200 lloc
2557 4152 2643 4196 est
2675 4140 3122 4210 quandoquidem
3160 4154 3255 4193 cor
3301 4141 3591 4209 det-t-pisti.

2001 4247 2057 4291 et
2101 4236 2280 4290 ventri
2322 4235 2645 4305 persuasisti
2700 4244 2757 4288 ut
2814 4234 2997 4288 cibum
3047 4234 3197 4287 illutn
3248 4233 3590 4301 decerperet.

2003 4327 2210 4382 ideirco
2246 4328 2300 4382 in
2337 4338 2530 4397 pectus
2559 4342 2624 4380 ac
2652 4335 2899 4380 ventrem
2941 4324 3267 4379 ambulabis.
3294 4325 3409 4377 Non
3442 4325 3591 4377 enim

2003 4430 2297 4490 propterea
2336 4420 2479 4474 Deus
2526 4418 2996 4473 inambulaturnm
3052 4417 3230 4469 ventri
3281 4426 3591 4485 serpentem

299 4508 401 4563 νῦν
426 4479 918 4576 senatuin-arm
949 4479 1133 4581 ἐπὶ-τῇ
1168 4479 1349 4579 κοιλίᾳ
1379 4479 1709 4581 περίπατον.
1751 4479 1889 4565 Ἀλλί

2000 4511 2339 4576 pronuntiat,
2401 4510 2557 4578 quasi
2606 4510 2760 4573 prius
2811 4508 2899 4561 ille
2952 4507 3122 4576 pedes
3178 4506 3479 4567 'wDUlSsel,
3535 4516 3593 4557 ut

302 4599 494 4671 ἐπειδὴ
546 4600 689 4654 κατὰ
741 4600 833 4653 τὸν
889 4604 1323 4673 χρυσορῤήμονα
1370 4604 1624 4672 Ἰωάννην
1663 4604 1772 4656 ἀπὸ
1801 4604 1896 4657 τοῦ

300 4691 497 4762 ὀρθίου
544 4692 827 4763 σχήματος
880 4692 1137 4761 τοιαύτην
1166 4692 1351 4748 ἄδειαν
1374 4694 1542 4765 ἔσχεν
1570 4694 1714 4747 ὥστε
1761 4696 1899 4761 πρὸς

302 4784 367 4837 τὸ
406 4779 503 4846 οῦς
532 4786 597 4852 τῇ
634 4782 744 4854 Εὕα
795 4784 1104 4853 πλησιάσαι
1155 4787 1249 4837 καὶ
1303 4786 1431 4855 περὶ
1479 4785 1741 4839 τοιούτων
1783 4787 1899 4839 δια-

301 4876 591 4946 λεχθῆναι,
643 4880 711 4945 τῇ
772 4880 841 4948 γῇ
888 4880 984 4933 καὶ
1049 4877 1194 4932 πάνυ
1249 4878 1473 4937 δικαίως
1538 4879 1900 4948 ἐπισύρεσθαι

303 4968 697 5038 κατεδικάσθη.
735 4970 797 5023 Et
833 4970 943 5041 γὰρ
978 4971 1075 5025 καὶ
1101 4973 1275 5034 άπους
1306 4970 1366 5035 ἐξ
1394 4971 1569 5041 ἀρχῆς
1597 4971 1895 5024 διεπέπλα-

306 5076 431 5121 ato,
464 5059 603 5113 ἀλλά
640 5061 860 5124 κύκλοις
892 5062 1051 5117 τινῶν
1079 5062 1326 5116 κάτωθεν
1358 5062 1600 5132 ἑλιγμῶν
1626 5063 1899 5131 ⁴ἐνορθού-

306 5167 473 5220 μενος
526 5155 849 5219 τεταμένοις
899 5157 1014 5218 τοῖς
1065 5155 1324 5226 στήθεσιν
1373 5155 1630 5210 ἱππευσε.
1665 5156 1758 5207 Διὸ
1807 5157 1903 5208 καὶ

303 5242 409 5296 νῦν
447 5245 475 5296 6
520 5243 643 5311 ὕφις
690 5245 954 5309 πολλάκις
996 5247 1342 5317 θυμούμενος
1390 5248 1675 5315 ἀνίστησιν
1706 5248 1901 5300 ἑαυτὸν

306 5337 408 5390 καὶ
458 5337 738 5401 κυκλικῶς
773 5337 1124 5409 ἑλισσόμενος
1164 5340 1373 5412 τρέχει.
1418 5340 1637 5412 Προθὰς
1671 5339 1728 5393 δὲ
1772 5340 1899 5394 ὅσον

306 5432 489 5498 δείξαι
530 5434 625 5486 τοῦ
670 5434 905 5489 παλαιοῦ
956 5434 1292 5504 βαδίσματος
1326 5437 1426 5508 τὴν
1458 5439 1707 5508 μνήμην,
1734 5437 1898 5489 πάλιν

304 5525 393 5596 τῷ
428 5526 523 5593 τῆς
571 5528 903 5597 ἀποφάσεως
956 5530 1360 5585 καταϐάλλεται
1421 5532 1592 5601 νόμῳ,
1647 5530 1792 5598 Ὅρα
1840 5528 1898 5580 δέ

305 5618 586 5689 νουνεχῶς
628 5621 711 5675 ὄτι
753 5621 1149 5687 τοσοῦτόνέστι
1177 5622 1317 5693 βαρὺ
1358 5624 1418 5675 τό
1457 5641 1576 5676 τινα
1615 5621 1736 5677 καθ’
1769 5624 1896 5677 ἐαυ-

387 5761 430 5793 "
472 5760 608 5816 Gen.
642 5780 726 5829 ttt,
775 5765 857 5819 Η.

1994 4602 2266 4671 Josepbus
2296 4610 2348 4655 et
2384 4617 2585 4670 parvus
2618 4600 2709 4653 ille
2742 4600 2809 4654 de
2848 4616 3029 4653 rerum
3060 4607 3182 4652 ortu
3218 4598 3353 4651 liber
3384 4598 3539 4650 aiunt
3577 4614 3592 4649 :

1999 4696 2094 4751 sed
2131 4697 2259 4764 quia
2290 4695 2357 4749 de
2382 4693 2655 4749 sententia
2684 4692 3060 4763 tlltrysustutni
3095 4692 3246 4760 prius
3278 4691 3591 4744 facultatem

2000 4791 2209 4845 habens
2239 4799 2425 4845 erecto
2463 4804 2696 4858 corpore
2736 4786 3099 4842 conveniendi
3148 4785 3310 4838 Evam
3362 4792 3417 4837 et
3467 4800 3592 4837 eum

2000 4899 2063 4939 ea
2119 4883 2491 4952 colloquendi,
2523 4896 2670 4935 nunc
2715 4880 3011 4934 damnatus
3060 4879 3247 4935 fuerit.
3277 4893 3340 4932 ac
3398 4879 3597 4930 merito

2000 4977 2245 5048 quidem,
2284 4986 2344 5031 ttt
2392 4976 2543 5029 humi
2600 4984 2868 5044 serperet.
2908 4973 3039 5026 Nam
3093 4971 3304 5026 tametsi
3339 4971 3406 5023 ab
3440 4970 3595 5023 initio

1999 5085 2231 5138 serpens
2263 5069 2337 5122 ita
2370 5067 2628 5122 conditus
2658 5076 2776 5120 erat
2811 5082 2839 5118 a
2875 5065 3007 5129 Deo,
3041 5065 3277 5133 pedibus
3314 5064 3393 5116 uti
3441 5077 3595 5114 rare—

2000 5171 2106 5222 ret,
2158 5169 2343 5214 tamen
2394 5159 2621 5213 orbibus
2666 5156 2995 5227 quibusdam
3046 5156 3314 5210 faetarnm
3366 5153 3594 5207 inferius

2001 5250 2452 5305 convolutionutn
2510 5258 2731 5303 erectus
2780 5248 2847 5301 iis
2896 5248 3033 5318 ipsis
3092 5258 3324 5300 extenso
3370 5255 3595 5314 pectore

2008 5339 2565 5410 velut'lnequitabat.
2618 5341 2827 5395 Idcirco
2864 5340 3114 5393 videmus
3153 5350 3209 5393 et
3265 5338 3428 5391 hodie
3479 5352 3593 5391 ser-

2009 5443 2227 5504 pentem
2267 5435 2463 5489 iratum
2499 5444 2675 5491 semet
2716 5435 2929 5504 erigere
2961 5449 3024 5487 ae
3054 5434 3107 5487 in
3138 5434 3301 5486 orbes
3332 5430 3589 5485 convolu-

2010 5538 2123 5582 tqu
2178 5529 2452 5599 progredi.
2506 5529 2624 5595 Quo
2662 5529 2829 5588 facto,
2879 5527 3035 5598 quasi
3092 5526 3292 5581 veteris
3337 5524 3593 5578 incessus

2009 5623 2273 5677 memoria
2314 5622 2474 5678 nobis
2505 5624 2561 5677 in
2596 5631 2834 5677 mentem
2870 5629 3144 5685 revocata,
3172 5632 3389 5674 rursum
3434 5616 3594 5687 jttxu
