4204 6450
311 380 416 445 213

1581 387 1911 448 ANNALIU

2032 392 2223 455 PARS
2270 394 2310 453 ἵ.
3448 390 3549 450 9'5.

311 497 618 549 τὸπλαστον
685 495 1068 553 ἀποκτείναντι
1133 499 1305 568 Ἀδάμ
1371 501 1466 554 καὶ
1525 499 1737 553 ἐκείνου
1795 503 1883 554 τὴν

2008 505 2254 558 idamum
2287 506 2432 558 illum
2464 505 2764 573 principem
2813 504 3035 556 humani
3071 503 3282 572 generis
3323 503 3540 556 interir-

315 587 544 642 θάνατον
580 588 982 655 είσενεγκόντις
1026 608 1043 641 ι
1090 591 1253 645 Ἀλλὰ
1287 593 1380 644 καὶ
1409 595 1436 644 6
1457 591 1712 662 Σιναῖτης
1738 593 1880 655 θεῖος

326 679 677 742 Ἀναστάσιος
729 680 810 742 είς
860 682 1219 752 ἐπιστροφὴν,
1249 682 1324 744 ὡς
1352 682 1548 745 ἔοικεν,
1575 683 1750 736 ἕλκων
1789 686 1882 736 καὶ

313 771 438 830 τοὺς
494 769 616 822 λίαν
674 773 1150 838 ἀπεγνωσμένους,
1208 777 1300 827 καὶ
1353 775 1478 828 τάδε
1539 775 1680 827 κατά
1732 776 1883 843 ῥῆμα

316 861 502 932 φησίν·
527 878 546 912 ι
582 862 643 914 El
673 863 971 931 Μανασσῆν
999 865 1026 916 6
1052 864 1181 926 Θεὸς
1205 865 1294 918 διὰ
1324 866 1616 933 μετανοίας
1639 864 1881 927 ἐδέξατο,

315 954 454 1022 τάχα
479 953 659 1023 τολμῶ
680 955 854 1006 εἰπεῖν
877 955 958 1006 ὅτι
988 955 1084 1006 καὶ
1115 955 1209 1007 τὸν
1246 955 1490 1008 διάϐολον
1521 955 1883 1025 μετανοοῦντα

313 1041 592 1111 ῥλοψύχως
655 1041 890 1106 δέξεται.
933 1061 954 1094 ι
1015 1043 1212 1107 Καλῶς
1267 1045 1321 1097 δὲ
1373 1043 1526 1098 εἶπεν
1567 1047 1651 1099 ὃτι
1703 1045 1884 1113 τολμῶ

317 1134 525 1184 εἰπεῖν’
555 1133 660 1200 δρα
691 1133 798 1202 γάρ
828 1134 911 1186 ὅτι
941 1135 1038 1186 καὶ
1069 1136 1097 1186 6
1126 1135 1491 1204 Δαμασκηνὸς
1525 1136 1781 1205 Ἰωάννης
1820 1137 1880 1188 οὐ

316 1224 499 1277 δίδωσι
555 1223 636 1294 τῷ
683 1224 914 1297 διαϐόλῳ
961 1226 1272 1297 μετάνοιαν.
1313 1229 1478 1296 Λέγει
1521 1229 1616 1281 καὶ
1651 1228 1761 1298 γὰρ
1801 1228 1883 1280 ὃτι

317 1314 456 1384 ὅπερ
500 1317 616 1368 ἐστὶ
669 1317 784 1380 τοῖς
837 1316 1144 1385 ἀνθρώποις
1189 1319 1218 1371 6
1278 1319 1529 1381 θάνατος,
1571 1317 1732 1372 τοῦτο
1771 1320 1884 1379 τοῖς

318 1404 571 1472 ἀγγέλοις
601 1406 635 1476 ἡ
655 1406 938 1470 Ἐκπτωσις
960 1421 975 1437 ·
1011 1409 1149 1477 μετά
1198 1410 1308 1477 γὰρ
1329 1408 1431 1480 τὴν
1464 1409 1740 1463 ἔκπτωσιν
1782 1409 1884 1463 οὐκ

319 1495 466 1550 ἔστιν
497 1499 680 1561 αὑτοτς
716 1499 1002 1569 μετάνοια,
1035 1500 1227 1570 ὥσπερ
1256 1501 1376 1552 οὐδὲ
1423 1503 1534 1562 τοῖς
1575 1500 1886 1570 ἀνθρώποις

323 1591 465 1656 μετὰ
497 1590 746 1645 θάνατον.
780 1591 893 1644 Οὐκ
927 1591 1142 1660 ἐνεδόοη
1178 1591 1236 1644 δὲ
1282 1593 1513 1653 καὶτοῖς
1558 1591 1886 1646 ἐκπεσοῦσιν

321 1681 574 1748 ἀγγέλοις
619 1683 899 1751 μετάνοια,
947 1683 1021 1742 ὡς
1060 1683 1090 1735 6
1134 1683 1403 1750 Νεμέσιὸς
1451 1700 1636 1751 φησιν,
1676 1684 1758 1734 ὅτι
1795 1684 1886 1736 καὶ

321 1771 613 1840 ἀσώματος
644 1775 675 1839 ἡ
706 1773 870 1839 φύσις
891 1773 1068 1826 αὐτῶν
1088 1787 1103 1802 ο
1155 1774 1184 1823 6
1217 1773 1326 1839 γὰρ
1355 1773 1640 1842 ἅνθρωπος
1676 1773 1762 1825 διὰ
1791 1773 1887 1842 τὴν

1988 596 2062 648 cit
2099 597 2324 663 ejusque
2357 597 2516 648 morti
2550 612 2768 650 causam
2809 597 3074 664 prgebuit?
3107 595 3330 646 llivinns
3371 605 3548 645 autem

1987 685 2087 752 vir,
2114 685 2428 740 Anastasius
2461 688 2545 740 ille
2570 689 2829 749 Sinaites,
2848 702 2957 755 quo
2982 686 3331 740 vehementer
3358 685 3554 749 (ὶθςιιοο-

1977 785 2132 830 ratos
2171 777 2439 836 homines,
2476 778 2550 830 uti
2581 777 2799 844 quidem
2848 777 3084 838 videtur,
3121 777 3186 829 ad
3233 776 3552 828 conversio-

1986 884 2109 922 nem
2160 869 2372 930 invitet,
2407 875 2524 924 haec
2582 872 2647 923 ad
2689 871 2921 922 verbum
2977 868 3180 937 profert
3219 883 3232 920 :
3272 887 3290 917 ε
3339 867 3394 918 Si
3443 866 3554 918 Ma-

1987 978 2204 1016 nassen:
2269 963 2409 1018 Deus
2461 981 2557 1032 per
2614 963 2992 1032 pmnitentiam
3069 962 3308 1027 recepit,
3375 961 3550 1013 ausim

1985 1053 2169 1107 dicme
2217 1055 2358 1122 quod
2409 1059 2569 1108 etiam
2625 1054 2895 1108 diabolum
2951 1062 3062 1106 toto
3123 1061 3345 1119 pectore
3392 1062 3554 1118 atque

1986 1146 2172 1198 animo
2202 1146 2610 1214 resip?seentcm
2636 1146 2688 1198 in
2716 1148 2940 1214 gratiam
2967 1152 3285 1211 recepturus
3316 1141 3502 1194 fuerit.
3533 1161 3549 1190 ε

1987 1233 2193 1297 Quibus
2242 1236 2420 1289 verbis
2471 1245 2615 1290 recte
2644 1235 2775 1290 illud
2835 1233 3083 1295 inservit,
3133 1257 3152 1284 ε
3192 1233 3430 1285 Andeam
3473 1230 3555 1284 di-

1987 1343 2130 1382 cere.
2167 1347 2186 1378 υ
2237 1327 2370 1380 Nam
2409 1337 2465 1381 et
2506 1329 2870 1382 Damascenus
2914 1327 3003 1379 ille
3050 1325 3292 1379 Joannes
3341 1322 3556 1375 diabolo

1988 1419 2364 1486 paenitentiam
2431 1417 2632 1470 nullam
2695 1418 2920 1479 tribuit,
2983 1417 3138 1486 cujus
3216 1417 3334 1469 hmc
3392 1414 3553 1466 verba

1989 1517 2161 1562 sunt:
2201 1527 2220 1559 ι
2269 1508 2422 1574 Quod
2473 1523 2619 1563 mors
2677 1517 2761 1563 est
2821 1509 3150 1584 hominibus,
3195 1508 3298 1559 hoc
3348 1505 3557 1574 angelis

1988 1607 2071 1650 est
2098 1598 2329 1665 lapsus:
2371 1601 2575 1668 quippe
2630 1607 2750 1668 post
2811 1600 3024 1667 lapsum
3071 1598 3214 1651 nulla
3266 1606 3433 1649 restat
3477 1597 3554 1648 eis

1990 1689 2326 1758 pmnitcntia,
2369 1693 2823 1760 quemadmodum
2873 1706 2974 1744 nec
3021 1700 3140 1757 post
3190 1699 3416 1742 mortem
3457 1688 3555 1736 ho-

1990 1781 2248 1836 millibus.
2314 1803 2332 1834 ι
2385 1785 2443 1836 Et
2494 1785 2712 1852 quidem
2763 1784 3079 1852 pmtntentm
3131 1781 3298 1843 lapsi»:
3354 1781 3557 1828 ungi-:2;

321 1863 416 1915 τοῦ
441 1863 692 1932 σώματος
720 1864 1004 1915 ἀσθένειαν
1031 1864 1130 1930 τῆς
1158 1864 1444 1932 μετανοίαις
1483 1863 1698 1933 ἔτυχεν.
1744 1864 1890 1916 Ἀλλ’

2008 1887 2273 1942 )ropterea
2330 1891 2434 1928 non
2495 1886 2578 1928 est
2623 1892 2904 1937 concessa,
2947 1875 3084 1926 sicut
3135 1871 3418 1924 Nemesms
3463 1871 3555 1927 ait,

322 1956 509 2024 εμοιγε
537 1956 725 2018 τέωςὸ
778 1955 931 2021 λόγος
988 1949 1146 2016 οὗτος
1201 1956 1260 2018 ὃς
1319 1956 1415 2008 ἐπὶ
1460 1957 1538 2025 τῷ
1599 1956 1768 2024 Ἀδὰμ
1793 1957 1894 2008 οὐκ

321 2047 469 2100 ἐστιν
519 2048 788 2117 ἀποδοχῆς
851 2047 1022 2110 ἄξιος.
1051 2047 1188 2100 Οὐδὲ
1251 2048 1360 2115 γάρ
1405 2047 1509 2099 ὑπὸ
1565 2047 1894 2113 σωματικῶν

322 2137 629 2207 ἐπιθυμιῶν
663 2138 915 2209 ἡττηθεὶς
937 2142 965 2192 6
1003 2140 1178 2208 Ἀδάμ
1204 2139 1403 2209 εὑρέθη
1439 2138 1764 2208 παραϐάτης
1793 2139 1894 2205 τῆς

325 2228 542 2296 ἐντολῆς
591 2227 794 2296 (ἄπαγε
837 2227 934 2298 τῆς
975 2229 1284 2297 Ὦριγένους
1325 2227 1773 2296 φρενοϐλαϐείας)
1813 2228 1893 2280 ὅτι

333 2319 469 2390 μηδὲ
508 2318 690 2391 χώραν
738 2316 883 2390 εἶχον
935 2315 1094 2376 αὗται
1151 2320 1258 2388 πρὸ
1297 2319 1396 2389 τῆς
1442 2319 1805 2390 παραϐάσεως
1838 2321 1895 2373 ἐν

334 2412 502 2482 αὐτῷ.
543 2415 650 2465 Καὶ
703 2412 755 2464 τί
793 2412 898 2483 χρὴ
955 2411 1124 2464 πολλὰ
1189 2413 1402 2480 λέγεινς
1437 2402 1606 2474 Ᾱὺτὺς
1653 2411 1682 2464 6
1727 2410 1896 2480 Ἀδὰμ

323 2504 610 2575 ἑκϐληθεῖς
663 2504 755 2558 τοῦ
819 2505 1148 2574 παραδείσου
1201 2506 1294 2558 καὶ
1345 2505 1612 2558 ἀπέναντι
1667 2504 1898 2567 καθίσας

324 2595 489 2648 αὑτοῦ
531 2596 664 2666 παρ’
709 2596 836 2663 ὃλην
883 2595 1103 2667 ἐθρήνει
1139 2596 1236 2668 τὴν
1292 2595 1437 2666 ζωὴν
1469 2596 1656 2650 αὑτοῦ.
1701 2597 1817 2664 Ἐφ’
1855 2590 1899 2663 ᾧ

326 2688 641 2757 κάμπτεται
675 2690 703 2742 6
732 2689 888 2751 Θεὸς,
925 2689 1018 2741 καὶ¹
1056 2689 1237 2744 πάντα
1266 2691 1414 2741 ποιεῖ
1454 2691 1547 2742 καὶ
1589 2691 1790 2758 πάσχει
1830 2691 1898 2742 δι’

326 2783 513 2838 αὐτόν.
562 2783 622 2837 '0
660 2783 717 2836 δὲ
745 2782 995 2845 διάϐολος
1032 2781 1285 2836 ἐκπεσὼν
1314 2784 1376 2836 οὐ
1423 2785 1584 2854 μόνον
1610 2785 1711 2837 οὐκ
1739 2784 1902 2854 ἐθρή-

326 2892 512 2943 νησεν,
558 2875 698 2930 ἀλλά
747 2876 840 2928 καὶ
901 2876 1042 2928 κατά
1109 2874 1207 2928 τοῦ
1261 2875 1583 2944 πλάσματος
1638 2874 1897 2944 ὲλύττησε

327 2966 489 3032 Θεοῦ,
524 2969 620 3020 καὶ
659 2968 750 3020 τὸν
780 2967 912 3020 Θεὸν
954 2967 1116 3020 αὐτὸν
1157 2966 1373 3020 διέϐαλε
1406 2967 1540 3036 πρὸς
1563 2967 1657 3020 τδν
1704 2967 1894 3038 Ἀδάμ.

327 3059 532 3112 Λοιπὸν
562 3059 702 3135 μετὰ
747 3059 846 3129 τὴν
870 3059 1148 3129 ἁμαρτίαν
1190 3057 1333 3112 οὕτω
1365 3058 1683 3112 διατεθέντα
1729 3076 1901 3128 μετα-

327 3147 476 3210 νοίας
502 3149 778 3219 επιτυχεῐν
803 3149 1019 3212 πάντως
1047 3149 1351 3219 ἀμήχανον.

1996 1964 2120 2029 quia
2182 1967 2429 2031 corporis
2479 1980 2670 2030 expers
2725 1975 2804 2018 est
2860 1979 3046 2015 eorum
3111 1970 3324 2014 natura.
3388 1959 3560 2008 iiomu

1995 2053 2140 2104 enim
2177 2063 2396 2121 propter
2431 2055 2853 2108 imbecillitatem
2909 2053 3154 2121 corporis
3185 2050 3557 2119 pmnitentiam

1997 2154 2328 2199 consecutus
2365 2155 2469 2199 est.
2503 2147 2635 2209 Qua:
2673 2157 2850 2198 tamen
2885 2153 3130 2198 extrema
3186 2141 3373 2204 verba,
3415 2139 3558 2207 quod

1997 2235 2264 2288 Adamum
2318 2237 2533 2300 attinet,
2571 2238 2824 2306 equidem
2870 2234 3204 2290 admittenda
3253 2248 3360 2285 non
3409 2244 3561 2300 puto.

1997 2325 2110 2379 Nec
2151 2325 2297 2379 enim
2361 2327 2448 2380 ille
2511 2329 2785 2394 corporeis
2841 2345 2868 2378 ιι
2935 2324 3329 2396 cupiditatibus
3387 2323 3566 2376 victus

2001 2417 2236 2492 mandati
2303 2418 2531 2471 violator
2579 2416 2757 2471 factus
2811 2427 2914 2471 est.
2951 2417 3210 2486 Apagesis
3258 2427 3382 2467 cum
3432 2412 3565 2464 istac

1999 2507 2282 2579 OrigeniCa
2318 2511 2554 2563 insania.
2589 2510 2801 2578 Quippe
2833 2509 3045 2562 nullum
3081 2507 3185 2561 illae
3232 2507 3410 2559 locum
3464 2505 3562 2555 ha-

2001 2601 2198 2654 hebant
2248 2601 2301 2654 in
2345 2601 2464 2668 ipso
2499 2612 2625 2654 ante
2660 2601 3174 2670 transgressionem.
3203 2597 3345 2663 Quid
3380 2595 3568 2648 multis

2000 2695 2131 2747 haee-
2161 2694 2340 2747 verbis
2397 2693 2740 2747 indicemus?
2778 2694 3021 2747 Adamus
3070 2689 3326 2762 paradiso
3357 2689 3567 2759 ejeclus

2000 2794 2055 2838 et
2087 2785 2204 2854 ejus
2234 2800 2300 2838 ex
2340 2785 2566 2838 adverso
2615 2786 2918 2839 collocatus
2946 2785 3105 2854 106
3134 2797 3353 2836 omnem
3396 2779 3566 2834 vitam

2001 2877 2266 2946 plorando
2319 2877 2504 2944 exigit.
2543 2876 2888 2946 Quapmpter
2948 2875 3090 2929 Deus
3138 2874 3396 2936 ﬂectitur,
3429 2873 3579 2940 ejus-

2001 2985 2106 3038 que
2144 2985 2306 3024 causa
2369 2971 2508 3023 nihil
2568 2985 2674 3022 non
2739 2969 2871 3023 facit
2920 2984 2982 3022 ac
3039 2971 3265 3036 patitur.
3319 2965 3574 3019 Diabolus

2001 3069 2181 3113 autem
2220 3059 2400 3127 lapsus
2441 3075 2550 3111 non
2595 3058 2762 3124 modo
2809 3072 2916 3110 non
2968 3072 3154 3111 casum
3186 3072 3342 3110 suum
3384 3053 3574 3121 deplo-

2007 3155 2163 3214 ravit.
2202 3169 2389 3205 \u-rum
2423 3153 2586 3205 etiam
2614 3153 2704 3206 Dei
2737 3153 3055 3221 ﬁgmentum
3091 3151 3336 3205 furenter
3357 3161 3574 3218 aggres-

331 3255 447 3306 sus,
489 3241 661 3297 Deum
713 3243 890 3311 ipsum
939 3242 1204 3298 adversus
1261 3219 1532 3298 Adamum
1591 3244 1915 3300 criminatus
1983 3256 2084 3301 est.
2161 3249 2279 3311 Qnu
2334 3246 2551 3313 quidem)
2601 3219 2790 3316 pacto
2824 3261 2949 3299 cum
3004 3244 3235 3298 aﬂ‘cctus
3299 3259 3330 3296 a
3377 3241 3578 3295 delicto

329 3332 516 3404 luerit,
551 3335 743 3406 nequit
786 3336 1013 3390 omnino
1037 3336 1287 3392 accidere
1317 3337 1595 3407 particeps
1640 3347 1700 3393 ut
1747 3341 2079 3408 ptenitcntia:
2111 3340 2220 3396 f-at.

408 3433 606 3486 Ἄκουε
649 3432 706 3485 δὲ
747 3435 839 3484 καὶ
865 3432 917 3485 τί
958 3449 1123 3503 φησιν
1150 3415 1179 3485 6
1202 3433 1553 3503 Θεοδὼρητος
1594 3435 1651 3488 ἐν
1683 3438 1751 3505 τῇ
1790 3435 1895 3488 Θε-

2067 3436 2206 3490 Audi
2237 3436 2367 3505 quid
2399 3436 2466 3490 de
2503 3436 2606 3489 hoc
2637 3435 2690 3488 in
2746 3449 2843 3487 sua
2892 3431 3294 3500 Therapentice
3328 3428 3580 3483 Theodo-

337 3527 648 3596 ραπευτικῇ
701 3525 870 3578 αὐτοῦ
933 3526 1068 3595 περὶ
1107 3527 1322 3581 τούτου.
1369 3525 1659 3597 Ἐπαρθεὶς
1705 3529 1734 3579 6
1792 3527 1908 3579 διά-

333 3618 489 3680 ϐολος
527 3616 746 3686 λέγεται
780 3618 1162 3683 πεπτωκέναι,
1205 3613 1326 3672 εἶτα
1361 3619 1504 3672 κατά
1537 3619 1646 3672 τῶν
1691 3616 1904 3685 ἀνθρώο

334 3727 456 3761 πων
513 3709 589 3772 ὡς
632 3708 804 3762 εικόνι
860 3709 997 3762 Θεοῦ
1048 3711 1434 3780 τετιμημένων
1491 3710 1774 3779 λυττῆσαι,
1811 3712 1908 3764 καὶ

333 3802 428 3855 τὸν
459 3800 603 3854 κατὰ
631 3799 840 3854 τούτων
860 3800 1222 3864 ἀναδέξασθαι
1254 3801 1514 3870 πόλεμον,
1545 3801 1638 3854 τὸν
1661 3803 1717 3855 δὲ
1749 3819 1909 3867 ποιη-

335 3893 434 3963 τὴν
481 3897 548 3964 τῇ
579 3893 686 3948 τῶν
716 3893 969 3961 ἀγγέλων
1014 3894 1312 3963 ἐπιστασίᾳ
1342 3896 1658 3965 φρουρῆσαι
1711 3895 1771 3948 τὸ
1801 3895 1910 3948 τῶν

339 3984 650 4055 ἀνθρώπων
674 3984 854 4052 γένος,
889 3986 1040 4048 ὅπως
1074 3984 1150 4056 μὴ
1192 3986 1286 4056 βία
1320 3989 1418 4040 καὶ
1443 3989 1720 4056 τυραννίδι
1763 3989 1909 4058 χρώο

343 4092 528 4145 μενος,
565 4076 819 4146 ἀοράτως
877 4075 1073 4140 ιπιὼν,
1129 4077 1304 4140 ἀδεῶς
1358 4077 1653 4151 διαφθείρη
1680 4078 1775 4142 οὓς
1825 4081 1912 4132 διά

340 4168 537 4238 φθόνον
591 4168 880 4238 ἐμίσησεν.
939 4169 1210 4224 Οὑκοῦνὸ
1271 4169 1467 4239 φθόνος
1526 4165 1704 4236 οὗτος,
1750 4173 1912 4242 μάλι-

340 4277 442 4313 στα
479 4259 536 4313 δὲ
599 4259 634 4330 ἡ
692 4259 926 4331 ἔπαρσις
976 4259 1144 4314 αὑτοῦ
1219 4261 1315 4314 καὶ
1357 4261 1588 4317 ἀπόνοια
1637 4263 1753 4333 (καὶ
1817 4263 1912 4316 νῦν

338 4355 454 4424 γὰρ
503 4352 598 4406 ὑπ’
632 4352 797 4406 αὐτὸν
848 4353 1015 4425 ἀρχαὶ
1081 4355 1178 4408 καὶ
1231 4355 1492 4420 δξουσίαι,
1552 4355 1628 4418 ὠς
1682 4358 1709 4409 6
1764 4354 1913 4408 Παῦ-

339 4447 431 4509 λος
463 4446 642 4516 φησὶ),
703 4445 844 4516 πρὸς
897 4447 1111 4510 τούτοις
1149 4448 1206 4501 δὲ
1263 4448 1296 4516 ὴ
1337 4448 1646 4514 ἀπόγνωσις
1709 4449 1780 4518 (εί
1838 4447 1912 4517 μὴ

339 4538 451 4606 γὰρ
507 4536 670 4591 τοῦτο
720 4533 813 4608 ἦν,
853 4539 957 4592 οὐκ
1020 4537 1088 4591 ἂν
1174 4538 1360 4605 ἔλεγον
1416 4541 1499 4592 ὅτι
1562 4540 1669 4607 πρὸ
1718 4541 1910 4611 καιροῦ

338 4624 505 4698 ἦλθες
554 4627 852 4697 βασανίσαι
906 4629 1078 4698 ἡμᾶς)
1131 4630 1414 4697 μετανοεῖν
1457 4630 1547 4682 τὸν
1599 4631 1913 4698 ἀποστάτην

339 4720 442 4774 οὐκ
461 4719 546 4790 ta.

801 4814 941 4879 Περὶ
968 4811 1076 4866 τοῦ
1114 4813 1484 4866 ἀποστάτου.

415 4905 557 4974 Πρὸς
579 4906 693 4967 τοῖς
725 4904 1037 4976 εἰρημένοις
1081 4905 1278 4958 εἰδέναι
1309 4922 1368 4957 σε
1401 4907 1494 4958 καὶ
1536 4905 1692 4958 τοῦτο
1723 4905 1908 4976 βούλο-

345 5016 468 5066 μαι,
503 4999 584 5050 ὅτι
606 5000 634 5050 6
665 4999 977 5068 ἀποστάτης
1018 4993 1174 5059 οὗτος
1212 4997 1460 5061 διάϐολος
1493 5001 1550 5050 ἐν
1577 5002 1695 5062 ταῖς
1744 5000 1912 5067 ἀγγε-

343 5089 529 5154 λικαῖς
578 5090 841 5158 δυνάμεσι
895 5090 1290 5160 πρωτοστάτης
1341 5085 1432 5156 ἦν,
1497 5091 1699 5156 ἀγαθὸς
1761 5090 1912 5158 παρὰ

343 5181 481 5235 Θεοῦ
516 5182 805 5249 γενόμενος
849 5182 946 5234 καὶ
975 5182 1144 5252 μηδὲν
1184 5183 1329 5250 ἴχνος
1351 5179 1545 5243 κακίας
1583 5181 1614 5253 ἢ
1649 5182 1914 5249 πονηρίας

344 5273 404 5326 ὲν
434 5271 613 5341 ἐαυτῷ
654 5275 854 5343 φέρων.
909 5275 1092 5327 Πάντα
1132 5274 1241 5342 γὰρ
1283 5274 1385 5326 ὅσα
1417 5274 1675 5343 ἐποίησεν
1717 5275 1744 5325 6
1787 5274 1922 5337 Θεὸς

345 5362 509 5428 καλά,
556 5365 648 5416 καὶ
701 5364 840 5419 καλά
877 5364 1018 5418 λίαν.
1075 5366 1261 5419 Κακὸν
1308 5364 1364 5418 δὲ
1404 5365 1558 5418 οὐδὲν
1596 5366 1854 5436 ἐποίησεν
1891 5369 1919 5419 6

344 5458 499 5520 Θεὸς.
549 5459 622 5512 Τὸ
669 5463 778 5529 γάρ
824 5461 994 5514 κακὸν
1027 5460 1178 5514 οὐδὲν
1206 5461 1336 5516 ἄλλο
1377 5461 1586 5532 ἐστὶνῆ
1629 5461 1724 5514 τοῦ
1754 5463 1918 5515 καλοῦ

349 5550 722 5620 ἀναχώρησις.
747 5552 934 5624 ὥσπερ
988 5555 1082 5608 οὖν
1123 5556 1217 5609 καὶ
1250 5556 1310 5607 τὸ
1356 5557 1545 5618 σκότος
1577 5557 1732 5610 οὐδὲν
1791 5557 1921 5609 ἄλλο

347 5641 500 5694 ἐστὶν
538 5642 570 5713 ἦ
617 5646 793 5709 φωτὸς
829 5647 1106 5717 στέρησις.
1137 5644 1333 5709 Καλῶς
1365 5643 1458 5701 οὖν
1509 5645 1662 5702 εἶπεν
1706 5650 1732 5702 6
1763 5649 1917 5716 λόγος

417 5794 464 5826 "
488 5757 683 5862 Eph“.
714 5811 786 5858 νι,
821 5795 904 5849 i2.
979 5796 1024 5827 "
1061 5796 1245 5852 Matth.
1277 5810 1395 5861 vtn,
1425 5795 1512 5851 '29.

2010 3529 2146 3582 ritus
2172 3528 2338 3582 dicat.
2375 3527 2511 3582 Cum
2568 3527 2731 3590 fastu,
2765 3527 2962 3594 inquit,
2998 3525 3173 3578 elatus
3220 3523 3412 3576 fuisse:
3459 3522 3581 3575 dia-

2009 3621 2206 3682 bolus,
2273 3619 2458 3688 lapsus
2509 3632 2633 3672 esse
2681 3615 2920 3672 dicitur.
2976 3627 3273 3681 contraque
3329 3610 3582 3666 homines

2009 3719 2300 3764 exornatas
2360 3711 2594 3780 imagine
2647 3708 2738 3762 Dei
2805 3709 2986 3761 furore
3044 3707 3274 3775 quodam
3342 3704 3583 3770 percitus

2011 3803 2216 3857 bellum
2274 3803 2324 3854 in
2357 3817 2453 3855 eos
2502 3802 2764 3870 suscepit.
2804 3799 2996 3854 Verum
3029 3797 3208 3868 Opifex
3264 3796 3351 3849 ille
3395 3809 3580 3849 rerum

2013 3893 2218 3964 angelis
2274 3893 2588 3946 hominibus
2629 3905 2860 3960 praeesse
2902 3891 3067 3959 jussis
3126 3890 3354 3941 mortale
3414 3900 3584 3956 genus

2011 3985 2268 4045 custodit,
2301 4000 2370 4038 ne
2403 3983 2455 4038 vi
2487 3999 2550 4038 ac
2580 3983 2786 4037 smvitia
2814 3998 2948 4036 usus
2975 3981 3244 4043 diabolus,
3279 3980 3586 4047 inaspecta-

2012 4078 2196 4132 biliter
2231 4092 2327 4132 eos
2379 4091 2686 4147 aggressus,
2722 4090 2857 4145 quos
2893 4075 3010 4128 odit
3037 4090 3102 4127 ex
3134 4071 3340 4126 invidia
3372 4071 3581 4140 perdat.

2012 4172 2357 4238 Quapropter
2386 4169 2472 4222 illa
2507 4166 2708 4220 invidia
2734 4206 2748 4229 ,
2788 4166 3198 4235 praesertimque
3252 4165 3427 4218 fastus
3474 4164 3586 4217 ela-

2017 4262 2180 4316 tionis
2209 4274 2258 4315 et
2283 4261 2612 4315 dementatio
2636 4262 2798 4330 (nam
2835 4257 3100 4326 hodieque
3145 4268 3268 4310 sunt
3298 4257 3441 4311 inter
3487 4270 3584 4309 eos

2018 4354 2241 4422 imperia
2261 4363 2316 4406 et
2349 4360 2667 4419 potestates.
2696 4349 3154 4418 quemadmodum
3188 4349 3387 4401 Paulus
3414 4345 3458 4376 ⁸³
3483 4346 3588 4414 ait)

2013 4459 2067 4504 et
2105 4458 2362 4517 praeterea
2396 4445 2708 4514 desperatio
2756 4444 2776 4507 (
2805 4444 3010 4512 absque
3033 4457 3139 4512 qua
3176 4441 3338 4503 foret,
3376 4453 3582 4508 nequa-

2014 4554 2176 4608 quam
2235 4538 2536 4591 dixissent:
2582 4553 2600 4586 ι
2647 4533 3011 4600 Quamobrem
3075 4545 3200 4586 ante
3251 4542 3465 4600 tempus
3517 4531 3584 4582 ad

2015 4631 2433 4686 eiu-ruciandmn
2471 4645 2572 4683 nos
2598 4628 2792 4683 venisti
2824 4627 2916 4680 ὀἳ
2953 4645 2970 4678 ι
2997 4629 3014 4693 )
3045 4628 3380 4681 desertorem
3435 4626 3593 4678 illum

2021 4725 2113 4779 Dei
2143 4721 2460 4795 ptenitentia
2500 4723 2573 4775 uti
2603 4735 2712 4774 non
2743 4721 2950 4774 sinunt.

2445 4813 2517 4868 De
2546 4821 2789 4884 apostata
2823 4815 2929 4865 sive
2967 4811 3200 4865 diabolo.

2094 4907 2226 4962 Volo
2254 4915 2434 4962 autem
2476 4915 2674 4976 praeter
2715 4906 2948 4960 indicata
2978 4915 3031 4958 te
3082 4907 3182 4958 IlOt!
3213 4907 3376 4959 etiam
3427 4906 3590 4969 scire,

2019 5003 2355 5057 desertorem
2389 5001 2535 5055 hunc
2565 4999 2837 5053 diabolum
2871 4999 3106 5067 primum
3150 5000 3295 5051 inter
3323 5001 3594 5067 angelicas

2023 5095 2520 5166 potestatesJocum
2545 5091 2822 5154 habuisse,
2862 5105 2984 5144 cum
3012 5091 3188 5145 bonus
3220 5107 3247 5144 a
3282 5090 3390 5144 Deo
3414 5091 3592 5145 factus

2022 5197 2187 5249 esset,
2221 5201 2320 5240 nec
2354 5185 2521 5238 ullum
2552 5182 2868 5238 vitiositatis
2901 5191 2995 5235 aut
3027 5182 3388 5250 improbitatis
3447 5182 3500 5234 in
3533 5198 3594 5236 se

2020 5279 2312 5348 vestigium
2351 5276 2678 5332 contineret.
2715 5275 2850 5328 Nam
2884 5275 3061 5328 omnia
3114 5289 3233 5340 qum
3286 5273 3413 5326 fecit
3448 5273 3594 5326 Deus

2020 5373 2161 5426 bona
2197 5379 2374 5434 erant,
2410 5379 2464 5424 et
2495 5370 2713 5438 quidem
2765 5367 2918 5422 valde
2971 5367 3108 5421 bona
3137 5408 3150 5430 ,
3208 5381 3331 5419 eum
3387 5367 3589 5418 malum

2021 5465 2227 5517 nullum
2287 5462 2610 5517 condiderit.
2650 5461 2860 5515 Etenim
2898 5460 3098 5512 malum
3136 5457 3270 5512 nihil
3329 5468 3411 5512 est
3443 5457 3588 5511 aliud

2019 5575 2180 5628 quam
2212 5577 2238 5608 ει
2272 5556 2410 5610 bono
2441 5555 2701 5619 secessio,
2735 5553 3192 5623 quennnhnodum
3228 5551 3398 5620 caligo
3456 5551 3593 5605 nihil

2020 5651 2166 5704 aliud
2198 5661 2276 5704 cst
2333 5663 2494 5718 quam
2552 5648 2689 5703 lueis
2737 5647 3398 5715 adt-nuptio.Quapioptt-r
3449 5660 3590 5714 prae-
