4204 6450
665 429 772 489 ΞῙΪ»

1947 423 2365 483 M‘iClIAELlS
2405 423 2664 482 GLYCE

3807 421 3924 482 216

665 539 810 592 ciare
831 536 1029 590 dicitur
1062 536 1231 591 Deum
1256 552 1364 591 non
1398 552 1517 590 esse
1549 535 1672 590 mali
1701 544 2002 589 auctorem.
2027 535 2238 603 Quippe

2348 533 2424 584 ὅτι
2477 531 2570 583 τοῦ
2607 531 2780 584 κακοῦ
2835 530 3060 599 ποιητὴς
3094 533 3190 583 οὐκ
3229 532 3375 584 ἐστιν
3425 535 3457 584 6
3494 533 3643 594 Θεός.
3688 533 3825 600 Οὐχὶ
3862 533 3924 584 δὲ

666 644 844 683 rerum
880 644 974 697 per
1013 643 1071 682 se
1104 627 1517 684 subsistentium
1543 628 1794 681 conditor
1828 637 1913 680 est
1947 628 2105 689 Deus,
2131 640 2238 678 nou

2348 623 2445 674 :th
2480 623 2552 690 μὴ
2589 623 2777 674 ὖντων.
2823 623 2883 673 El
2923 622 3028 693 γὰρ
3057 623 3125 674 τὰ
3156 623 3292 674 καλά
3321 623 3670 691 παραχθῆναι
3697 623 3928 689 λέγεται

666 733 854 771 earum
883 733 1004 786 qua:
1029 732 1136 771 non
1165 719 1454 772 exsistunt.
1486 717 1689 782 Quodsi
1716 717 1857 770 bona
1893 717 2149 768 dicuntur
2185 716 2238 766 in

665 821 846 863 ortum
879 826 910 863 a
960 809 1071 863 Deo
1116 810 1401 879 producta,
1447 810 1747 877 putandmn
1803 818 2097 862 esteorum
2148 822 2244 874 ap-

666 901 957 965 pellatione
984 903 1174 955 venire
1219 917 1305 955 res
1335 917 1527 954 omnes
1563 916 1685 968 quae
1719 901 2009 953 exsistunt.
2040 897 2106 950 At
2135 913 2246 948 ma-

665 993 772 1044 lum
806 1009 926 1068 cum
961 1009 988 1047 a
1021 994 1129 1047 Deo
1153 995 1432 1047 conditum
1469 1008 1574 1044 non
1611 991 1792 1053 fuerit,
1828 1007 1938 1044 non
1991 991 2152 1043 etiam
2190 990 2243 1041 in

663 1098 893 1135 numero
951 1097 1132 1136 rerum
1187 1092 1272 1136 est
1326 1081 1728 1135 exsistentium.
1782 1080 1854 1133 De
1888 1094 1996 1146 quo
2049 1090 2247 1130 conse-

661 1175 853 1241 quitur
890 1173 1055 1227 Deum
1103 1189 1210 1227 non
1257 1188 1377 1228 esse
1413 1173 1540 1226 mali
1575 1181 1876 1233 auctorem,
1928 1169 2147 1236 quando
2203 1166 2248 1219 is

2340 717 2493 782 παρά
2556 713 2711 776 Θεοῦ,
2752 710 2928 765 ταῦτα
2970 706 3077 766 καῖ’
3127 712 3259 764 ὄντα
3299 713 3517 774 πάντως
3562 713 3692 764 εἰσί.
3731 714 3805 765 T6
3863 713 3925 764 δὲ

2343 806 2508 857 κακὸν
2539 805 2728 871 ἐπειδὴ
2764 806 2823 856 ού
2860 805 3114 873 παρήχθη
3150 804 3304 872 παρά
3343 805 3500 862 Θεοῦ,
3531 803 3652 856 οὐδὲ
3683 804 3744 856 δν
3775 805 3928 882 ὲ-στι.

2343 897 2448 948 Τοῦ
2497 895 2671 948 κακοῦ
2725 897 2907 948 λοιπὸν
2944 897 3045 949 οὐκ
3107 896 3224 948 ἐστι
3253 896 3482 964 ποιητής
3525 898 3551 947 6
3606 896 3760 958 Θεὸς,
3804 897 3928 963 εῐγε

2344 987 2451 1037 τῶν
2487 987 2561 1055 μὴ
2596 987 2784 1050 ὄντων,
2819 986 2893 1051 ὡς
2925 987 3156 1056 ἔφημεν,
3195 987 3295 1039 οὐκ
3327 987 3442 1038 ἔστι
3482 988 3737 1054 ποιητὴς,
3765 987 3929 1053 λέγε-

2344 1091 2434 1127 ται
2471 1077 2527 1128 δὲ
2573 1077 2646 1143 μὴ
2688 1074 2828 1129 εἷναί
2880 1095 2932 1129 τι
2978 1079 3037 1130 τὸ
3081 1079 3270 1140 κακὸν,
3307 1076 3493 1146 ἐπειδὴ
3545 1077 3928 1129 ἀνυπόστατον

2347 1167 2441 1218 καὶ
2481 1166 2566 1232 ἐφ’
2607 1166 2803 1219 ἑαυτοῦ
2837 1169 2911 1236 μὴ
2945 1167 3244 1236 ὑφέστηκε.

663 1281 1009 1335 nequaquam
1045 1283 1225 1318 rerum
1260 1282 1365 1319 non
1399 1265 1782 1319 exsistentium
1849 1262 2030 1331 opifex
2082 1266 2185 1322 est,
2256 1265 2314 1311 ut
2348 1257 2455 1326 jam
2514 1270 2639 1313 ante
2676 1262 3005 1314 monuimus.
3065 1260 3274 1314 Dicitur
3321 1271 3499 1315 autem
3553 1260 3754 1314 malum
3815 1275 3928 1313 non

663 1373 784 1409 esse
831 1355 1036 1424 aliquid
1075 1363 1361 1424 propterea
1417 1355 1558 1424 quod
1612 1352 1974 1407 substantiam
2033 1351 2236 1402 nullam
2279 1347 2445 1402 habet
2482 1365 2582 1404 nec
2616 1366 2714 1419 per
2747 1366 2804 1404 se
2837 1352 3107 1405 subsistit.

738 1449 881 1502 Talis
909 1464 1056 1517 ergo,
1089 1449 1346 1500 nimirum
1383 1447 1577 1510 bonus,
1607 1462 1637 1500 a
1674 1447 1784 1500 Deo
1839 1445 2092 1499 conditus
2124 1443 2241 1495 dia-

667 1540 845 1602 bilus,
903 1539 1176 1592 terrestris
1207 1538 1417 1592 ordinis
1448 1548 1502 1592 et
1550 1538 1720 1607 ipsius
1765 1539 1901 1592 adeo
1935 1547 2092 1590 lerrre
2147 1551 2245 1589 cu-

667 1627 896 1681 stodiam
933 1642 962 1680 a
1001 1627 1108 1680 Deo
1135 1628 1236 1680 sibi
1272 1626 1581 1680 mandatam
1614 1629 1844 1696 accepit.
1893 1631 2029 1680 (ium
2064 1635 2245 1680 autem

669 1721 809 1773 ferre
835 1735 942 1772 non
976 1729 1159 1788 posset
1213 1719 1630 1774 illustrationem
1671 1731 1726 1773 et
1763 1721 2050 1780 honorem,
2085 1736 2245 1787 quem

2416 1443 2668 1505 Τοιοῦτος
2697 1443 2793 1497 οὖν
2821 1444 2988 1514 ηγουν
3018 1445 3224 1512 ἀγαθὸς
3258 1445 3361 1498 ὑπὸ
3387 1446 3521 1500 Θεοῦ
3543 1432 3864 1514 ’παραχθεὶς
3900 1425 3933 1475 ὁ

2345 1533 2594 1596 διάϐολος
2624 1536 2722 1603 τῆς
2761 1536 3043 1605 περιγείου
3078 1537 3288 1600 τάξεως
3328 1540 3422 1590 καὶ
3453 1539 3551 1607 τῆς
3580 1540 3680 1607 γῆς
3709 1541 3922 1606 ἐνεχει-

2348 1624 2509 1692 ρίσθη
2541 1624 2643 1692 τὴν
2683 1627 2930 1695 φυλακὴν
2964 1627 3094 1697 παρ’
3132 1627 3319 1682 αὐτοῦ.
3347 1629 3437 1694 Μὴ
3475 1627 3701 1695 ἐνέγκας
3733 1627 3788 1679 δὲ
3833 1628 3926 1677 τόν

2345 1732 2404 1767 τε
2445 1719 2726 1782 φωτισμὸν
2776 1720 2870 1770 καὶ
2898 1717 2997 1787 τὴν
3026 1718 3194 1788 τιμὴν
3227 1721 3294 1789 ἢν
3332 1723 3358 1771 6
3385 1720 3518 1779 Θεὸς
3549 1719 3696 1788 αὐτῷ
3725 1719 3920 1788 ὲχαρίυ

670 1814 810 1864 Deus
842 1812 890 1864 ei
920 1812 1143 1882 largitus
1188 1812 1362 1867 l'Uerat
1385 1856 1399 1878 ,
1435 1815 1500 1867 de
1536 1815 1769 1868 naturali
1804 1823 1948 1868 statu
2004 1816 2158 1884 107
2191 1816 2242 1869 in

2350 1823 2500 1860 σατο.
2536 1810 2597 1858 ὲκ
2626 1808 2719 1860 τοῦ
2751 1810 2892 1861 κατά
2923 1809 3085 1878 φύσιν
3107 1813 3188 1872 εἰς
3217 1811 3276 1862 τὸ
3302 1811 3455 1880 παρά
3485 1812 3650 1879 φύσιν
3679 1812 3919 1878 ἐτράπη,

664 1905 897 1957 alieum
959 1920 987 1957 a
1042 1915 1236 1957 natura
1290 1921 1385 1959 sua
1445 1907 1811 1970 exorbitavit,
1876 1907 2244 1976 adversusque

664 2012 822 2049 suum
854 1996 1102 2065 opiﬁcem
1151 1997 1290 2051 fastu
1347 1999 1585 2067 quodam
1619 2000 1797 2054 elatus
1834 2011 1954 2055 est:
1997 2021 2012 2052 ι
2068 2003 2245 2056 Collo-

663 2086 821 2148 cabo,
858 2088 1055 2156 inquit,
1088 2088 1282 2142 solium
1317 2104 1493 2143 meum
1543 2091 1593 2143 in
1622 2091 1876 2155 nubibus,
1909 2101 1959 2145 et
1991 2106 2245 2159 supremo

669 2192 767 2245 par
796 2179 989 2232 ero".
1043 2179 1211 2243 Quam
1270 2180 1494 2249 quidem
1549 2181 1619 2235 ob
1669 2197 1889 2236 causam
1931 2184 2091 2237 etiam
2143 2184 2246 2237 ful-

667 2269 819 2338 guris
869 2269 1042 2323 instar
1076 2271 1143 2324 de
1180 2271 1318 2325 cmlo
1355 2272 1408 2325 in
1443 2280 1641 2327 terram
1681 2274 1899 2340 cecidit,
1939 2276 2014 2329 uti
2067 2275 2248 2330 Domi-

666 2376 768 2413 ‘JIS
811 2361 924 2430 ipse
954 2361 1196 2430 loquitur
1231 2364 1313 2427 ";
1355 2382 1372 2414 ι
1410 2373 1602 2435 estque
1649 2367 1836 2420 avulsa
1877 2381 2000 2420 eum
2051 2383 2137 2431 eo,
2172 2369 2248 2424 si-

668 2451 888 2519 mulque
922 2452 1071 2520 lapsa
1130 2455 1422 2510 multitudo
1473 2458 1718 2523 quaedam
1777 2460 2093 2527 angelorum
2146 2458 2246 2529 ipsi

669 2541 1044 2610 subiectorum
1077 2545 1312 2600 infinita.
1344 2546 1680 2616 Signiﬁcavit
1714 2550 1816 2603 hoc
1875 2559 2026 2604 vates
2079 2552 2248 2608 Isaias

670 2633 818 2686 hisce
851 2635 1066 2689 verbis:
1135 2655 1152 2687 ι
1191 2635 1291 2702 Qui
1322 2638 1579 2707 delapsus
1629 2650 1714 2694 est
1758 2639 1972 2713 Lucifer
2011 2643 2122 2709 ille,
2155 2647 2248 2714 qui

667 2724 875 2792 pridem
932 2727 1257 2792 oriebatur,
1321 2739 1591 2799 terraeque
1643 2731 1830 2786 allisus
1860 2734 1986 2788 est?
2023 2752 2041 2784 ι
2097 2734 2252 2789 Luci-

668 2814 841 2870 ferum
875 2819 1154 2888 appellans
1210 2822 1278 2876 ob
1333 2823 1682 2891 splendorem
1719 2825 1982 2881 divinitus
2032 2828 2082 2881 ei
2116 2845 2250 2883 con-

663 2923 902 2964 cessum.
955 2911 1275 2966 Consimilia
1333 2913 1631 2984 Gregorius
1682 2917 1770 2971 ille
1820 2919 2105 2991 theologus
2143 2930 2250 2975 tra-

663 3001 816 3062 didit,
840 3018 962 3056 eum
992 3004 1302 3060 Lutii'crum
1329 3009 1506 3060 vocari
1533 3015 1606 3062 ait
1628 3010 1935 3076 Splendoris
1956 3016 2035 3067 sui
2065 3030 2247 3082 causa,

665 3097 754 3162 qui
793 3097 967 3166 caligo
991 3097 1252 3168 deinceps
1290 3109 1512 3170 propter
1544 3102 1834 3158 elationem
1869 3105 2047 3161 factus
2083 3109 2155 3162 sit
2191 3119 2248 3164 et

665 3186 990 3254 appelletur.
1027 3187 1342 3243 Secundum
1374 3192 1488 3246 haec
1519 3193 1719 3263 impuri
1751 3197 1894 3264 genii
1918 3197 2114 3253 bellum
2141 3201 2240 3254 ad-

662 3292 880 3330 versum
956 3294 1044 3334 ros
1101 3294 1482 3350 susceperunt.
1543 3281 1828 3353 Nequeunt
1880 3289 2027 3342 enim
2087 3306 2242 3359 atquo

659 3367 844 3422 animo
897 3370 1005 3440 pati
1060 3382 1116 3424 ut
1158 3373 1406 3428 homines
1463 3390 1529 3430 eo
1557 3376 1803 3432 studiose
1849 3381 2242 3436 contendentes

662 3458 908 3523 videant,
973 3463 1117 3517 unde
1170 3464 1272 3531 ipsi
1328 3467 1566 3534 pessimo
1616 3470 1847 3523 consilio
1897 3472 2238 3537 deciderunt,

661 3552 1122 3618 quemadmodum
1175 3571 1402 3626 magnus
1441 3558 1532 3613 ille
1591 3557 1822 3613 Basilius
1875 3561 1970 3615 ait.
2029 3562 2242 3632 Quippe

663 3657 786 3695 cum
809 3649 986 3698 onmis
1008 3645 1368 3716 improbitatis
1397 3652 1734 3719 receptacula
1769 3653 1902 3717 sint,
1950 3655 2113 3708 etiam
2157 3654 2244 3711 ln-

667 3734 826 3789 vidia:
881 3739 1072 3792 morbo
1104 3750 1231 3794 sunt
1283 3741 1491 3796 infecti.
1529 3741 1640 3798 Nec
1679 3746 1758 3799 sic
1809 3756 2026 3802 creatus
2067 3764 2095 3801 a
2132 3747 2242 3802 Deo

665 3827 845 3894 putari
879 3827 1040 3882 debet
1069 3831 1338 3896 diabolus,
1374 3843 1430 3888 ut
1474 3835 1647 3889 hostis
1697 3848 1888 3911 hoste;
1938 3848 2114 3902 esset;
2148 3840 2242 3893 sed

664 3933 731 3970 ex
768 3920 1121 3975 amulatione
1147 3923 1378 3990 quadam
1414 3941 1515 3979 nos
1571 3935 1868 3997 oppugnat.
1903 3928 2038 3982 Cum
2095 3929 2239 3981 enim

666 4026 724 4064 se
747 4023 1001 4067 cerneret
1029 4016 1341 4084 angelorum
1367 4019 1557 4071 ordine
1585 4019 1811 4088 locoque
1844 4029 2071 4084 motum,
2099 4021 2242 4076 ferre

669 4118 776 4156 non
808 4114 1022 4172 poterat
1049 4115 1107 4159 ut
1144 4106 1421 4161 hominem
1474 4121 1785 4166 terrestrem
1817 4111 1883 4165 ad
1923 4113 2239 4182 angelorum

667 4196 987 4264 dignitatem
1020 4197 1262 4266 profer-tu
1318 4215 1417 4254 suo
1466 4184 1787 4256 subvectum
1823 4206 2113 4272 aspiceret.
2152 4206 2243 4260 Est

667 4300 721 4341 et
753 4290 961 4358 angelis
1004 4292 1271 4361 malisque
1329 4295 1502 4363 geniis
1540 4311 1643 4348 una
1698 4297 1944 4364 quaedam
2004 4298 2241 4352 essentia

667 4379 785 4433 sive
825 4390 1018 4436 natura
1056 4423 1069 4446 ,
1101 4399 1289 4437 verum
1320 4401 1428 4439 non
1457 4387 1646 4440 eadem
1696 4388 1927 4452 electio;
1985 4391 2245 4457 quemad-

672 4471 890 4526 modum
918 4481 973 4526 et
1015 4475 1067 4526 in
1108 4477 1418 4531 ltotninibus
1463 4489 1573 4531 tum
1621 4479 1774 4533 bouis
1824 4489 1933 4532 tum
1983 4481 2246 4548 improbis

669 4575 754 4619 est
783 4567 965 4622 videre
991 4578 1238 4621 naturam
1273 4570 1491 4638 quidem
1535 4586 1694 4623 unam
1731 4581 1785 4623 et
1813 4571 2084 4634 eamdem,
2119 4588 2245 4625 sen-

667 4659 893 4712 tentiam
929 4676 1058 4713 vero
1089 4663 1530 4732 voluntatemque
1558 4664 1850 4716 diversam.

739 4751 865 4806 “ch
894 4753 962 4806 de
991 4755 1146 4807 malis
1178 4756 1355 4824 geniis
1387 4771 1574 4808 eorum
1604 4765 1689 4809 est
1724 4756 1993 4809 sententia
2031 4756 2119 4825 qui
2155 4771 2243 4809 re-

666 4855 808 4897 ctam
847 4845 1101 4900 Ecclesiae
1141 4848 1299 4901 iidem
1336 4847 1756 4917 amplectuntur.
1819 4847 1886 4900 At
1929 4846 2240 4902 Graecorum

671 4937 745 4990 illi
775 4937 1069 5006 sapientes,
1108 4937 1437 5007 Porphyrius
1469 4937 1903 4997 etJamblichus,
1939 4937 2131 5007 genios
2155 4954 2244 4992 es-

670 5047 711 5082 s:
734 5032 848 5084 ntia
884 5041 1187 5100 naturaque
1214 5031 1437 5084 diﬂ‘erre
1466 5046 1495 5084 a
1525 5046 1582 5085 sc
1617 5031 1847 5084 invicem
1874 5032 2118 5095 tradunt,
2150 5047 2243 5084 eo-

674 5139 902 5191 rumque
949 5125 1135 5178 \olunt
1167 5125 1381 5193 aliquos
1412 5124 1636 5178 rationis
1688 5133 1938 5193 expertes
1996 5137 2051 5175 et
2098 5139 2247 5176 eras-

673 5217 818 5269 siore
874 5219 1099 5270 materia
1143 5218 1394 5283 pra-ditus
1425 5231 1568 5270 esse.
1601 5217 1821 5270 Addunt
1855 5215 2069 5269 irruere
2099 5215 2245 5284 ipsos

674 5309 729 5360 in
767 5322 866 5360 nos
889 5324 995 5362 non
1027 5318 1082 5362 ut
1118 5308 1364 5372 infestos,
1407 5309 1501 5363 sed
1537 5322 1790 5377 tanquam
1823 5308 2198 5379 castigatores,
2225 5323 2255 5363 a

673 5399 874 5466 quibus
901 5400 1219 5468 puniamur.
1269 5400 1500 5456 Eosdem
1532 5402 1685 5466 aiunt
1744 5400 1923 5454 futura
1949 5399 2257 5469 prospicere

672 5501 838 5559 atque
868 5507 1056 5556 nosse,
1092 5510 1199 5547 non
1231 5505 1410 5547 tamen
1445 5494 1770 5548 universos:
1804 5508 1926 5545 nam
1971 5490 2253 5559 superiora

675 5581 792 5634 loca
820 5592 1010 5636 nactos
1036 5583 1225 5653 genios
1272 5583 1500 5638 omnino
1549 5600 1671 5636 vera
1723 5582 2019 5651 praedicere
2066 5581 2251 5651 perhi-

675 5679 826 5740 bent,
879 5690 1000 5730 cmu
1059 5677 1149 5730 alii
1186 5676 1412 5731 Tartaro
1466 5676 1712 5732 conclusi
1776 5676 2065 5733 mendaces
2113 5673 2252 5737 sint;

1278 5849 1318 5878 ”
1353 5849 1487 5905 ibid.

753 5849 795 5876 ’ί
833 5848 931 5901 lsa.
969 5865 1076 5911 MV,
1126 5848 1180 5900 lli

2349 1901 2441 1950 καὶ
2500 1900 2717 1968 ἐπήρθη
2785 1903 2926 1955 κατά
2983 1901 3076 1954 τοῦ
3128 1905 3492 1973 πεποιηκότος
3538 1904 3700 1956 αὑτὸν
3744 1902 3921 1954 Θεοῦ·

2353 2008 2371 2040 α
2410 1989 2572 2058 Θήσω
2605 2009 2623 2042 ι
2666 1991 2895 2061 καὶγὰρ
2935 1987 3056 2045 εῐπε
3104 2011 3121 2045 ι
3170 1995 3259 2047 τὸν
3295 1995 3484 2064 θρόνον
3521 2013 3622 2063 μου
3667 1995 3758 2047 ἐπὶ
3806 1994 3920 2046 τῶν

2347 2082 2609 2150 νεφελῶν,
2671 2084 2766 2135 καὶ
2816 2083 3012 2153 ἔσομαι
3048 2086 3234 2154 ὅμοιος
3280 2086 3357 2156 τῷ
3396 2085 3624 2156 ὑψίστῳ.
3665 2105 3683 2138 ι
3730 2085 3926 2138 Ἔνθεν

2347 2191 2427 2226 τοι
2465 2174 2559 2226 καὶ
2586 2174 2660 2236 ὡς
2692 2175 2948 2248 ἀστραπὴ
2982 2179 3123 2231 κατά
3150 2179 3248 2249 τὴν
3276 2177 3368 2232 τοῦ
3394 2179 3600 2248 Κυρίου
3643 2179 3828 2248 φωνὴν
3857 2180 3924 2229 ἐκ

2346 2267 2439 2320 τού
2466 2266 2698 2337 οὐρανοῦ
2726 2269 2865 2322 κατὰ
2890 2269 2992 2338 γῆς
3014 2269 3200 2324 ἔπεσε.
3233 2272 3668 2341 Συναπεσπάσοη
3701 2272 3756 2324 δὲ
3775 2271 3928 2339 αὑτῴ

2349 2360 2444 2411 καὶ
2480 2361 2743 2414 συνέπεσε
2778 2361 2983 2431 πλῆθος
3019 2363 3246 2435 ἄπειρον
3273 2364 3383 2417 τῶν
3413 2364 3505 2417 ὑπ’
3535 2363 3698 2417 αὑτὸν
3732 2381 3934 2430 τεταγ-

2354 2451 2533 2520 μένων
2558 2454 2833 2521 ἀγγὲλων,
2872 2454 3042 2508 Τοῦτο
3079 2455 3136 2509 δὲ
3177 2457 3271 2509 καὶ
3300 2459 3327 2510 6
3372 2460 3657 2528 προφήτης
3693 2458 3926 2520 Ἡσαΐας

2349 2544 2548 2608 ἔδειξεν
2593 2545 2766 2610 οὕτως
2797 2547 3000 2602 εἰπών’
3034 2568 3050 2600 ι
3091 2550 3212 2610 Πῶς
3252 2551 3508 2615 ἐξέπεσεν
3549 2553 3578 2604 6
3611 2551 3926 2620 Ἐωσφόρος

2350 2638 2378 2690 6
2399 2639 2459 2691 τὸ
2491 2639 2637 2708 πρωῒ
2665 2640 2992 2705 ἀνατέλλων,
3025 2643 3120 2695 καὶ
3159 2643 3445 2714 συνετρίϐη
3475 2643 3555 2708 είς
3583 2649 3682 2710 τὴν
3719 2645 3865 2711 γῆνς
3904 2663 3922 2693 ι

2364 2729 2678 2801 Ἑωσφόρον
2718 2733 2773 2786 δὲ
2811 2733 2973 2786 αὑτὸν
3010 2734 3265 2786 ἐκάλεσεν
3306 2736 3374 2787 δι’
3398 2736 3466 2806 ἦν
3496 2737 3602 2789 ἀπὸ
3629 2735 3768 2790 Θεοῦ
3800 2736 3926 2804 ἔσχε

2353 2822 2739 2892 λαμπρότητα.
2786 2825 3008 2888 Τούτοις
3057 2821 3148 2879 οὖν
3194 2827 3502 2890 ἀκολούθως
3544 2828 3639 2882 καὶ
3679 2828 3760 2897 τῷ
3810 2828 3934 2882 θεο-

2356 2915 2497 2986 λόγῳ
2547 2918 2835 2990 Γρηγορίῳ
2882 2917 3212 2988 διείληπται.
3256 2918 3569 2991 Ἑωσφόρον
3603 2923 3712 2991 γὰρ
3766 2922 3934 2975 αὑτὸν

2355 3005 2476 3062 εἷπε
2506 3009 2594 3062 διὰ
2619 3012 2720 3080 τὴν
2750 3011 3129 3080 λαμπρότητα,
3161 3013 3348 3074 σκότος
3369 3014 3425 3065 δὲ
3456 3013 3544 3065 διὰ
3574 3014 3673 3082 τὴν
3698 3014 3930 3083 ἔπαρσιν

2353 3101 2446 3152 καὶ
2475 3101 2764 3168 γενόμενον
2793 3101 2885 3154 καὶ
2912 3098 3221 3170 λεγόμενον.
3252 3101 3478 3154 Ἐκτοτε
3512 3101 3569 3155 δὲ
3599 3105 3647 3156 οἱ
3678 3104 3940 3173 ἀκάθαρ-

2351 3205 2431 3240 τοι
2479 3188 2732 3258 δαίμονες
2787 3189 2878 3242 τὸν
2950 3192 3075 3244 καθ’
3108 3192 3264 3261 ἡμῶν
3295 3192 3616 3256 ἀνεδέξαντο
3665 3195 3928 3262 πόλεμον.

2350 3282 2487 3335 Οὐδὲ
2536 3282 2646 3352 γὰρ
2693 3281 2978 3352 ἀνέχονται
3015 3286 3138 3345 τοὺς
3197 3282 3523 3353 ἀνθρώπους
3575 3285 3710 3356 όρᾷν
3749 3287 3929 3339 ἐκεῖσε

2352 3375 2688 3438 σπεύδοντας
2719 3377 2967 3429 ἀνελθεῖν
2988 3377 3110 3429 ὅθεν
3152 3376 3515 3442 κακοϐούλως
3545 3379 3825 3443 ἐξέπεσον,
3855 3379 3928 3440 ὡς

2349 3469 2378 3520 6
2436 3469 2608 3538 μέγας
2666 3468 2802 3537 φησι
2866 3469 3164 3531 Βασίλειος.
3217 3471 3410 3540 Δοχεῖα
3449 3471 3543 3523 καὶ
3596 3471 3707 3538 γὰρ
3747 3472 3932 3542 πάσης

2351 3560 2503 3623 ὄντες
2541 3559 2739 3622 κακίας
2785 3560 2880 3613 καὶ
2927 3561 3026 3630 τὴν
3059 3559 3148 3612 τοῦ
3212 3561 3410 3628 φθόνου
3462 3562 3617 3615 νόσον
3651 3562 3928 3625 ἐδέξαντο.

2351 3649 2487 3701 Οὐδὲ
2509 3651 2616 3718 γὰρ
2637 3649 2828 3718 ἐχθρὸς
2858 3650 2991 3720 ἡμῖν
3020 3651 3047 3702 ό
3072 3649 3320 3711 διάϐολος
3342 3651 3564 3721 ἐκτίσθη
3590 3650 3742 3722 παρά
3766 3651 3926 3710 Θεοῦ.

2351 3741 2466 3794 ἀλλ’
2495 3744 2564 3794 ἐκ
2598 3742 2928 3811 ζηλοτυπίας
2957 3743 3106 3812 ἡμᾶς
3135 3743 3380 3813 πολεμεῖ.
3399 3743 3572 3814 Ὀρῶν
3609 3746 3717 3814 γᾶρ
3739 3747 3932 3799 ἑαυτὸν

2351 3834 2416 3885 ἐκ
2446 3833 2557 3887 τῶν
2587 3833 2836 3901 ἀγγέλων
2876 3836 3307 3904 καταῤῥιφέντα,
3344 3838 3443 3889 ούκ
3494 3838 3656 3906 ἔφερε
3707 3838 3930 3906 βλέπειν

2351 3926 2442 3976 τὸν
2472 3925 2658 3994 γήϊνον
2686 3927 2781 3977 ἐπὶ
2828 3927 2925 3995 τὴν
2960 3926 3118 3989 ἀξίαν
3157 3927 3267 3979 τῶν
3314 3929 3561 3995 ἀγγέλων
3595 3929 3682 3982 διὰ
3716 3947 3926 3997 προκο-

2352 4016 2462 4084 πῆς
2497 4017 2896 4086 ἀνυψούμενον.
2921 4019 3032 4071 Καὶ
3061 4019 3159 4087 μία
3198 4019 3296 4087 μὲν
3333 4023 3483 4090 παρά
3513 4038 3573 4088 γε
3607 4023 3721 4083 τοῖς
3755 4022 3921 4090 ἀγγέ-

2351 4108 2462 4170 λοις
2485 4113 2579 4161 καὶ
2608 4111 2719 4171 τοῖς
2749 4110 3000 4179 δαίμοσιν
3027 4111 3059 4179 η
3094 4111 3277 4172 οὐσία,
3301 4112 3425 4180 οὐχὶ
3447 4112 3505 4165 δὲ
3535 4113 3630 4164 καὶ
3667 4116 3698 4182 ἡ
3731 4115 3926 4182 προαίο

2355 4217 2527 4270 ρεσις,
2572 4200 2713 4254 κιθά
2770 4201 2834 4271 δὴ
2892 4201 2985 4254 καὶ
3049 4201 3145 4254 ἐπὶ
3204 4202 3431 4267 ἀγαθῶν
3474 4203 3781 4275 ἀνθρώπων
3835 4206 3927 4256 καὶ

2353 4293 2608 4364 πονηρῶν
2643 4293 2791 4346 ἔστιν
2852 4294 3013 4346 ἰδεῖν·
3047 4294 3147 4364 μία
3209 4294 3306 4363 μὲν
3360 4297 3453 4347 καὶ
3514 4297 3646 4365 παρ’
3676 4297 3859 4358 αὐτοῖς
3892 4298 3925 4365 ἡ

2354 4384 2518 4453 φύσις
2553 4384 2721 4452 ἐστὶν,
2759 4386 2820 4439 οὐ
2853 4382 2962 4457 μὴν
3014 4385 3072 4437 δὲ
3123 4386 3215 4438 καὶ
3250 4388 3443 4457 γνώμη
3495 4390 3589 4442 καὶ
3649 4389 3926 4462 θέλησιςή

2353 4480 2515 4549 αὐτή.

2425 4752 2532 4805 Καὶ
2564 4752 2626 4804 τὸ
2674 4752 2773 4820 μὲν
2818 4749 3101 4820 ὀροόδοξον
3154 4753 3254 4819 τῆς
3301 4750 3628 4820 Ἐκκλησίας
3669 4752 3929 4821 φρόνημα

2348 4845 2536 4896 τοῦτον
2579 4843 2690 4913 ἔχει
2723 4842 2816 4895 τὸν
2840 4843 3072 4912 τρόπον’
3109 4844 3156 4894 οἱ
3187 4841 3244 4894 δὲ
3276 4841 3386 4896 τῶν
3431 4841 3705 4912 Ἑλλήνων
3744 4845 3926 4912 σοφοὶ,

2354 4935 2664 5005 Πορφύριος
2695 4936 2790 4988 καὶ
2836 4934 3164 5004 Ἰάμϐλιχος,
3195 4935 3478 5003 διαφέρειν
3504 4935 3630 4996 τοὺς
3657 4935 3924 5004 δαίμονας

2352 5028 2494 5081 κατά
2519 5026 2617 5097 τὴν
2646 5027 2835 5079 οὐσίαν
2875 5027 3116 5093 λέγουσι,
3154 5026 3248 5080 καὶ
3277 5026 3505 5094 ἀλόγους
3549 5027 3700 5090 τινὰς
3743 5027 3923 5081 αὐτῶν

2353 5118 2447 5171 καὶ
2476 5119 2695 5180 ύλαίους
2722 5115 2887 5185 εἶναι,
2919 5120 3214 5186 ἐμπίπτειν
3246 5120 3302 5170 δὲ
3336 5119 3538 5182 αὐτοὺς
3559 5121 3689 5190 ἡμῖν
3725 5121 3823 5191 οὐχ
3848 5123 3923 5186 ὡς

2351 5211 2642 5278 δυσμενεῖς
2665 5209 2785 5267 ἀλλῖ
2808 5210 2884 5273 ὡς
2921 5211 3080 5280 ἡμῶν
3115 5211 3407 5273 κολαστάς.
3433 5211 3596 5264 Ἀλλά
3623 5216 3716 5265 καὶ⁵
3734 5231 3928 5284 προγι-

2352 5303 2585 5356 νώσκειν
2619 5301 2816 5364 αὐτοὺς
2846 5301 3026 5355 καὶτὸ
3063 5301 3257 5371 μέλλον
3287 5300 3485 5354 ειδέναι
3508 5303 3750 5370 λέγουσι,
3786 5305 3926 5374 πλὴν

2353 5397 2474 5465 οὐχὶ
2504 5395 2716 5456 πάντας
2739 5411 2754 5426 ο
2789 5396 2916 5456 τοὺς
2959 5393 3058 5461 μὲν
3109 5393 3221 5463 γάρ
3267 5393 3337 5446 τὰ
3377 5393 3489 5447 ἀνω
3519 5394 3781 5463 λαχόντας
3809 5396 3930 5449 δαί-

2357 5503 2525 5556 μονας
2555 5485 2843 5555 ἀληθεύειν
2890 5485 3230 5548 παντάπασι,
3276 5485 3405 5547 τοὺς
3456 5483 3514 5537 δὲ
3545 5487 3926 5555 ταρταρωθέν-

2353 5597 2451 5643 τας
2481 5578 2698 5648 ψευδεῖς
2730 5574 2870 5631 εἷναί
2905 5595 3062 5648 φασι,
3101 5577 3227 5640 τοὺς
3264 5575 3320 5629 δὲ
3362 5579 3806 5647 περιγειοτέρους
3836 5581 3927 5633 καὶ

2357 5673 2556 5742 μέσους
2586 5669 2772 5736 λοξοὺς
2798 5664 2939 5724 εἶναι
2974 5669 3064 5732 καὶ
3109 5667 3446 5732 ἀμφιϐόλους
3476 5667 3746 5737 λέγουσιν.
3787 5671 3926 5726 Ἀλλ’
