4204 6450
296 415 405 479 217

1564 412 1973 476 ANNALIUM
2013 412 2209 471 PARS
2246 413 2294 472 ι.
2364 378 2371 385 ’

3420 416 3530 483 €18

295 530 427 596 ἡμῖν
473 528 572 595 οὐχ
613 526 753 579 οὕτω
782 527 949 580 δοκεῖ.
987 525 1111 577 Ἐὰν
1153 524 1262 595 γὰρ
1307 524 1355 577 οί
1397 527 1652 593 emtas/0“.
1698 526 1863 590 ἄγγε-

1971 522 2175 574 medios
2226 529 2404 574 autem
2443 531 2711 591 terrmque
2740 526 2987 579 nonnihil
3026 526 3231 579 vin-inos
3275 527 3532 583 adserunt

300 622 377 668 Mt
407 617 465 669 τὸ
496 620 593 685 τῆς
638 617 1003 684 προγνώσεως
1037 618 1246 669 οἴκοθεν
1285 617 1384 667 οὐκ
1422 615 1583 684 ἔχωσι
1610 616 1857 685 χάρισμα

296 710 416 767 (καὶ
438 710 547 777 γὰρ
569 710 748 759 ἐκεῖνα
801 708 1150 775 προλέγουσι,
1196 706 1337 760 καθᾶ
1373 707 1435 776 δὴ
1496 709 1586 759 καὶ
1616 710 1643 760 ὁ
1677 711 1856 776 Δαμα-

294 798 495 866 σκηνὸς
513 799 763 867 Ἰωάννης
788 800 974 867 φησὶν,
998 800 1096 850 ὅσα
1120 797 1187 850 ἂν
1213 799 1395 859 αὐτοῖς
1415 798 1859 869 ἀποκαλυφθῆναι

296 888 446 953 παρά
487 887 620 940 Θεοῦ
654 888 949 956 φθάσωσι),
1010 887 1189 958 πολλῷ
1233 890 1436 958 μᾶλλον
1464 892 1511 943 οἱ
1559 890 1860 960 ἀκάθαρτοι

292 978 545 1046 δαίμονες
582 980 870 1048 προλέγειν
919 980 977 1032 ού
1029 979 1310 1035 δύνανται.
1348 982 1709 1051 Προγνὼστης
1755 985 1861 1051 γὰρ

295 1071 389 1120 καὶ
449 1069 886 1140 καρδιογνώστης
940 1072 1099 1138 μόνος
1148 1072 1177 1124 ὁ
1225 1072 1375 1135 Θεός.
1424 1073 1535 1125 Καὶ
1566 1072 1754 1124 πείθου
1784 1073 1861 1143 τῷ

296 1158 426 1226 θείῳ
460 1158 626 1211 Δαϐὶδ
649 1160 781 1228 πρὸς
804 1161 894 1212 τὸν
919 1160 1051 1214 Θεὸν
1091 1158 1234 1213 οὕτω
1257 1161 1467 1229 λέγοντι
1488 1178 1501 1193 '
1536 1180 1556 1215 ι
1592 1163 1662 1216 Σὺ
1703 1163 1864 1231 γινώ-

296 1264 447 1306 σκεις
473 1252 571 1311 τὰς
598 1251 820 1321 καρδίας
850 1251 1179 1321 μονώτατος.
1218 1270 1238 1305 ι

382 1513 545 1567 ’Λλλά
569 1515 742 1568 ταῦτα
779 1517 898 1587 μὲν,
939 1520 1213 1590 ἀγαπητὲ,
1255 1524 1377 1576 κατ’
1414 1526 1680 1595 ἐπιτομὴν
1719 1527 1745 1578 δ
1776 1528 1860 1580 λό-

294 1625 391 1673 γος
419 1609 601 1677 διῆλθέ
653 1628 755 1665 σοι.
809 1613 915 1665 Καὶ
962 1614 1038 1685 μὴ
1084 1616 1399 1686 δυσχέραινε
1434 1620 1623 1673 τούτου
1676 1621 1865 1676 ἕνεκεν

298 1703 392 1752 at:
430 1701 735 1772 φιλομαθὴς
788 1704 897 1756 ὧν
935 1706 1168 1777 ἀλλαχοῦ
1219 1709 1349 1778 γὰρ,
1390 1707 1554 1775 οἶδας,
1616 1712 1864 1782 ἐσχεδιάο

299 1791 399 1861 σθη
429 1809 510 1844 σοι
536 1795 604 1846 τὰ
644 1798 772 1864 περὶ
803 1796 1010 1851 τούτων
1037 1800 1395 1869 πλατύτερον.

368 1884 528 1949 Λέγει
552 1886 661 1955 γὰρ
691 1861 730 1955 ἢ
754 1888 982 1958 Γραφή·
1014 1909 1033 1940 ε
1073 1893 1178 1944 Καὶ
1210 1861 1350 1946 εἶδεν
1379 1896 1410 1965 ἡ
1440 1898 1573 1965 γυνὴ
1599 1900 1679 1949 ὅτι
1703 1897 1864 1950 καλὸν
1899 1861 1941 1916 Β

294 1971 357 2023 τδ
404 1974 561 2037 ξύλον
604 1977 681 2037 είς
722 1975 945 2044 βρῶσιν,
993 1982 1087 2034 καὶ
1121 1982 1196 2033 ὅτι
1242 1983 1472 2050 ἀρεστὸν
1509 1988 1622 2048 τοῖς
1664 1985 1863 2054 ὀφθαλ-

300 2066 419 2129 μοῖς
450 2065 577 2118 ἰδεῖν
614 2070 707 2119 καὶ
738 2070 939 2138 ὡραῖόν
973 2074 1089 2125 ἐστι
1129 2074 1223 2127 τοῦ
1261 2078 1612 2145 κατανοῆσαι,
1645 2079 1738 2131 καὶ
1772 2081 1863 2132 λα-

296 2155 467 2209 ϐοῦσα
496 2157 589 2210 τοῦ
616 2161 835 2229 καρποῦ
868 2164 1034 2217 αὑτοῦ
1071 2165 1264 2234 ἔφαγε.
1297 2185 1314 2219 ι
1351 2168 1615 2238 Πρόσεχε,
1644 2173 1864 2243 ἀγαπη-

296 2249 380 2312 τὲ,
431 2250 506 2318 τῷ
543 2252 765 2322 μεγάλῳ
798 2256 1080 2310 κάνταῦθα
1116 2259 1402 2330 Βασιλείῳ.
1453 2263 1591 2331 Φησὶ
1639 2264 1746 2335 γὰρ
1776 2266 1863 2319 διά

295 2341 347 2392 τί
385 2342 441 2394 δὲ
482 2346 578 2398 καὶ
613 2341 681 2415 ἦν
711 2347 769 2398 ὲν
806 2350 1119 2422 παραδείσῳ
1158 2353 1220 2405 τὸ
1254 2353 1411 2417 ξύλον
1444 2357 1541 2422 τῆς
1577 2355 1862 2425 βρώσεωςς

296 2436 346 2487 εί
382 2438 454 2505 μὴ
490 2438 599 2510 γὰρ
630 2435 698 2510 ἦν
730 2442 888 2507 αὐτὸ,
917 2444 1016 2497 οὐκ
1050 2445 1114 2497 ἂν
1142 2447 1290 2515 ἡμᾶς
1320 2448 1348 2500 ὁ
1373 2448 1619 2511 διάϐολος
1647 2452 1866 2520 ἀπατή-

299 2544 397 2589 σας
424 2530 501 2592 είς
536 2530 764 2585 θάνατον
794 2538 1130 2605 κατήγαγεν.
1170 2540 1320 2592 Ἔδει
1351 2534 1493 2592 εἶναι
1516 2540 1739 2610 ἐντολὴν
1767 2543 1865 2612 τὴν

295 2622 703 2689 δοκιμάζουσαν
732 2628 890 2696 ἡμῶν
912 2630 969 2680 τὸ
989 2632 1245 2701 ὑπήκοον.
1284 2633 1384 2685 Διά
1410 2634 1568 2687 τοῦτο
1605 2630 1671 2705 ἦν
1699 2636 1866 2702 φυτὸν

294 2713 508 2781 ὡραίων
540 2718 769 2786 καρπῶν
791 2718 1040 2789 εὔφορον,
1075 2723 1161 2776 ⁴ίνει
1184 2726 1242 2777 ὲν
1275 2728 1342 2795 τῇ
1374 2726 1553 2797 ἀποχῇ
1590 2726 1683 2779 τοῦ
1708 2727 1865 2797 ἡδέος

294 2806 356 2856 τὸ
387 2808 485 2873 τῆς
526 2810 855 2878 ἐγκρατείας
891 2818 1055 2867 καλὸν
1096 2816 1495 2887 ἐπιδειξάμενοι
1545 2819 1654 2871 τῶν
1686 2821 1785 2889 τῆς
1810 2822 1869 2873 ύ-

295 2899 541 2967 πομονῆς
581 2904 863 2969 στεφάνων
901 2907 1129 2973 δικαίως
1175 2908 1522 2980 ἀξιωθῶμεν.
1584 2912 1692 2965 Καὶ
1737 2913 1866 2982 περὶ

296 2988 402 3057 μὲν
440 2992 646 3046 τούτων
669 2995 865 3061 οὕτως.

1961 613 2225 679 ancipites
2252 613 2619 681 acan:biguos
2650 630 2789 668 esse.
2825 615 2938 681 Qua
2989 617 3043 670 in
3104 621 3374 671 sententia
3432 634 3533 675 nos

1962 705 2186 757 minimc
2218 720 2429 758 sumus.
2482 704 2611 758 Nam
2644 706 2689 758 si
2743 709 2905 760 etiam
2950 708 3054 761 luci
3097 710 3409 763 consimiles
3438 727 3535 764 an-

1961 796 2062 862 geli
2110 810 2214 847 nou
2266 811 2330 848 ex
2370 811 2425 849 se
2456 796 2655 849 donum
2696 797 2876 850 futura
2920 800 3279 867 prosiiicieudi
3312 801 3533 864 habent,

1963 893 2021 937 ut
2051 888 2139 952 qui
2178 886 2480 953 praedicunt
2520 902 2580 939 ea
2613 899 2747 940 tcsc
2777 888 2986 941 Joanne
3016 888 3350 944 Damasccno
3382 907 3534 960 qua:—

1963 989 2177 1042 cunque
2204 975 2468 1027 divinitus
2512 976 2643 1043 ipsis
2678 977 2913 1029 revelata
2962 978 3186 1042 fuerint,
3220 981 3391 1033 multo
3421 995 3536 1033 ma-

1963 1067 2043 1135 gis
2075 1068 2267 1135 impuri
2288 1068 2581 1137 geniinihil
2602 1068 2744 1135 quod
2768 1069 3295 1136 praedicanthabent.
3323 1069 3536 1139 Quippe

1965 1158 2272 1211 fututorum
2306 1160 2504 1212 notitia
2538 1174 2662 1212 cum
2691 1159 2967 1227 agnitione
3013 1161 3260 1213 cordium
3289 1161 3389 1213 soli
3428 1162 3536 1213 Deo

1962 1251 2253 1318 peculiaris
2283 1260 2383 1303 est.
2423 1250 2594 1319 Cujus
2642 1252 2863 1318 quidem
2915 1252 2992 1304 rei
3042 1252 3198 1305 ﬁdem
3232 1252 3327 1305 tibi
3376 1252 3539 1321 108

1965 1340 2185 1395 Dat-ﬁdis
2217 1342 2331 1395 haec
2391 1345 2553 1396 verba
2613 1344 2854 1397 faciant:
2909 1361 2927 1394 ι
2974 1344 3055 1397 Tu
3106 1344 3254 1398 stilus
3312 1344 3538 1397 omnino

1965 1435 2130 1485 corda
2163 1433 2307 1486 nosti
2344 1433 2412 1486 ”.
2458 1452 2474 1483 ι

2039 1524 2162 1575 lla-c
2212 1524 2537 1592 compendio
2576 1524 2812 1593 quodam
2854 1525 3126 1595 explicare
3159 1524 3277 1588 tibi,
3341 1524 3538 1578 dilecte

1968 1614 2060 1676 ﬁli,
2095 1614 2395 1681 voluimus;
2430 1632 2603 1686 neque
2637 1619 2877 1673 brevitas
2905 1634 3026 1673 esse
3058 1619 3153 1672 tibi
3189 1619 3411 1673 molesta
3442 1616 3538 1671 de-

1966 1706 2077 1767 brt,
2112 1706 2315 1759 homini
2370 1706 2615 1761 discendi
2669 1708 3037 1777 perstudioso,
3073 1723 3196 1761 cum
3246 1706 3538 1762 norishmc

1966 1814 1994 1850 a
2022 1798 2178 1851 nobis
2204 1798 2333 1851 alibi
2379 1799 2646 1864 prolixius
2683 1801 2951 1869 exposita.

2033 1890 2301 1945 Caeterum
2335 1893 2502 1945 sacris
2554 1893 2606 1944 in
2658 1892 2879 1946 Litteris
2910 1892 3025 1947 haec
3056 1892 3221 1947 verba
3273 1894 3535 1962 legimus:

1973 2001 1990 2032 ι
2038 1981 2103 2034 L‘t
2155 1982 2289 2035 vidit
2322 1984 2519 2035 mulier
2552 1984 2801 2037 arborem
2837 1999 2958 2038 esse
2989 1985 3053 2037 ad
3086 1986 3412 2039 vesrenduin
3449 2001 3540 2038 at:-

1966 2076 2302 2127 commodam
2354 2083 2407 2126 et
2462 2058 2769 2128 oculorum.
2806 2075 3049 2143 aspectui
3107 2085 3337 2144 gratam,
3389 2084 3445 2128 et
3473 2075 3539 2127 ad

1966 2166 2283 2219 discendum
2322 2167 2631 2234 pulchram,
2656 2168 2887 2236 sumpsit
2914 2169 2979 2219 de
3007 2170 3183 2221 fructu
3208 2171 3325 2235 ejus
3357 2181 3411 2222 et
3445 2183 3539 2222 co‘

1916 2326 1919 2331 ί
1967 2260 2135 2311 tnedit
2164 2256 2228 2310 “.
2269 2276 2288 2308 ι
2326 2257 2426 2311 Hic
2455 2268 2661 2311 attente
2694 2258 2848 2323 mihi,
2896 2259 3024 2325 quid
3064 2274 3287 2328 magnus
3323 2260 3411 2313 illc
3442 2259 3541 2311 Ba-

1966 2348 2120 2402 silius
2147 2348 2311 2410 dicat,
2353 2348 2641 2402 advertito.
2680 2348 3069 2413 Quamobrem,
3111 2350 3305 2417 inquit.
3339 2360 3457 2404 erat
3489 2351 3542 2403 in

1968 2439 2219 2508 paradiso
2263 2438 2467 2509 lignum
2523 2439 2589 2493 de
2645 2456 2755 2507 quo
2806 2442 2950 2494 vesci
3001 2442 3123 2510 quis
3159 2441 3542 2510 posset?Nam

1968 2526 2171 2594 absque
2231 2526 2322 2579 illo
2380 2529 2591 2589 fuisset,
2630 2542 2975 2596 nequaquam
3018 2528 3266 2583 diabolus
3312 2544 3413 2585 nos
3447 2529 3545 2583 dc-

1969 2628 2156 2688 ceptos
2178 2617 2230 2672 in
2255 2629 2485 2671 mortem
2511 2618 2820 2691 prtecipites
2844 2622 3059 2691 egisset.
3092 2621 3363 2674 Nimirum
3388 2636 3548 2690 up0r-

1971 2715 2117 2765 tebat
2146 2727 2267 2767 esse
2298 2712 2613 2766 mandatum
2652 2713 2921 2781 quoddam
2964 2716 3017 2767 in
3058 2730 3167 2784 quo
3200 2726 3385 2768 nostra
3410 2717 3547 2770 obc-

1969 2804 2173 2857 dientia
2204 2804 2608 2873 exploraretur.
2664 2802 2874 2858 Idcirco
2921 2805 3083 2858 arbor
3112 2804 3259 2859 istaec
3293 2813 3412 2858 crat
3438 2807 3547 2859 cle-

1968 2907 2103 2962 gans
2137 2902 2191 2946 et
2219 2894 2496 2947 fructuum
2521 2892 2697 2959 ferax,
2736 2901 2793 2946 ut
2836 2909 2933 2963 per
2976 2896 3362 2949 abstinentiam
3402 2910 3431 2948 a
3488 2911 3549 2949 re

1971 2987 2118 3037 suavi
2150 2985 2527 3053 temperantiae
2557 2988 2698 3039 bono
2723 2986 2999 3040 declarato
3026 2987 3169 3057 digni
3195 3003 3548 3041 censerentur

1972 3078 2174 3146 quibus
2200 3077 2505 3131 tolerantia:
2543 3088 2690 3143 serta
2721 3078 2917 3132 merito
2947 3078 3340 3133 tribuerentur.

377 3164 441 3259 f0
462 3166 519 3219 δέ
561 3185 621 3235 γε
656 3169 881 3242 Νύσσης
918 3172 1252 3247 ὑψηλότερον
1274 3178 1610 3246 ἐκλαμϐάνει
1636 3178 1703 3233 τὰ
1737 3182 1862 3251 περὶ

2041 3169 2130 3222 Sic
2162 3168 2251 3222 ille
2274 3168 2342 3223 de
2369 3168 2455 3222 his
2484 3168 2731 3221 disserit.
2768 3168 3048 3238 Nyssenus
3082 3178 3264 3223 autem
3319 3170 3549 3224 antistes

290 3257 511 3321 τούτου,
531 3260 626 3312 καὶ
660 3260 804 3314 οὕτω
828 3265 983 3335 φησί.
1019 3268 1405 3336 Προδείκνυσιν
1438 3273 1466 3322 ὁ
1496 3271 1617 3338 δφις
1648 3271 1738 3325 τὸν
1767 3289 1863 3325 πο-

295 3351 462 3418 νηρὸν
511 3353 606 3419 τῆς
655 3356 931 3424 ἁμαρτίας
966 3362 1203 3427 καρπὸν,
1236 3361 1333 3431 οὐχ
1367 3362 1441 3427 ὡς
1490 3364 1605 3433 ἔχει
1650 3366 1868 3430 φύσεως

298 3443 380 3508 (ού
415 3442 522 3511 γὰρ
548 3445 805 3516 ἠπατήθη
838 3449 866 3500 ό
917 3450 1209 3521 ἄνθρωπος
1246 3454 1325 3522 τῷ
1373 3455 1622 3526 προδήλῳ
1665 3456 1867 3525 κακῷ),

294 3530 432 3584 ἀλλά
459 3533 547 3587 διά
580 3551 725 3599 τινος
781 3538 931 3608 ὧρας
980 3542 1040 3594 τὸ
1094 3547 1422 3613 φαινόμενον
1465 3546 1748 3614 ἀγλαΐσας,
1774 3547 1869 3601 καί

294 3639 419 3676 τινα
448 3628 588 3679 κατά
614 3628 711 3698 τὴν
742 3632 1000 3702 αἴσθησιν
1030 3636 1223 3705 ἡδονὴν
1249 3637 1622 3707 ὲγγοητεύσας
1639 3642 1710 3709 τῇ
1744 3638 1871 3706 γεύ-

299 3730 406 3776 σει,
452 3718 677 3782 πιθανός
726 3724 901 3794 ἐφάνη
935 3727 1001 3795 τῇ
1038 3728 1281 3794 γυναικί.
1321 3729 1510 3799 Τούτῳ
1557 3732 1635 3799 τῷ
1680 3731 1869 3799 τρόπῳ

295 3808 390 3859 τὸν
415 3810 702 3878 ἄνθρωπον
726 3816 753 3866 ό
784 3815 1031 3880 διάϐολος
1071 3821 1261 3872 είωθεν
1292 3821 1529 3893 ἀπατᾷν.
1562 3824 1669 3874 Καὶ
1710 3825 1757 3874 εί
1791 3824 1867 3891 μὴ

295 3898 473 3953 διόλου
502 3904 686 3971 νήφων
710 3908 931 3975 ὁρᾶται,
961 3910 1061 3963 ούκ
1086 3912 1153 3965 ἂν
1179 3913 1410 3981 ἐκφύγοι
1439 3916 1536 3976 τὰς
1560 3914 1724 3967 αὐτοῦ
1757 3933 1865 3985 μη-

298 3992 495 4059 χανὰς,
517 3995 613 4046 οὐκ
644 3995 711 4047 ἀν
747 3998 1000 4070 εὑρεθείη
1035 4002 1143 4054 τῶν
1173 4005 1420 4070 παγίδων
1446 4003 1738 4075 ἀνώτερος.
1760 4007 1869 4060 Καὶ

296 4080 470 4136 ταῦτα
505 4086 607 4155 μὲν
640 4088 829 4142 τοῦτον
859 4090 973 4161 ἔχει
1007 4093 1101 4146 τὸν
1129 4095 1356 4163 τρόπον.

380 4363 447 4417 Ἥ
472 4366 529 4419 δὲ
557 4368 744 4439 Aemi)
773 4370 991 4433 Γένεσις
1018 4371 1169 4433 λέγει
1200 4372 1294 4425 τὸν
1337 4373 1508 4440 Ἀδάμ
1546 4372 1874 4445 ἀπροόπτως

300 4455 410 4510 ἀπὸ
439 4456 533 4510 τοῦ
566 4458 725 4523 ξύλου
756 4462 942 4515 λαϐεῖν
977 4465 1072 4517 καὶ
1099 4468 1313 4532 φαγεῖν,
1353 4468 1447 4518 καὶ
1482 4465 1557 4537 μὴ
1579 4470 1874 4538 προσσχεῖν

298 4549 436 4611 ὅλως
457 4550 534 4619 τῷ
561 4554 705 4623 λόγῳ
740 4554 843 4622 τῆς
877 4555 1043 4619 Εὔας,
1076 4558 1157 4609 ὅτι
1188 4556 1538 4626 λειποθυμών
1567 4553 1637 4629 ἦν
1672 4560 1780 4611 ἀπό
1811 4576 1871 4611 τε

306 4641 512 4709 μόχθου
558 4646 651 4695 καὶ
711 4647 925 4713 πείνης.
970 4645 1132 4697 Ἀλλὶι
1188 4645 1361 4700 ταῦτα
1416 4647 1538 4717 μὲν,
1596 4650 1872 4717 ἀγαπητὲ,

304 4736 517 4803 σιωπᾷν
582 4736 827 4804 ἄμεινον,
857 4736 939 4789 ὅτι
975 4738 1068 4789 καὶ
1119 4739 1354 4807 σιωπῆς,
1401 4738 1478 4802 ὡς
1529 4741 1877 4810 προείρηται,

299 4826 669 4891 τυγχάνουσιν
731 4826 877 4892 ἀξια.
915 4828 974 4879 El
1027 4828 1102 4898 μὴ
1145 4828 1327 4897 βούλει
1369 4831 1464 4882 καὶ
1493 4831 1557 4883 σὺ
1588 4831 1767 4898 λέγειν
1795 4832 1878 4884 ὅτι

301 4921 540 4985 γυναῖκα
566 4920 761 4971 ἐλαϐεν
793 4920 820 4970 ὀ
862 4920 1051 4990 Ἀδὰμ,
1073 4922 1156 4973 ἵνα
1188 4924 1263 4991 μὴ
1295 4921 1382 4990 ἐφ’
1404 4922 1566 4991 ἔτερα
1590 4923 1699 4974 τῶν
1725 4922 1881 4986 ζώων

301 5010 669 5077 τραπήσεται.
711 5008 767 5061 Ὁ
813 5009 934 5077 ὄφις
971 5012 1079 5061 ἀπὸ
1123 5012 1354 5080 κτήνους
1385 5010 1614 5080 ἑρπετὸν
1642 5010 1879 5076 ἐγένετο,

304 5102 495 5169 χεῖρας
537 5116 596 5153 τε
632 5102 726 5153 καὶ
778 5101 945 5162 πόδας
977 5099 1265 5169 ἐκέκτητο.
1308 5099 1583 5171 Ἀφῃρέθη
1618 5100 1673 5152 δὲ
1708 5099 1882 5151 ταῦτα

301 5194 391 5243 δια
428 5190 485 5242 τὸ
522 5190 811 5261 τολμηρῶς
848 5193 929 5254 εἰς
967 5191 1059 5242 τὸν
1095 5190 1426 5261 παράδεισον
1476 5190 1760 5255 εἰσελθεῖν,
1789 5192 1882 5243 καὶ

302 5282 393 5333 διὰ
420 5284 478 5333 τὸ
514 5282 722 5351 πρῶτος
752 5285 861 5336 ἀπὸ
890 5283 983 5335 τοῦ
1014 5283 1175 5349 ξύλου
1218 5282 1405 5335 λαϐεῖν
1438 5284 1532 5335 καὶ
1564 5284 1779 5351 φαγεῖν.
1824 5281 1884 5333 Ὀ

318 5374 491 5444 Ἀδὰμ
526 5376 788 5428 ἀπεσόϐει
827 5382 894 5429 τα
955 5377 1181 5429 πετεινά
1244 5380 1339 5429 καὶ
1397 5376 1628 5445 ἑρπετὰ,
1682 5375 1884 5443 συνῆγε

314 5468 397 5518 τὸν
426 5468 635 5536 καρπὸν
672 5469 730 5520 ιν
766 5468 1101 5537 παραδείσῳ,
1130 5468 1225 5520 καὶ
1257 5471 1354 5521 σὺν
1382 5472 1448 5537 τῇ
1471 5469 1696 5535 γυναικὶ
1718 5464 1885 5518 αὐτοῦ

306 5560 495 5627 ἢσθιεν
529 5561 713 5615 αὐτόν.
746 5556 930 5614 Ταῦτα
964 5561 1062 5631 μὲν
1090 5557 1206 5624 οὖν,
1238 5561 1324 5614 ἴνα
1353 5560 1429 5631 μὴ
1480 5560 1642 5627 λέγω,
1678 5559 1777 5612 καὶ
1808 5558 1889 5611 ἔτι

306 5655 493 5726 πολλῴ
542 5654 767 5708 πλείονα
815 5654 1110 5725 τούτων,ὴ
1159 5654 1345 5723 Λεπτὴ
1378 5652 1602 5715 διέξεισι
1646 5652 1885 5713 Γένεσις.

378 5823 424 5853 ’³
454 5822 496 5875 ll
531 5822 705 5875 l'at'al.
739 5839 810 5887 vt,
848 5822 936 5876 56.
1013 5824 1057 5854 ’τ’
1098 5822 1234 5874 Gen.
1273 5836 1351 5882 nt,
1382 5821 1433 5871 6.

1972 3259 2262 3313 sublimius
2315 3257 2430 3312 haec
2488 3257 2667 3311 verbis
2708 3257 3021 3325 hujusmodi
3069 3258 3315 3327 exponit.
3352 3258 3546 3323 Malum

1970 3351 2120 3404 illum
2180 3349 2384 3418 peccati
2435 3348 2670 3401 fructum
2707 3363 2936 3417 serpens
2989 3360 3404 3412 commonstrat,
3438 3367 3549 3406 non

1971 3443 2119 3497 illum
2148 3441 2364 3511 quidem
2401 3457 2466 3495 eo
2504 3448 2665 3510 pacto
2692 3456 2799 3509 quo
2849 3453 3196 3507 comparatus
3221 3453 3338 3497 erat.
3388 3458 3416 3496 a
3446 3458 3548 3497 na-

1971 3545 2089 3588 tura
2142 3542 2270 3603 (non
2303 3535 2447 3588 enim
2479 3543 2667 3601 aperto
2699 3533 2842 3586 malo
2882 3534 3336 3604 circumscriptus
3384 3537 3551 3590 homo

1970 3628 2222 3693 fuisset),
2273 3625 2368 3679 sed
2419 3637 2642 3679 externa
2677 3626 2798 3693 ejus
2841 3625 3023 3692 specie
3053 3640 3150 3693 per
3206 3636 3547 3680 venustatem

1969 3719 2257 3789 quamdam
2285 3727 2570 3782 exornata,
2604 3725 2657 3771 et
2710 3716 2767 3769 in
2802 3716 2920 3786 ipso
2946 3732 3106 3772 sensu
3138 3718 3423 3771 dulcedine
3450 3734 3551 3789 gu-

1969 3813 2075 3866 stui
2110 3809 2394 3879 praestigiis
2429 3807 2763 3877 quibusdam
2802 3808 2993 3872 indita,
3034 3811 3183 3863 visus
3215 3819 3299 3862 est
3329 3811 3547 3863 mulieri

1969 3901 2131 3956 ﬁdem
2155 3902 2379 3955 omnino
2412 3901 2629 3954 mereri.
2662 3900 2736 3954 Eo
2764 3909 2922 3968 pacto
2963 3900 3147 3955 fallere
3182 3902 3429 3956 diabolus
3456 3904 3553 3955 ho-

1972 3993 2177 4046 minem
2208 3989 2517 4052 consuevit,
2546 3989 2639 4059 qui
2672 3992 2776 4044 nisi
2813 3991 2971 4059 plane
3000 3990 3237 4059 prudens
3265 4002 3428 4060 atque
3456 4010 3550 4045 so-

1972 4083 2119 4136 brius
2158 4082 2249 4143 sit,
2283 4081 2596 4135 molitiones
2645 4081 2766 4149 ejus
2796 4080 2965 4135 vitare
3012 4081 3345 4149 laqueosque
3387 4099 3552 4153 supe-

1973 4190 2092 4228 rare
2138 4174 2347 4242 nequit.
2388 4174 2565 4242 Atque
2614 4173 2730 4228 haec
2768 4172 2822 4226 in
2874 4174 3021 4226 hunc
3059 4172 3275 4226 modum
3329 4188 3554 4243 compa-

1977 4279 2090 4321 rata
2116 4278 2263 4321 sunt.

2046 4372 2319 4425 Caeterum
2353 4386 2555 4440 parvus
2608 4372 2697 4427 ille
2746 4373 2815 4427 de
2851 4380 2975 4428 ortu
3010 4386 3193 4425 rerum
3228 4371 3366 4424 liber
3414 4369 3555 4424 Ada-

1978 4477 2126 4515 mum
2154 4462 2287 4514 citra
2314 4462 2861 4531 circumspectionem
2901 4462 3209 4529 sumpsisse
3241 4462 3304 4513 de
3334 4459 3478 4528 ligno
3499 4466 3557 4511 et

1979 4552 2305 4615 comedisse,
2333 4568 2559 4621 prorsus
2611 4552 2735 4606 Eva:
2790 4554 2966 4606 verbis
3021 4550 3164 4605 haud
3217 4549 3551 4619 impulsum,

1989 4644 2443 4710 tradit.,Scnsisse
2467 4645 2725 4698 nimirum
2756 4643 3057 4699 molestiam
3079 4644 3241 4697 animi
3263 4642 3554 4711 quamdam

1983 4752 2049 4791 ex
2075 4738 2390 4805 fatigatione
2440 4751 2503 4789 ac
2544 4737 2702 4789 latine.
2749 4732 2951 4789 Verum
3002 4738 3117 4790 lucc
3168 4735 3388 4789 silentio
3450 4734 3554 4803 tegi

1985 4838 2226 4899 praestat,
2262 4844 2385 4882 cum
2419 4838 2739 4897 perpetuum
2770 4828 3045 4883 silentium
3088 4841 3420 4890 mereantur,
3455 4828 3555 4881 nisi

1983 4932 2037 4974 tu
2069 4935 2287 4989 quoque
2318 4920 2451 4974 velis
2468 4920 2649 4974 dicere
2672 4919 2953 4973 mulierem
2990 4922 3195 4973 Adamo
3218 4934 3556 4980 concessam,

1983 5024 2052 5063 ne
2086 5011 2189 5062 alia
2220 5026 2278 5063 se
2302 5010 2367 5063 ad
2409 5009 2666 5063 animalia
2698 5019 3084 5075 converteret;
3133 5018 3443 5077 serpentem
3492 5023 3557 5062 ex

1978 5102 2235 5171 jumento
2266 5100 2467 5152 factum
2501 5099 2726 5153 bestiam
2757 5099 3091 5168 reptibilem,
3121 5113 3244 5152 cum
3267 5112 3459 5151 manus
3496 5112 3561 5151 ac

1984 5191 2151 5258 pedes
2195 5189 2345 5256 prius
2398 5188 2645 5248 haberet,
2702 5187 2900 5255 quibus
2950 5188 3217 5255 spoliatus
3274 5198 3562 5255 prepterca

1985 5282 2143 5335 luerit
2182 5281 2326 5348 quod
2358 5279 2519 5348 paulo
2563 5278 2825 5332 audacius
2871 5280 3178 5348 paradisum
3232 5278 3423 5333 fuisset
3476 5281 3563 5331 in-

1984 5388 2202 5445 gressus
2249 5386 2312 5425 ac
2348 5371 2555 5439 primus
2594 5371 2663 5425 de
2719 5371 2866 5441 ligno
2913 5372 3241 5439 sumpsisset
3269 5380 3326 5425 et
3375 5386 3561 5424 come.

1984 5465 2187 5527 disset;
2236 5462 2505 5516 Adamum
2539 5464 2788 5516 volucres
2826 5471 2880 5516 et
2926 5463 3149 5532 reptiles
3200 5462 3406 5516 bestias
3430 5463 3562 5515 abe-

1986 5558 2170 5627 gisse,
2224 5570 2290 5609 ac
2335 5554 2608 5609 fructibus
2650 5555 2887 5624 paradisi
2942 5555 3219 5625 congestis
3280 5569 3389 5607 una
3437 5566 3563 5606 cum

1989 5665 2158 5705 uxore
2187 5648 2507 5713 victitasse;
2540 5663 2660 5718 quae
2689 5648 2932 5717 quidem,
2970 5664 3037 5704 ne
3092 5649 3265 5704 multo
3298 5647 3381 5700 his
3410 5645 3568 5717 plura
