4204 6450
307 420 403 483 22!
1581 435 1981 497 ANNALI‘UM
2030 436 2222 498 mus
2270 441 2308 499 l.
3451 416 3557 499 εει).

313 553 435 602 γιν·
479 557 496 589 ι
540 542 698 609 υῐμοι
729 544 808 596 ὅτι
838 546 1122 617 ἄνθρωπος
1156 554 1210 604 ἐν
1256 555 1389 623 τιμῇ
1441 555 1515 606 ῶν
1560 556 1621 608 οὑ
1656 556 1877 625 συνῆκε.
1913 558 1953 611 Α

1913 558 1953 611 Α
1991 554 2088 607 lica
2127 555 2237 607 vita
2283 555 2592 617 excidi-set,
2625 571 2687 609 cx
2715 570 2818 624 quo
2852 558 3083 609 mandati
3130 557 3357 611 violator
3393 566 3555 610 exsti-

313 629 780 704 Παρασυνεὸλήθη
828 642 939 702 τοῖς
984 642 1231 710 ἀνοήτοις
1286 646 1505 716 κτήνεσι
1536 649 1631 700 καὶ¹
1658 647 1878 716 ὡμοιώ-

1987 646 2069 708 tit,
2103 645 2158 697 in
2188 654 2388 699 statum
2419 648 2538 700 vita:
2568 647 2850 699 btutorum
2883 648 3284 700 consimilemct
3311 648 3554 701 aﬂ’ectio-

311 719 376 786 θη
401 722 606 782 αὐτοῖς.
648 743 664 774 I
705 727 857 779 Κατά
891 731 999 798 γὰρ
1029 733 1187 786 τοῦτο
1216 736 1310 787 καὶ
1356 740 1384 789 ὁ
1422 738 1597 806 μέγας
1628 739 1879 808 Μάξιμος

1986 738 2146 791 nibus
2180 740 2477 791 obnoxium
2526 741 2707 807 lapsus
2734 748 2838 793 est.
2911 737 3119 793 lilcirco
3151 740 3381 793 Dmitlcs
3433 740 3552 807 plo-

309 812 369 860 ὲν
405 813 517 874 τοῖς
556 816 696 881 πρὸς
724 816 1022 874 Θαλάσσιον
1053 824 1240 892 ἔλεγεν
1273 828 1356 880 ὅτι
1402 829 1470 881 τά
1498 831 1646 900 πάθη
1684 831 1876 895 ταῦτα,

1987 846 2113 884 rans
2167 831 2375 899 inquit:
2456 832 2581 885 illei
2640 832 2815 895 InilIi,
2874 847 2994 885 cum
3070 832 3235 885 bono
3296 833 3556 901 dignitate

309 902 481 968 ἧγουν
521 905 683 975 ἡδονὴ
734 908 883 979 λύπη
917 913 1182 981 ἐπιθυμία
1226 918 1321 971 καὶ
1373 923 1442 972 τὰ
1476 921 1638 974 λοιπά
1680 923 1876 985 πάντα,

1982 919 2201 976 ﬂoreret
2235 961 2248 980 .
2314 923 2552 976 animum
2600 938 2705 975 non
2754 922 3020 985 advertit;
3112 922 3317 976 idcirco
3384 922 3557 974 brutis

413 1000 575 1062 φύσει
603 1000 711 1050 τῶν
745 1002 1050 1072 ἀνθρώπων
1075 1011 1507 1078 προηγουμένως
1533 1014 1594 1064 οὐ
1635 1015 1883 1067 συνεκτί-

1980 1014 2244 1083 jnmenlis
2272 1024 2353 1066 est
2387 1024 2752 1082 comparatus,
2795 1014 2983 1082 eisque
3024 1016 3197 1067 lactus
3230 1014 3426 1067 similis
3449 1015 3550 1064 ⁸⁸.»

312 1086 540 1156 σθησαν,
592 1091 726 1145 ἀλλά
777 1094 864 1148 διὰ
909 1097 1010 1167 τὴν
1064 1100 1163 1169 τῆς
1219 1103 1557 1175 τελειότητος
1605 1106 1880 1159 ἔκπτωσιν

1986 1106 2127 1159 Idem
2156 1106 2387 1159 eximius
2425 1109 2587 1159 etiam
2617 1108 2705 1161 ille
2736 1108 3010 1160 maximus
3042 1107 3093 1159 in
3134 1107 3197 1159 iis
3230 1107 3293 1159 :Itl
3328 1105 3555 1158 Thalas-

310 1180 603 1248 ἐπεισῆλθε
638 1190 810 1241 ταῦτα
839 1189 917 1258 τῷ
969 1193 1297 1265 ἀλογωτέριρ
1330 1196 1485 1266 μέρει
1535 1202 1882 1269 προσφυὲντα

1984 1196 2125 1248 sium
2151 1210 2268 1264 quae
2295 1198 2611 1265 perscripsit
2637 1198 2908 1266 exposuit,
2943 1198 3257 1251 affectiones
3287 1196 3550 1249 nimirum

310 1272 411 1339 τῆς
464 1275 705 1342 φύσεως,
758 1280 827 1333 δι’
861 1275 935 1336 ὧν
972 1286 1094 1338 ἀντὶ
1139 1290 1237 1355 τῆς
1277 1286 1424 1351 θείας
1465 1290 1557 1343 καὶ
1599 1291 1881 1360 μακαρίας

1984 1285 2167 1347 hasce,
2230 1286 2561 1354 voluptatem
2624 1288 2867 1341 dolorem
2923 1288 3248 1357 appetitum,
3304 1299 3550 1346 cwterus.

298 1366 520 1427 ἐἰκόνος
540 1368 702 1433 εὐθὺς
737 1370 855 1441 ἅμα
884 1377 949 1445 τῇ
980 1378 1289 1445 παραϐάσει
1335 1379 1601 1449 διαφανὴς
1639 1382 1730 1433 καὶ
1760 1384 1879 1434 ἐπί⁴

1987 1376 2138 1429 initio
2179 1392 2303 1431 cum
2359 1365 2638 1431 hominum
2678 1388 2867 1432 natura
2920 1395 3026 1434 non
3088 1380 3255 1433 fuisse
3286 1379 3553 1439 conditas.

307 1454 467 1517 δηλος
504 1458 564 1509 ἐν
597 1460 678 1523 τῷ
708 1463 983 1539 ἀνθρώπῳ
1018 1468 1243 1534 γέγονεν
1274 1471 1303 1538 ἡ
1336 1471 1445 1521 τῶν
1482 1471 1694 1538 ἀλόγων
1726 1473 1880 1536 ζώων

1984 1468 2075 1521 sed
2120 1476 2335 1536 propter
2373 1469 2719 1523 amissionem
2752 1470 3107 1539 perlectionis
3152 1469 3459 1537 irrepsisse,
3492 1485 3555 1520 ac.

307 1548 585 1614 ὁμοίωσις,
614 1546 760 1605 Ἔδει
785 1555 889 1625 γὰρ
923 1558 1020 1625 τῆς
1046 1559 1206 1622 ἀξίας
1239 1560 1333 1613 τοῦ
1380 1561 1542 1629 λόγου
1588 1564 1882 1632 καλυφθεί-

1985 1559 2125 1627 parti
2160 1569 2369 1613 natura:
2395 1560 2556 1627 paulo
2582 1561 2800 1628 longius
2832 1577 2860 1615 a
2904 1562 3115 1615 ratione
3154 1560 3430 1613 recctlenti
3463 1561 3556 1613 ad-

315 1654 414 1708 σης
444 1640 534 1707 ὑφ’
554 1636 627 1693 ὧν
651 1647 945 1715 γνωμικῶς
978 1650 1331 1705 ἐπεσπάσατο
1366 1654 1474 1706 τῶν
1497 1654 1708 1722 ἀλόγων
1744 1674 1882 1722 γνω-

1986 1651 2226 1713 lucsisse,
2284 1667 2381 1720 per
2405 1668 2540 1720 quas
2576 1654 2758 1706 statim
2803 1669 2908 1706 una
2953 1668 3077 1705 cum
3119 1651 3553 1722 transgressione

312 1737 617 1799 ρισμάτων,
660 1736 884 1801 ἐνδίκως
913 1739 1013 1809 τὴν
1046 1741 1207 1809 φύσιν
1239 1744 1347 1797 τῶν
1388 1744 1691 1815 ἀνθρώπων
1726 1748 1885 1801 κολά-

1986 1758 2082 1811 pro
2117 1743 2298 1796 divina
2353 1746 2619 1812 lIcataque
2652 1745 2886 1813 imagine
2918 1744 3204 1798 brutorum
3235 1742 3550 1796 animalium

309 1819 521 1889 ζεσθαι,
556 1828 732 1894 σοφῶς
763 1830 844 1892 είς
871 1834 1231 1903 συναίσθησιν
1255 1836 1357 1906 τῆς
1392 1837 1617 1907 λογικῆς
1649 1840 1882 1908 μεγαλο-
1914 1889 1953 1908 ﬁ

1914 1889 1953 1908 ἢ
1986 1834 2287 1887 similitudo
2318 1835 2367 1886 in
2410 1835 2632 1887 homine
2658 1835 2941 1889 manifesta
2974 1844 3028 1889 et
3060 1836 3353 1903 conspicua
3381 1834 3553 1888 exsti-

310 1911 661 1973 νοίαςὲλθεῖν
698 1919 1122 1990 οίκονομοῦντος
1147 1925 1239 1979 τοῦ
1268 1926 1405 1980 Θεοῦ
1447 1928 1538 1981 τὸν
1566 1929 1874 1997 ἄνθρωπον.
1914 1889 1956 1943 Β

1914 1889 1956 1943 Β
1987 1925 2069 1979 tit.
2121 1926 2249 1980 Erat
2279 1926 2424 1979 cnim
2460 1942 2685 1981 necesse
2719 1936 2776 1981 ut
2817 1937 3073 1997 cooperta
3112 1927 3342 1980 rationis
3371 1925 3548 1994 digni-

310 2001 456 2072 Πλὴν
482 2005 579 2058 ούιι
607 2009 923 2075 ἀναγκαίως
944 2014 1018 2081 τῷ
1045 2014 1159 2067 ὄντι
1191 2017 1491 2088 κατέδησεν
1527 2020 1671 2088 ἡμᾶς
1697 2020 1724 2071 ὁ
1749 2020 1879 2083 Θεὲες

1984 2026 2093 2070 tate
2124 2027 2320 2070 natuta
2356 2018 2667 2070 mortalium
2705 2018 3023 2086 quIissinIo
3049 2018 3171 2085 jure
3207 2033 3302 2085 per
3342 2032 3404 2069 ea
3446 2031 3550 2083 pI-

310 2096 449 2157 μετά
493 2096 592 2166 τὴν
628 2102 939 2169 παράϐασιν
977 2109 1097 2165 ταῖς
1134 2108 1452 2179 ἐπιθυμίαις
1496 2110 1745 2175 ταύταις,
1785 2112 1878 2180 ὑφ’

1982 2112 2193 2166 niretur
2226 2112 2509 2165 brutorum
2543 2122 2750 2165 natura:
2773 2111 2969 2164 indicia
2986 2119 3395 2180 etargumenta,
3430 2123 3550 2177 qua‘.

302 2180 378 2239 ῶν
408 2190 497 2240 ἐπί
522 2206 578 2242 τε
607 2192 841 2261 βρώσεις
856 2198 955 2248 καὶ
983 2201 1169 2261 πόσεις
1205 2205 1297 2255 καὶ
1325 2205 1418 2256 ἐπὶ
1453 2207 1747 2274 ἀφροδίσια
1782 2226 1880 2259 κα-

1981 2204 2095 2272 ipsa
2133 2203 2235 2256 sibi
2271 2213 2469 2271 sponte
2502 2218 2598 2256 sua
2632 2203 2940 2265 arcessivit,
2971 2203 3250 2271 sapienter
3283 2200 3550 2255 etiicicnte

299 2283 681 2351 ταφερὸμεία.
725 2288 1007 2342 Ἐντεῦθεν
1066 2293 1175 2362 γὶρ
1212 2298 1326 2358 τοῖς
1378 2302 1662 2367 γεννητοῖς
1721 2300 1877 2368 ἡμῶν

1983 2295 2090 2350 lleo
2132 2304 2191 2348 ut
2218 2295 2319 2347 lIoc
2352 2304 2509 2365 pacto
2542 2296 2918 2364 intelligentiae
2951 2293 3236 2347 rationalis
3284 2291 3548 2361 amplitu-

305 2372 521 2441 σώμασι
549 2378 615 2428 τὸ
646 2380 937 2445 γεννᾶσθαί
977 2400 1035 2434 τε
1072 2385 1165 2437 καὶ
1196 2387 1495 2455 τρέφεσθαι
1541 2392 1636 2444 καὶ
1687 2392 1879 2460 διαμέ-

1979 2388 2162 2441 dinem
2217 2387 2382 2441 homo
2430 2402 2615 2441 secum
2665 2387 3017 2456 expenderet.
3086 2384 3379 2438 Enimvero
3427 2394 3550 2452 post

304 2480 415 2514 νειν
438 2464 539 2527 ἕως
577 2466 855 2531 πλείστου,
888 2471 1011 2525 καθ’
1056 2474 1180 2526 ὅσον
1221 2475 1287 2528 ἂν
1318 2476 1534 2545 ἑκάστῳ
1564 2480 1656 2531 τοῦ
1691 2481 1878 2549 σώμα-

1980 2480 2474 2549 IranSgressioneIn
2507 2492 2700 2547 reapse
2723 2493 2823 2531 nos
2855 2477 3002 2531 Deus
3029 2476 3421 2546 cupiditatibus
3440 2474 3548 2529 illis

299 2572 392 2615 τος
424 2558 454 2626 ἠ
486 2556 743 2623 σύστασις
790 2564 1135 2635 ἐπιδέχηται.
1168 2569 1273 2619 Καὶ
1326 2570 1435 2639 γάρ
1481 2573 1542 2622 ἐκ
1595 2574 1876 2644 τεσσάρων

1978 2574 2226 2644 alligavit
2256 2584 2309 2629 et
2340 2574 2688 2639 constrinxit,
2715 2589 2814 2643 per
2837 2590 2971 2643 quas
3001 2575 3066 2629 ad
3104 2574 3286 2628 cibum
3312 2615 3326 2637 ,
3360 2582 3545 2643 potum

303 2649 437 2700 αὐτὸ
463 2653 743 2719 στοιχείων
766 2656 1122 2725 συγκείμενον
1141 2661 1615 2716 ἐπακολουθοῦσαν
1636 2666 1695 2729 ἐξ
1711 2667 1878 2733 ἀνάγ-

1980 2683 2066 2722 res
2097 2666 2369 2722 Venereas
2398 2668 2753 2736 impellimur.
2828 2666 2967 2720 llinc
3020 2674 3102 2720 est
3140 2667 3192 2719 in
3227 2665 3548 2734 corporibus

299 2756 403 2805 κης
428 2740 693 2810 κέκτηται
722 2745 822 2812 τὴν
855 2745 1119 2803 διάλυσιν.
1159 2750 1417 2815 Σύνθεσις
1458 2756 1567 2826 γὰρ
1597 2758 1740 2828 ἀρχὴ
1761 2760 1877 2811 δια-

1978 2762 2181 2815 nostris
2214 2776 2312 2830 per
2336 2761 2775 2832 procreationem
2809 2760 2865 2814 in
2897 2760 3075 2813 lucem
3108 2759 3291 2823 editis,
3320 2758 3465 2826 quod
3494 2768 3550 2811 et

301 2833 569 2925 στάσεως,
618 2835 693 2898 ὡς
744 2840 771 2888 ὁ
823 2838 1073 2907 θεολόγος
1113 2845 1248 2911 φησὶ
1279 2845 1601 2914 Γρηγόριος.
1642 2851 1876 2904 Λέλυται

1987 2856 2273 2925 gignantur
2310 2864 2362 2907 et
2405 2854 2646 2918 alantur,
2682 2863 2737 2906 et
2778 2862 2884 2906 tam
2926 2853 3018 2906 diu
3071 2853 3303 2905 maxime
3348 2850 3551 2904 durent
3631 2847 3647 2860 ’

296 2921 391 2977 οὖν
415 2926 505 2977 ἐπὶ
532 2929 639 2979 τισὶ
670 2928 769 2992 μὲν
803 2931 1008 2999 τάχιον,
1034 2935 1125 2986 ἐπὶ
1155 2937 1265 2989 τισὶ
1290 2937 1347 2989 δὲ
1374 2939 1609 3008 βράδιον.
1633 2944 1739 2995 Καὶ
1758 2947 1880 2995 πεί-

1978 2921 2221 3013 qtiandlu
2255 2944 2521 3011 cujusque
2568 2943 2819 3013 corporis
2860 2942 3181 2996 constitutio
3223 2941 3345 2993 vita:
3374 2955 3544 3008 capax

199 3043 205 3048 -
297 3017 393 3069 θου
423 3018 501 3086 τῷ
551 3021 769 3091 μεγάλῳ
799 3023 1051 3095 Κυρίλλῳ
1086 3026 1336 3092 λέγοντι’
1376 3048 1394 3081 ι
1438 3032 1603 3085 Εῖασε
1638 3033 1694 3086 δὲ
1736 3040 1859 3103 μετὲ

1978 3045 2081 3089 est.
2130 3034 2266 3088 Cum
2301 3035 2446 3089 enim
2482 3050 2684 3105 corpus
2724 3050 2789 3089 ex
2818 3034 3109 3089 elementis
3155 3043 3391 3103 quatuor
3419 3047 3547 3085 con-

294 3110 396 3179 τὴν
447 3114 765 3166 ἀπόπτωσιν
804 3115 1035 3169 ἕκαστον
1088 3120 1115 3171 ὁ
1149 3118 1281 3183 Θεὸς
1328 3122 1429 3193 τὴν
1480 3124 1676 3178 ἑαυτοῦ
1732 3127 1877 3197 ζωὴν

1978 3136 2107 3191 stet,
2144 3127 2217 3181 ita
2256 3128 2579 3182 necessario
2601 3134 2980 3195 Comparatum
3018 3135 3103 3179 est
3140 3133 3199 3177 ut
3227 3124 3346 3191 ejus
3368 3123 3548 3177 disso-

295 3203 606 3273 ἐκπληροῦν
639 3206 712 3268 ὡς
745 3207 812 3259 ἀν
835 3207 994 3277 ἔτυχε
1028 3211 1297 3279 κράσεως.
1350 3231 1370 3266 ι
1409 3215 1534 3269 Ἐπὶ
1561 3218 1670 3286 γὰρ
1700 3220 1870 3289 τούτῳ
1903 3242 1941 3295 ο

1903 3242 1941 3295 ο
1979 3219 2114 3273 Ιυιὶο
2143 3219 2359 3273 tandem
2393 3228 2676 3289 sequatur.
2744 3218 2955 3286 Quippe
3004 3216 3326 3284 compositio
3373 3213 3544 3268 nostri

296 3297 394 3348 καὶ
425 3298 492 3349 τά
521 3299 823 3350 συστατικά
851 3300 949 3368 τῆς
982 3301 1127 3371 ζωῆς
1152 3304 1332 3373 ήμῶν,
1355 3308 1601 3376 ’καρδίαν
1627 3310 1871 3379 δηλονότι

1976 3320 2131 3364 ortus
2184 3311 2400 3364 initium
2455 3320 2562 3373 est,
2618 3308 3082 3377 quemadmodum
3118 3305 3412 3375 Gregorius
3457 3305 3546 3360 ille

296 3386 775 3461 ὲγκέφαλονῆπαρ
811 3395 905 3445 καὶ
928 3396 1027 3446 ὅσα
1055 3397 1303 3463 τοιαῦτα,
1339 3402 1583 3470 στερροῖς
1626 3403 1871 3457 ἁπαντα-

1975 3405 2264 3472 tlIeologus
2322 3402 2525 3471 inquit.
2583 3402 2790 3455 Idcirco
2850 3414 3051 3468 corpus
3114 3400 3169 3452 in
3220 3395 3544 3466 quibusdam

297 3482 452 3549 χόθεν
478 3482 685 3543 ὀστέοις
706 3486 739 3553 ἡ
769 3484 928 3551 φύσις
961 3486 1322 3558 ἐφρούρησεν,
1360 3490 1501 3544 ὥστε
1530 3494 1603 3563 μὴ
1635 3495 1730 3547 καὶ
1751 3500 1871 3559 ταις

1974 3494 2206 3547 celerius
2241 3492 2580 3555 dissolvitur,
2637 3493 2691 3543 in
2744 3490 2866 3543 aliis
2914 3490 3145 3543 tardius.
3217 3488 3548 3541 Persuadent

290 3572 585 3641 τυχούσαις
620 3574 928 3644 προφάσεσι
961 3580 1500 3651 καταϐλαπτομένων
1530 3586 1708 3637 αὐτῶν
1732 3587 1869 3640 ἑτοί-

1974 3585 2076 3638 hoc
2106 3583 2272 3637 etiam
2315 3597 2546 3650 magnus
2577 3583 2666 3633 ille
2695 3580 2789 3633 tibi
2823 3578 3080 3648 Cyrillus,
3111 3577 3203 3647 qui
3230 3577 3307 3630 ait
3336 3597 3346 3630 :
3388 3574 3548 3630 «Post

298 3682 413 3730 μως
442 3663 584 3715 οὕτω
604 3666 695 3717 τὸν
719 3666 950 3721 θάνατον
979 3669 1227 3723 ἕπεσθαι.
1262 3672 1501 3737 Ταύταις
1536 3676 1727 3743 μέντοι
1750 3681 1872 3741 ταῖς

1972 3676 2180 3743 lapsum
2224 3673 2365 3727 Deus
2412 3671 2706 3739 unicuique
2745 3671 2911 3724 vitam
2962 3684 3118 3723 suam
3172 3668 3395 3736 explere
3441 3681 3545 3736 pro

292 3754 616 3823 ἐπιθυμίαις
652 3757 748 3807 καὶ
776 3758 982 3828 ἡδονὴν
1013 3759 1205 3830 ῶσπερ
1256 3780 1310 3815 τι
1350 3764 1543 3836 δέλεαρ
1574 3769 1871 3836 ἐγκατέμι-

1972 3769 2184 3821 ratione
2218 3766 2632 3834 temperamenti
2663 3764 2849 3818 sinit.»
2889 3761 3018 3815 Nam
3046 3762 3190 3815 illam
3220 3760 3289 3813 ob
3320 3775 3542 3813 causam

296 3847 404 3911 ξεν,
429 3846 505 3909 ὡς
538 3848 789 3901 ἐντεῦθεν
819 3853 966 3920 ἡμᾶς
985 3852 1230 3919 ’ἑτοίμως
1274 3854 1665 3911 καθέλκεσθαι.
1702 3861 1762 3912 Εἰ
1792 3862 1869 3930 μὴ

1971 3873 2157 3929 partes
2184 3873 2278 3915 eas
2317 3858 2563 3928 corporis
2588 3858 2760 3911 nostri
2795 3870 2914 3923 qua:
2941 3856 3103 3907 vitam
3136 3861 3381 3906 nostram
3415 3867 3544 3905 con-

294 3942 405 4007 γὰρ
436 3939 596 3992 τοῦτο
622 3937 718 4009 ἦν,
748 3943 847 3993 οὐκ
879 3943 945 3995 ἂν
986 3944 1079 3995 ἐπὶ
1111 3944 1345 4014 βρώσεις
1374 3949 1469 4000 καὶ
1492 3951 1680 4012 πόσεις
1715 3954 1870 4021 ἐτρέ-

1973 3954 2169 4014 tinent,
2214 3949 2372 4017 cujus
2412 3947 2628 4017 generis
2680 3953 2809 4001 sunt
2863 3960 2980 4007 cor,
3037 3943 3346 4007 cerebrum,
3390 3944 3546 4010 jecur

291 4048 488 4100 χομεν,
524 4038 624 4083 οὐκ
654 4034 721 4084 ἂν
759 4034 1089 4103 ἀφροδισίοις
1115 4036 1414 4106 ὁλοσχερῶς
1439 4043 1865 4112 προσεκείμεθα.

1969 4042 2186 4111 aliaque
2220 4041 2369 4103 talia,
2405 4040 2577 4093 ﬁrmis
2609 4037 3102 4104 osslbusundique
3134 4043 3329 4088 natura
3364 4034 3542 4086 muni-

296 4124 357 4174 Εἰ
392 4123 448 4174 δὲ
488 4123 563 4191 μὴ
593 4124 773 4189 τοῦτο,
804 4124 950 4194 ’τάχα
988 4126 1051 4177 ἂν
1090 4126 1148 4193 ἐξ
1174 4128 1422 4195 ἀνάγκης
1455 4130 1516 4183 τὺ
1542 4133 1698 4199 γένος
1736 4135 1869 4187 ἀπό-

1970 4134 2067 4198 νίι;
2099 4142 2157 4186 ιιι
2185 4148 2254 4186 nc
2285 4147 2385 4201 per
2415 4131 2637 4200 quasvis
2668 4127 2986 4183 occasiones
3018 4126 3272 4179 fortuitas
3309 4124 3375 4177 iis
3399 4124 3542 4177 laesis

291 4212 430 4263 λωὶε
454 4214 515 4264 τὸ
535 4214 897 4283 ἀνθρώπινον.
930 4218 1086 4270 Κατά
1111 4218 1266 4271 τοῦτο
1297 4220 1395 4289 μὲν
1414 4217 1505 4275 οὖν
1536 4226 1629 4276 καὶ
1660 4226 1691 4295 ἡ
1712 4226 1864 4297 γονὴ,

1968 4226 2245 4295 extemplo
2278 4240 2430 4278 mors
2463 4230 2918 4290 consequeretur.
2979 4221 3155 4287 Atque
3188 4218 3272 4270 his
3304 4218 3371 4269 de
3416 4216 3541 4285 qui-

293 4304 620 4373 περίττωμα
642 4300 752 4359 οἷον
774 4303 929 4371 οὖσα,
963 4311 1282 4377 κατεπείγει
1312 4312 1405 4364 καὶ
1430 4314 1555 4383 ἀνιᾷ
1583 4318 1674 4367 καὶ
1700 4318 1868 4385 ἀναγ-

1968 4319 2070 4371 bus
2103 4326 2256 4369 antea
2312 4315 2383 4368 Ιοι
2402 4314 2479 4367 ιιιὶ
2524 4327 2738 4372 sumus.
2795 4310 3183 4379 cupiditatibus
3212 4308 3540 4376 voluptatem

293 4396 453 4459 κάζει
484 4396 544 4448 τὸ
571 4395 710 4459 ζῶον
749 4397 928 4468 ὁρμᾷ-ι
961 4400 1051 4451 ἐπὶ
1086 4402 1183 4468 τὴν
1231 4403 1519 4472 ἀπόκρισιν
1552 4408 1742 4477 αὐτῆς,
1782 4411 1870 4462 εύ-

1970 4422 2185 4474 quoque
2210 4404 2355 4459 velut
2388 4418 2529 4457 escae
2553 4403 2965 4455 condimentum
2990 4398 3264 4468 quoddam
3300 4398 3538 4462 miscuit,

296 4487 537 4556 μεθὸὁως
572 4489 667 4541 καὶ
716 4489 995 4543 τοῦτο’τοῦ
1046 4491 1179 4544 Θεοῦ
1214 4496 1670 4566 συγχωρήσαντος
1702 4499 1863 4551 ἓνεκα

1970 4506 2029 4548 ut
2065 4509 2127 4548 ea
2157 4509 2253 4547 nos
2288 4492 2577 4546 commode
2614 4490 2886 4544 delenitos
2912 4489 3170 4543 ﬂecteret.
3208 4486 3342 4539 Nam
3383 4497 3541 4540 caete-

289 4584 393 4649 τῆς
415 4580 510 4632 τοῦ
538 4580 728 4647 γένους
756 4583 1038 4652 διαμονῆς.
1074 4584 1258 4638 Ταῦτα
1300 4587 1354 4641 δὲ
1386 4588 1578 4653 Μάνης
1606 4592 1698 4642 καὶ
1723 4593 1860 4643 Ούα-
1893 4578 1944 4641 D

1893 4578 1944 4641 D
1971 4587 2162 4655 roquin
2193 4584 2259 4638 ad
2300 4582 2485 4637 cibum
2511 4590 2811 4650 potumque
2839 4594 2940 4632 nos
2971 4577 3110 4631 baud
3138 4576 3537 4640 conferremus,

291 4674 527 4734 lurcho;
556 4676 909 4744 ἠγνοηκότες,
940 4677 1015 4739 ὡς
1044 4678 1215 4743 ἔοικε,
1256 4684 1463 4750 κτίσμα
1496 4682 1588 4735 τοῦ
1613 4670 1860 4737 διαϐόλου

1970 4689 2023 4732 et
2055 4672 2220 4745 ἰιι
2253 4690 2283 4729 a
2338 4675 2499 4727 rebus
2530 4674 2789 4727 Venereis
2839 4684 3066 4742 prorsus
3118 4671 3536 4725 abstinercmus.

291 4767 480 4832 ελεγον
507 4760 671 4829 εἶναι,
698 4766 790 4818 ὑπ’
813 4768 985 4820 αὐτοῦ
1027 4785 1086 4821 τε
1120 4769 1426 4839 πυροῦσθαι
1453 4774 1545 4825 καὶ
1570 4775 1705 4843 πρὸς
1748 4778 1862 4828 ἀτι-

1971 4770 2182 4837 Quibus
2211 4768 2375 4821 rebus
2406 4765 2628 4820 omissis
2652 4779 2715 4818 ac
2748 4764 3004 4834 neglectis
3033 4764 3343 4817 necessario
3368 4777 3539 4832 genus

296 4855 424 4923 μίας
453 4854 863 4911 ἀποκυλίεσθαι.
898 4856 1043 4926 Πλὴν
1064 4858 1164 4910 οὐκ
1199 4859 1379 4929 ἀφῆκε
1406 4862 1541 4932 πρὸς
1568 4865 1862 4932 συναφείας

1976 4867 2273 4917 humanum
2304 4858 2576 4912 interiret.
2612 4856 2753 4910 Hinc
2780 4856 2838 4909 lit
2861 4864 2919 4908 ut
2940 4855 3312 4925 sem‘en,quod
3344 4870 3541 4924 super-

290 4949 441 5015 ήμᾶς
463 4950 490 5000 ὁ
514 4947 648 5009 Θεὸς
677 4945 818 5002 εἶναι
857 4952 1033 5019 πάντη
1065 4956 1429 5022 κατωφερείς,
1460 4955 1579 5007 οὐδὲ
1626 4954 1723 5025 ζῇν
1747 4957 1866 5008 ἀνε-

1960 4957 2141 5016 l‘luiaas
2168 4951 2412 5022 quaedam
2445 4959 2547 5015 est,
2569 4963 2672 5003 nos
2698 4957 2907 5016 urgeat,
2934 4956 2989 5001 et
3028 4947 3277 5000 molestia
3304 4947 3542 5014 quadam

288 5039 611 5108 παισθήτως
669 5040 852 5091 ετιῐσεν
881 5039 1067 5103 ὡς’τά
1101 5041 1296 5110 ἄλογα.
1320 5044 1395 5114 Τῇ
1426 5045 1534 5113 γὰρ
1564 5045 1723 5115 ἡδονῇ
1770 5049 1863 5098 καὶ

1962 5046 2248 5107 alliciendo
2276 5050 2433 5113 cogat
2461 5051 2521 5095 ut
2556 5042 2680 5110 ejus
2710 5039 2777 5093 ad
2808 5040 3183 5092 excretionem
3223 5038 3534 5107 progredia-

284 5134 483 5196 ’ἀηδίαν
512 5132 831 5195 συνέζευξεν
848 5132 957 5185 καὶ
994 5133 1302 5204 σύμμικτον
1335 5136 1539 5205 ταύτην
1575 5139 1863 5206 ἐποίησεν,

1968 5156 2112 5204 mur,
2145 5133 2355 5205 optima
2402 5132 2455 5185 id
2502 5134 2710 5184 ratione
2764 5130 3122 5198 permittente
3174 5131 3282 5181 Deo
3317 5137 3543 5197 propter

284 5225 359 5288 ὡς
400 5225 608 5277 ἐκεῖθεν
669 5226 765 5293 μὲν
800 5225 893 5276 ἐπὶ
936 5224 1044 5295 τὴν
1073 5226 1166 5279 τοῦ
1200 5228 1391 5295 γένους
1437 5228 1667 5301 αὔξησιν
1710 5231 1865 5283 ἕλκε-

1967 5230 2187 5299 generis
2218 5228 2389 5280 nostri
2423 5223 2795 5278 (iurationem.
2838 5222 2967 5285 Qua:
2994 5237 3118 5275 cum
3158 5220 3338 5274 Manes
3372 5233 3541 5288 atque

288 5320 441 5379 σθαι,
468 5314 719 5367 ἐντεῦθεν
744 5314 799 5366 δὲ
824 5316 1130 5379 ταλανίζειν
1160 5318 1412 5383 ἑαυτοὺς,
1442 5322 1549 5373 τῶν
1578 5322 1860 5392 προτέρων

1968 5318 2287 5376 Valentinus
2318 5316 2655 5384 ignorarent,
2694 5312 2769 5365 uti
2804 5312 3023 5381 quidem
3046 5310 3282 5373 videtur,
3313 5323 3539 5362 carnem

286 5407 719 5475 ἐπιμεμνῆσθαι,
763 5407 855 5458 καὶ
897 5410 993 5478 τῆς
1038 5411 1312 5479 ἁμαρτίας
1361 5411 1503 5479 μέγα
1540 5412 1856 5484 ’καταόοᾷν,

1966 5426 2089 5468 esse
2122 5408 2319 5463 diaboli
2354 5405 2629 5476 Opillcium
2687 5404 2948 5458 dixerunt
3001 5414 3055 5456 et
3087 5401 3312 5455 accendi
3349 5402 3417 5453 ab
3448 5414 3538 5465 eo,

282 5498 353 5549 δι’
390 5500 456 5567 ἦν
481 5499 591 5559 τοῖς
627 5498 1465 5571 ἀνοήτοις’παρασυνεὸλήθημεν
1495 5503 1742 5572 κτήνεσι.

1968 5520 2077 5574 quo
2121 5512 2311 5571 turpes
2362 5500 2417 5553 in
2466 5496 2721 5552 libidines
2775 5504 3017 5566 proritat.
3068 5493 3377 5548 Enimvero
3425 5507 3538 5547 non

284 5588 562 5641 concessit
591 5589 747 5643 nobis
778 5591 920 5645 Deus
952 5602 1011 5645 ut
1057 5592 1357 5661 nimiopere
1401 5594 1574 5648 simus
1602 5595 1668 5649 ad
1696 5596 2014 5665 complexus
2043 5595 2319 5649 Venereos
2382 5591 2675 5662 proclives,
2746 5599 2848 5643 nec
2878 5588 3159 5643 brutorttm
3220 5586 3273 5640 in
3330 5599 3538 5638 morem

282 5684 495 5749 absque
517 5696 678 5734 sensu
710 5680 924 5737 vivendi
993 5693 1318 5753 potestatem
1356 5684 1507 5740 fecit.
1568 5685 1701 5740 Nam
1778 5688 2039 5758 voluptati
2096 5685 2389 5755 quamdam
2429 5680 2810 5735 insuavitatem
2832 5679 3077 5750 adjuuxit
3104 5690 3266 5747 atque
3290 5675 3532 5741 miscuit,

354 5832 399 5863 "
431 5830 578 5883 Psal.
611 5849 797 5898 XLVIII,
834 5836 914 5890 15.
