4204 6450
678 431 784 492 22ἱῖ

1962 428 2383 488 SLCHAELIS
2425 427 2692 487 GLYCKE

3841 424 3950 490 9Ξᾶ

677 554 734 596 ι.ι
772 543 897 596 hinc
958 546 1181 612 quidem
1253 546 1320 599 ad
1369 544 1585 613 generis
1630 544 2082 613 propagationem
2153 543 2540 607 escitaremur,
2593 543 2719 597 inde
2760 557 2888 597 vero
2921 544 3173 599 miserias
3219 554 3443 599 nostras
3501 544 3937 614 deploraremus,

674 641 870 708 prioris
924 650 1102 696 status
1155 641 1471 695 memoriam
1526 641 1933 704 refricaienius,
1980 648 2263 708 peccatum
2299 639 2537 709 denique
2608 640 2849 709 graviter
2921 640 3319 707 incusaremus,
3371 641 3529 712 cujus
3573 656 3739 695 causa
3784 653 3945 710 para-

673 733 779 786 disi
816 735 921 787 vita
968 734 1186 801 Spoliati
1221 748 1412 786 sumus
1456 732 1738 801 hrutisque
1765 731 2030 799 jumentis
2057 730 2266 786 similes
2305 730 2459 784 facti.

1065 828 1142 881 De
1176 829 1342 881 tribus
1375 828 1569 880 anima:
1602 825 1863 894 partibus.

749 920 950 973 Prrcter
978 920 1091 973 haec
1122 921 1284 972 etiam
1312 920 1440 972 illud
1474 920 1613 971 scire
1644 926 1696 971 te
1720 916 1868 980 volo,
1896 924 2106 985 partem
2137 928 2259 968 eam

676 1014 842 1067 animi
877 1028 999 1082 qua:
1052 1013 1346 1082 appetendi
1398 1010 1715 1066 facultatem
1750 1012 1997 1063 continet
2043 1009 2095 1061 in
2128 1007 2266 1074 jeci-

680 1121 816 1159 nore
846 1104 1031 1159 sedem
1066 1120 1219 1157 suam
1260 1103 1535 1168 obtinere,
1566 1104 1794 1157 alteram
1840 1118 1945 1171 qua
1991 1099 2262 1154 irascendi

678 1198 760 1251 vis
818 1198 1137 1252 continetur
1185 1197 1240 1249 in
1281 1196 1466 1261 corde,
1525 1196 1754 1249 rationis
1802 1194 2041 1262 denique
2089 1193 2265 1246 domi-

680 1287 866 1342 cilium
892 1287 945 1341 in
996 1290 1225 1341 cerebro
1250 1301 1393 1341 esse.
1461 1286 1637 1355 Atque
1692 1288 1829 1339 hanc
1869 1287 2040 1355 ipsam
2071 1285 2262 1353 {ratio-

677 1380 764 1432 nis
800 1379 1116 1433 facultatem
1158 1378 1496 1447 gubernator
1545 1378 1635 1431 ille
1684 1395 1861 1431 rerum
1893 1378 2264 1431 universitatis

679 1480 966 1538 propterea
1002 1470 1098 1522 tibi
1129 1469 1375 1531 donavit,
1415 1479 1470 1520 ut
1499 1470 1567 1521 ab
1598 1469 1855 1522 irascibili
1888 1467 2144 1520 facultate
2167 1466 2264 1520 ad-

675 1561 828 1628 jutus
870 1560 1087 1614 fortiter
1126 1561 1400 1613 adversari
1440 1561 1610 1611 bruta:
1642 1558 2000 1628 pecuiineque
2054 1574 2262 1611 concu-

678 1652 961 1720 piscentia:
995 1653 1195 1720 possis.
1248 1650 1415 1704 Norat
1437 1652 1584 1704 enim
1619 1651 1877 1704 dominus
1933 1652 2023 1703 ille
2056 1662 2261 1704 naturae

677 1752 915 1811 quantus
939 1752 1083 1795 esset
1114 1743 1234 1811 ejus
1268 1743 1525 1811 impetus.
1564 1741 1627 1795 Et
1659 1744 1800 1795 hanc
1828 1742 2125 1810 appetendi
2153 1741 2261 1795 vim

677 1837 861 1888 sedem
924 1835 977 1888 in
1037 1834 1284 1902 jecinore
1348 1849 1501 1887 suam
1572 1836 1775 1886 habere
1824 1832 2066 1885 Galenus
2096 1832 2259 1885 etiam

677 1924 814 1995 Tityi
844 1935 1270 1979 conuuemorata
1309 1924 1490 1978 fabula
1522 1926 1738 1995 probat,
1776 1926 1827 1977 in
1862 1925 2004 1977 libro
2034 1924 2260 1992 quidem

674 2032 741 2069 eo
787 2020 874 2071 cui
914 2016 1291 2088 Diagnostiees
1339 2017 1561 2069 titulum
1612 2015 1764 2079 fecit,
1818 2018 1980 2084 jecur
2016 2017 2138 2083 ejus
2194 2015 2263 2069 ab

675 2112 853 2178 aquila
886 2113 1126 2176 comedi,
1165 2110 1220 2164 in
1256 2111 1429 2164 altero
1462 2120 1644 2164 autem
1678 2109 1816 2162 libro
1853 2110 2111 2178 singulari
2169 2110 2261 2179 qui

674 2204 849 2256 estde
867 2203 1031 2257 animi
1056 2204 1321 2266 moribus,
1337 2217 1379 2260 .a
1400 2202 1714 2255 vulturibus
1736 2200 1990 2254 devorari
2018 2201 2261 2257 tradens.

678 2297 894 2349 Etenim
925 2293 1118 2366 Tityus
1172 2295 1278 2360 hic,
1333 2302 1392 2346 ut
1435 2304 1638 2348 extera:
1697 2292 2010 2362 disciplina:
2068 2293 2263 2347 fabulis

674 2388 1054 2446 continentur.
1092 2385 1354 2440 Latonam
1392 2385 1679 2438 adamasse
1728 2384 2069 2451 perhibetur,
2115 2398 2265 2437 eam-

680 2496 785 2544 que
817 2480 887 2531 ob
914 2494 1136 2531 causam
1168 2478 1237 2531 ab
1274 2476 1420 2529 illius
1448 2475 1636 2530 liberis
1668 2473 1923 2543 Apolline
1971 2488 2033 2528 ac
2090 2473 2261 2527 Diana

679 2570 947 2640 supplicio
985 2569 1245 2629 affectus.
1302 2566 1513 2622 Caleno
1542 2568 1762 2636 quidem
1797 2576 2054 2619 narrante
2083 2565 2261 2619 homi-

683 2677 803 2715 ncm
858 2662 938 2714 vel
988 2661 1057 2714 ab
1089 2660 1267 2730 aquila
1307 2660 1390 2713 vel
1443 2676 1473 2713 a
1501 2659 1815 2713 vulturibus
1842 2657 2095 2721 absumi,
2144 2658 2263 2711 aliis

683 2769 812 2806 vero
845 2751 1195 2807 tradentibus
1221 2751 1435 2821 sagittis
1459 2766 1584 2805 eum
1614 2749 1783 2804 fuisse
1806 2750 2106 2814 conlisum,
2142 2765 2263 2818 qua:

582 2850 601 2873 '
677 2844 897 2911 quidem
927 2843 1104 2895 adhuc
1132 2840 1366 2911 jecinori
1393 2841 1513 2907 ejus
1554 2840 1879 2893 inhaereant.
1939 2839 2011 2891 De
2038 2853 2144 2904 quo
2180 2838 2265 2891 in-

681 2932 841 3003 t..-tligi
894 2948 1000 2986 non
1033 2923 1265 2987 obscure
1298 2942 1473 2995 potest
1516 2941 1863 3001 appetentem
1918 2932 2116 2984 animae
2152 2931 2259 2986 vim

679 3039 801 3080 esse
829 3024 882 3078 in
906 3024 1151 3092 jecinore
1178 3026 1372 3077 sitam.
1866 3082 1883 3100 .

747 3118 925 3187 Atque
960 3117 1062 3170 hoc
1097 3117 1214 3170 loco
1267 3115 1397 3185 quid
1442 3115 1542 3170 sim
1599 3115 1849 3171 dieturus
1894 3115 2260 3172 considerato.

676 3209 815 3263 Cum
861 3209 1096 3262 rationis
1130 3207 1364 3261 facultas
1397 3206 1690 3276 imperium
1726 3207 1937 3262 obtinet
1975 3208 2134 3275 eique
2181 3208 2262 3263 vis

680 3301 969 3356 irascibilis
1016 3308 1193 3369 paret,
1226 3309 1522 3369 appetente
1551 3299 1834 3354 debilitate
1865 3303 2264 3371 summisseque

676 3410 735 3446 se
759 3402 1003 3462 gerente,
1040 3402 1152 3445 tum
1192 3405 1321 3443 vero
1365 3391 1526 3460 112
1562 3404 1666 3444 nec
1696 3391 2135 3459 intemperanter
2162 3400 2260 3446 ho-

2664 825 2801 892 Περὶ
2834 825 3017 893 τριῶν
3042 822 3243 893 μερῶν
3283 822 3393 891 τῆς
3421 821 3650 892 ψυχῆς.

2444 917 2587 989 Πρὸς
2622 919 2838 979 τούτοις
2878 918 3079 971 εἰδέναι
3123 921 3219 971 καὶ
3246 917 3404 971 τοῦτό
3436 934 3495 969 σε
3540 916 3827 987 βούλομαι,
3867 916 3951 968 ὅτι

2367 1010 2430 1061 τὸ
2456 1010 2857 1079 ἐπιθυμητικὸν
2892 1011 3056 1079 μέρος
3083 1011 3183 1079 τῆς
3208 1010 3386 1080 ψυχῆς
3416 1008 3494 1080 τῷ
3519 1010 3693 1078 ἥπατι
3723 1008 3949 1073 ἐγκαθί-

2364 1101 2579 1171 δρυται,
2619 1101 2681 1153 τὸ
2728 1101 2783 1154 δὲ
2834 1100 3063 1171 θυμικὸν
3119 1103 3176 1154 ἐν
3229 1103 3295 1169 τῇ
3330 1100 3530 1171 καρδίᾳ.
3564 1102 3802 1152 ποιεῖται
3850 1099 3953 1168 τὴν

2365 1190 2603 1260 οἴκησιν,
2642 1191 2703 1243 τὺ
2728 1191 2786 1244 δὲ
2816 1190 3034 1259 λογικὸν
3060 1191 3119 1243 ἐν
3151 1190 3302 1259 αὐτῷ
3329 1190 3405 1259 τῷ
3437 1190 3751 1260 ἐγκεφάλῳ.
3776 1189 3953 1242 Τοῦτο

2368 1283 2469 1350 μὲν
2499 1278 2593 1335 οὖν
2619 1282 2679 1334 τὸ
2708 1281 2927 1350 λογικὸν
2950 1282 3246 1351 ἐχαρίσατὸ
3277 1298 3360 1334 σοι
3389 1281 3547 1334 ὀτῶν
3570 1282 3712 1335 ὅλων
3741 1281 3956 1348 πρύτα-

2366 1391 2469 1435 νις,
2516 1374 2605 1426 ἵνα
2644 1377 2917 1442 συμμάχῳ
2973 1374 3178 1443 καὶτῷ
3235 1372 3458 1444 θυμικῷ
3508 1372 3794 1442 χρώμενος
3830 1390 3953 1441 γεν-

2365 1464 2534 1527 ναίως
2556 1463 2882 1517 ἀνθίστασαι
2915 1466 3058 1517 κατὰ
3085 1464 3183 1531 τῆς
3228 1466 3426 1535 ἀλόχου
3458 1464 3554 1517 καὶ
3585 1464 3955 1535 βοσκηματὼ-

2365 1557 2491 1618 δους
2520 1556 2721 1625 ψυχῆς,
2757 1556 2856 1624 τῆς
2896 1555 3302 1626 ἐπιθυμητικῆς
3339 1557 3576 1627 δηλαδήο
3618 1554 3730 1610 οἶδε
3775 1560 3885 1626 γὰρ
3924 1559 3952 1610 ό

2363 1648 2467 1717 τῆς
2505 1646 2721 1716 φύσεως
2748 1647 3014 1716 δεσπότης
3046 1647 3147 1715 ὅση
3179 1663 3284 1715 περ
3311 1647 3526 1714 ἐκείνης
3550 1648 3699 1699 ἐστὶν
3722 1649 3755 1717 ἡ
3780 1648 3951 1717 ὁρμή.

2371 1739 2498 1792 “Uri
2534 1739 2591 1791 δὲ
2635 1740 2694 1791 τὸ
2724 1739 2823 1807 τῆς
2860 1738 3036 1807 ψυχῆς
3076 1738 3469 1808 ἐπιθυμητικὸν
3503 1739 3652 1809 αὐτῷ
3687 1740 3763 1808 τῷ
3781 1740 3954 1809 ἥπατι

2366 1832 2778 1902 ἐγκαθίδρυται,
2815 1832 2909 1884 καὶ
2940 1831 3033 1882 τὸν
3062 1830 3255 1883 Τιτυὸν
3281 1833 3519 1900 παράγει
3550 1833 3579 1884 ὁ
3605 1832 3846 1901 Γαληνὸς
3872 1834 3955 1895 εις

2367 1925 2631 1980 σύστασιν
2665 1927 2857 1980 τούτου
2907 1926 3002 1979 τοῦ
3024 1927 3205 1994 λόγου,
3237 1927 3295 1979 ἐν
3345 1927 3443 1996 μὲν
3491 1930 3556 1998 τῇ
3587 1927 3953 1997 διαγνωστικῇ

2366 2018 2531 2071 αὑτοῦ
2566 2020 2672 2072 ὑπὸ
2728 2019 2887 2073 ἀετοῦ
2922 2020 3097 2086 λέγων
3145 2019 3312 2073 αὑτοῦ
3365 2020 3752 2075 κατεσθίεσθαι
3799 2022 3857 2073 τὸ
3886 2017 3952 2092 ἦ·

2365 2126 2504 2178 παρ,
2546 2111 2603 2162 ἐν
2635 2110 2693 2163 δὲ
2720 2112 2796 2181 τῷ
2831 2113 2962 2182 περὶ
2986 2112 3135 2180 ἠθῶν
3161 2111 3342 2182 ψυχῆς
3388 2113 3691 2182 μονοόίὸλῳ
3725 2116 3831 2167 ὑπὸ
3859 2132 3955 2180 γι.-

2366 2201 2504 2255 πῶν.
2545 2188 2607 2256 Ὅ
2640 2204 2748 2272 γὰρ
2774 2204 2969 2266 Τιτυὸς
3002 2197 3157 2268 οὗτος
3192 2206 3335 2260 κατὰ
3360 2207 3457 2277 τὴν
3482 2206 3586 2272 ἔξω
3622 2208 3953 2279 μυθολοτξαν

2366 2295 2664 2364 ἐρασθῆναι
2696 2296 2916 2363 λέγεται
2936 2298 3034 2367 τῆς
3075 2298 3307 2369 Λητοῦς,
3343 2301 3427 2370 ἐφ’
3458 2293 3501 2369 ᾧ
3530 2302 3624 2354 καὶ
3665 2304 3816 2373 παρὰ
3842 2302 3955 2357 τῶν

2321 2453 2332 2462 _
2366 2388 2571 2439 παίδων
2599 2387 2769 2455 αὐτῆς
2788 2389 3127 2453 Ἀπόλλωνός
3152 2408 3210 2444 τε
3251 2392 3346 2445 καὶ
3375 2391 3697 2461 Ἀρτέμιδος
3726 2394 3950 2447 κολάσει

2366 2477 2873 2548 καθυποϐληθῆναι,
2933 2481 3026 2533 καὶ
3073 2480 3213 2533 κατά
3270 2481 3370 2549 μὲν
3422 2481 3513 2533 τὸν
3560 2480 3798 2551 Γαληνδν
3847 2482 3952 2534 ὑπὸ

2365 2567 2523 2621 ἀετοῦ
2569 2569 2680 2621 εἴτε
2729 2572 2824 2622 καὶ
2860 2570 3055 2638 γυπῶν
3098 2571 3159 2623 τὸ
3208 2566 3363 2642 ἧπαρ
3390 2573 3689 2633 ἐσθίεσθαι.
3718 2573 3863 2625 κατὰ
3892 2574 3950 2625 δέ

2365 2674 2517 2718 τινας
2552 2657 2750 2721 ἄλλους
2784 2658 3110 2729 τοξευθῆναι
3161 2660 3324 2712 αὐτὸν
3371 2658 3667 2713 κάντεῦθεν
3698 2658 3846 2729 ἔχειν
3884 2660 3950 2710 τᾶ

2366 2748 2496 2819 βέλη
2534 2749 2943 2821 ὲμπεπαρμένα
2982 2750 3059 2822 τῷ
3089 2752 3280 2821 ἥπατι.
3308 2751 3546 2824 Εὔδηλον
3575 2750 3669 2805 οὖν
3696 2749 3953 2806 ἐντεῦθεν

2364 2839 2443 2910 τῷ
2468 2841 2640 2911 ἥπατι
2673 2842 2735 2895 τὸ
2766 2844 2866 2914 τῆς
2894 2842 3069 2914 ψυχῆς
3106 2844 3511 2916 ἐπιθυμητικόν
3537 2845 3676 2899 ἐστι.

2437 3110 2682 3183 Πρόσεχε
2699 3113 3090 3172 λοιπόν.”οταν
3115 3116 3217 3188 μὲν
3239 3117 3349 3189 γὰρ
3370 3118 3429 3171 τὸ
3448 3118 3761 3187 λογιστικὸν
3779 3121 3947 3191 ἄρχῃ,

2366 3204 2692 3274 πειθόμενον
2723 3207 2822 3276 μὲν
2857 3208 3040 3279 ἑαυτῷ
3068 3209 3129 3263 τδ
3151 3209 3433 3279 θυμοειδὲς
3460 3210 3606 3280 ἔχον,
3641 3212 3867 3270 ἀσθενὲς
3891 3213 3948 3266 δὲ

2365 3298 2461 3350 καὶ
2514 3297 2768 3352 ταπεινὸν
2824 3300 2883 3352 τὸ
2936 3300 3365 3369 ἐπιθυμητικὸν,
3420 3302 3548 3357 οὔτε
3580 3304 3883 3367 ἀκόλαστος
3917 3307 3949 3358 ὁ

2363 3387 2607 3451 τοιοῦτος
2650 3390 2765 3460 βίος
2795 3391 2923 3445 οὔτε
2949 3388 3063 3447 οἷον
3093 3396 3141 3448 οἱ
3169 3395 3363 3468 λῃσταὶ
3398 3396 3573 3466 βιοῦσι
3606 3398 3701 3450 καὶ
3744 3399 3947 3467 τύραν-

675 3483 854 3537 mines
882 3483 1092 3545 vivont,
1134 3496 1234 3534 nec
1290 3481 1607 3549 praedonum
1646 3492 1741 3535 aut
1798 3491 2153 3551 tjrannorum
2206 3484 2259 3536 in

2365 3495 2465 3543 νοι,
2504 3478 2639 3534 ἀλλὰ
2694 3482 2891 3551 σεμνὸς
2951 3485 3126 3555 πάντη
3183 3487 3278 3539 καὶ
3318 3488 3546 3549 δίκαιος.
3587 3489 3696 3541 Καὶ
3753 3488 3946 3541 τούτου

680 3583 914 3632 morem,
944 3571 1035 3621 sed
1089 3568 1317 3622 honesta
1350 3569 1508 3636 plane
1560 3569 1816 3638 justaque
1870 3571 1977 3625 vita
2023 3572 2258 3643 degitur.

678 3658 791 3714 Hac
825 3664 892 3714 de
924 3675 981 3714 re
1010 3660 1249 3716 dubitari
1288 3676 1394 3716 non
1422 3661 1606 3716 debet.
1648 3660 1782 3716 Nam
1814 3662 1857 3716 si
1887 3677 1973 3717 res
2004 3662 2078 3717 ita
2110 3680 2261 3720 com-

678 3760 863 3820 parata
898 3767 1009 3805 non
1038 3751 1201 3818 foret,
1244 3762 1299 3806 et
1323 3753 1369 3806 si
1402 3754 1652 3823 corporis
1676 3754 1731 3809 in
1757 3755 1949 3810 eadem
1982 3769 2259 3814 structura

679 3857 785 3894 non
820 3841 908 3894 hic
933 3840 1327 3896 affectionibus
1373 3842 1517 3897 foret
1552 3842 1851 3907 obnoxius,
1884 3844 1976 3900 ille
2008 3861 2067 3901 se
2094 3862 2257 3917 supe-

678 3934 878 3987 riorem
914 3933 985 3986 iis
1023 3933 1354 3999 declararet,
1382 3948 1725 4004 nequaquam
1758 3951 1993 4006 magnus
2033 3938 2126 3994 ille
2166 3939 2264 3995 Ba-

679 4024 836 4077 silius
884 4022 1083 4078 Isaiam
1142 4035 1323 4080 vatem
1369 4041 1640 4081 enarrans
1688 4029 1958 4097 quosdam
1992 4045 2022 4084 a
2063 4042 2261 4087 natura

680 4116 989 4186 praecellere
1016 4115 1226 4173 diceret
1257 4118 1403 4185 aliis,
1434 4128 1486 4173 et
1517 4117 1691 4187 ipsius
1715 4123 1882 4174 etiam
1911 4122 2090 4177 carnis
2114 4138 2262 4178 com-

681 4206 959 4272 paratione
986 4207 1175 4261 multis
1213 4220 1496 4277 praestare,
1536 4209 1652 4263 sive
1677 4209 1732 4263 in
1758 4206 1999 4266 scientiae.
2027 4214 2261 4276 alicujus

682 4298 1037 4367 perceptione
1067 4298 1184 4354 sive
1222 4300 1275 4354 in
1304 4300 1452 4354 cultu
1487 4300 1729 4358 virtutis.
1788 4301 1925 4358 llinc
1955 4305 2142 4360 vi-lere
2176 4316 2260 4361 est

681 4386 862 4440 varios
922 4388 1194 4453 homines,
1254 4400 1626 4460 temperantes
1696 4401 1751 4447 et
1808 4392 2257 4464 intemperantes,

680 4479 970 4532 iracundos
1002 4488 1056 4532 et
1080 4480 1261 4546 mites,
1298 4481 1597 4551 prudentes
1628 4491 1684 4538 et
1711 4482 1966 4546 stolidos,
2004 4493 2062 4538 ut
2093 4502 2257 4556 supra

679 4581 898 4635 quoque
926 4569 1266 4624 monuimus.
1304 4574 1484 4639 Atque
1512 4571 1627 4626 haec
1658 4570 1728 4626 de
1755 4574 2073 4630 conditione
2106 4577 2260 4632 dete-

680 4660 825 4714 riore
871 4650 926 4713 in
970 4661 1167 4716 melius
1221 4666 1549 4718 commutari
1601 4675 1853 4734 possunt,
1903 4682 1968 4722 ac
2014 4668 2255 4725 vicissim

678 4765 711 4803 a
751 4749 893 4804 bono
927 4750 983 4805 in
1008 4751 1166 4821 pejus
1192 4752 1319 4808 licet
1348 4751 1665 4819 deflectere,
1694 4755 2154 4825 quemadmodum
2188 4773 2255 4814 ex

2366 3570 2528 3638 χάριν
2572 3573 2947 3640 ἀμφιϐάλλειν
2986 3575 3045 3627 οὐ
3072 3577 3201 3645 χρή.
3248 3576 3308 3630 Ei
3353 3579 3427 3647 μὴ
3462 3580 3571 3647 γὰρ
3594 3579 3755 3630 τοῦτο
3778 3576 3872 3644 ἦν.
3899 3582 3949 3633 εἰ

2368 3658 2445 3728 μὴ
2500 3660 2559 3724 ἐξ
2615 3662 2785 3731 αὐτῆς
2836 3663 2938 3732 τῆς
2972 3664 3227 3734 σώματος
3267 3668 3620 3738 κατασκευῆς
3663 3662 3821 3733 οὗτος
3849 3672 3951 3739 μὲν

2365 3743 2472 3797 ὑπὸ
2504 3746 2695 3801 παθῶν
2733 3749 2960 3820 ἥττητο,
2990 3753 3197 3817 ἐκεῖνος
3229 3754 3285 3807 δὲ
3329 3757 3493 3809 πάλιν
3530 3758 3816 3829 ἐγκρατὴς
3850 3760 3951 3811 αὐ-

2364 3837 2473 3891 τῶν
2515 3842 2900 3907 κατεφαίνετο,
2948 3844 3048 3898 οὐκ
3114 3846 3182 3899 ἂν
3219 3849 3248 3900 ὁ
3304 3850 3477 3917 μέγας
3530 3851 3808 3916 Βασίλειος
3855 3855 3951 3906 τὸν

2365 3930 2655 3999 προφήτην
2695 3931 2922 3986 Ἡσαΐαν
2951 3934 3324 4005 ἐξηγούμενος
3348 3940 3542 4009 εξσῆγὲ
3566 3958 3721 4006 τινας
3752 3946 3816 3996 ἐκ
3848 3944 3951 4012 φύ-

2367 4035 2507 4080 σεως
2544 4019 2771 4089 ἔχοντάς
2823 4040 2950 4077 τινα
2989 4026 3387 4096 προτερήματα
3437 4031 3707 4084 καὶκατὰ
3748 4049 3810 4101 γε
3853 4031 3950 4102 τὴν

2367 4110 2658 4181 σύγκρισιν
2684 4113 2783 4181 τῆς
2816 4112 3022 4185 σαρκὸς
3052 4116 3264 4170 πολλῶν
3306 4118 3673 4191 διαφέροντας
3706 4124 3786 4184 εἰς
3816 4124 3949 4177 ἀνά-

2364 4201 2529 4272 ληψιν
2569 4204 2940 4275 ἐπιστήμηςῆ
2989 4206 3225 4277 ἄσκησιν
3270 4210 3495 4280 ἀρετῆς.
3535 4213 3819 4267 Ἐντεῦθεν
3856 4209 3953 4269 οὖν

2364 4295 2460 4347 καὶ
2491 4294 2748 4364 σώφρονα
2779 4295 2877 4349 ἴδοι
2908 4314 2996 4360 τις
3033 4300 3099 4352 ἂν
3136 4300 3227 4352 καὶ
3254 4300 3571 4364 ἀκόλαστον,
3606 4304 3828 4375 θυμὼδη
3856 4309 3951 4359 καὶ

2370 4386 2568 4455 πρᾶον,
2623 4388 2896 4458 ἐχέφρονα
2939 4392 3035 4443 καὶ
3088 4392 3164 4462 μὴ
3216 4392 3482 4459 τοιοῦτον,
3521 4396 3710 4468 ὥσπερ
3757 4398 3949 4469 δήκαὶ

2361 4477 2476 4541 τοῖς
2527 4476 2837 4550 ἔμπροσθεν
2906 4482 3145 4552 εἴρηται.
3203 4484 3413 4564 Ταῦτα.
3447 4489 3546 4557 μὲν
3587 4486 3681 4543 οὖν
3726 4491 3933 4559 δύναιτ’

2361 4565 2429 4621 ἄν
2480 4583 2567 4632 τις
2596 4571 2692 4624 ἐπὶ
2724 4572 2785 4624 τὸ
2834 4574 3084 4644 κρεῖττον
3114 4580 3452 4648 μεταφέρειν
3500 4581 3610 4633 ἀπὸ
3642 4582 3737 4635 τοῦ
3768 4585 3946 4652 χείροο

2361 4675 2471 4725 νος,
2527 4662 2622 4716 καὶ
2676 4663 2771 4715 ἐπὶ
2831 4666 2893 4717 τὸ
2944 4668 3126 4735 χεῖρον
3179 4664 3244 4722 αὖ
3290 4672 3657 4739 μετατρέπειν
3701 4674 3812 4725 ἀπὸ
3855 4673 3947 4727 toi.

2362 4752 2691 4821 κρείττονος.
2738 4756 2846 4809 Καὶ
2893 4755 3055 4826 δῆλον
3080 4760 3139 4825 ἐξ
3171 4752 3247 4813 ὧν
3293 4761 3323 4813 ὁ
3363 4760 3612 4831 θεολόγος
3646 4762 3949 4834 Γρηγόριος

681 4840 831 4895 hisre
860 4840 1113 4912 Gregorii
1142 4842 1403 4915 Theologi
1445 4846 1632 4900 verbis
1675 4848 1962 4915 perspicue
1993 4848 2256 4923 intelligi-

2364 4842 2587 4910 ἔλεγεν·
2630 4863 2649 4897 ι
2697 4845 2961 4917 ’Δρκετὺν
3004 4850 3082 4921 τῷ
3115 4852 3331 4921 σώματι
3379 4854 3611 4924 ⁴ἡκακία
3654 4855 3843 4909 αὐτου.
3884 4857 3949 4911 Τί

681 4945 832 4984 inus:
865 4932 1039 4987 «Satis
1063 4947 1169 4997 est,
1206 4934 1407 5004 inquit,
1431 4937 1654 5005 corpori
1689 4951 1787 4991 sua
1826 4939 2115 4995 vitiositas.
2148 4941 2259 4997 (Iur

675 5019 909 5074 flaturum
943 5022 1201 5076 materies
1243 5025 1477 5094 amplior
1506 5026 1927 5095 suppeditetur?
1974 5044 2072 5083 cur
2119 5031 2255 5087 huic

676 5113 869 5166 bellum
888 5114 1282 5168 nutrimentum
1301 5115 1546 5185 largius?
1578 5127 1637 5171 ut
1660 5119 2020 5176 intractabilis
2043 5122 2255 5178 scilicet

674 5208 765 5256 liat
797 5219 859 5258 ac
903 5204 1171 5259 rationem
1205 5208 1470 5263 violentia
1507 5224 1604 5263 sua
1638 5221 1921 5280 superem
1990 5212 2252 5268 Animum

674 5295 835 5364 igitur
861 5295 1155 5351 advertite.
1197 5297 1467 5364 Quantam
1522 5300 1628 5355 sibi
1663 5304 1775 5356 vim
1808 5302 2044 5358 afferant
2076 5306 2253 5359 homi-

673 5403 771 5441 nes
793 5386 825 5439 ii
858 5390 952 5457 qui
976 5387 1120 5460 frugi
1144 5390 1370 5460 quidem
1404 5408 1527 5447 esse
1559 5395 1792 5463 cupiunt
1825 5397 2104 5467 vitamque
2152 5414 2253 5453 an-

669 5479 897 5547 gelicam
934 5480 1159 5547 imitari,
1191 5498 1380 5537 verum
1436 5485 1750 5541 facultatem
1798 5497 2145 5557 appetentem
2197 5491 2251 5546 iu

669 5585 728 5623 se
765 5570 995 5625 validam
1020 5576 1265 5628 sentiunt
1293 5577 1516 5644 (etenim
1547 5588 1744 5633 natura
1778 5581 2007 5649 requirit
2038 5596 2103 5635 ea
2131 5598 2254 5652 quae

670 5676 769 5713 sua
798 5671 925 5713 sunt
952 5679 967 5728 ;
1017 5664 1176 5733 cujus
1224 5666 1489 5721 voluntati
1520 5676 1687 5738 atque
1724 5669 1967 5726 motibus
1995 5672 2257 5727 adversa-

676 5766 764 5809 tur
792 5758 1037 5827 quisquis
1085 5759 1252 5813 vitam
1294 5774 1459 5833 agere
1507 5771 1711 5818 castam
1743 5763 2027 5834 instituit),
2057 5782 2251 5836 quam-

682 5865 791 5909 oue
822 5852 954 5907 adeo
980 5869 1143 5923 grave
1174 5856 1245 5911 sit
1283 5872 1585 5928 repugnare
1631 5866 1838 5913 naturae
1881 5860 2038 5928 velle,
2068 5861 2152 5915 cui
2178 5876 2257 5917 re-

2361 4939 2418 4992 δὲ
2442 4940 2525 4993 δεῖ
2556 4944 2619 5011 τῇ
2659 4942 2813 5012 φλογὶ
2845 4947 3091 5009 πλείονος
3127 4947 3280 5018 ὕλης,
3320 4950 3396 5018 τῷ
3427 4951 3603 5021 θηρίῳ
3629 4951 3949 5020 δαψιλεστέ·

2364 5048 2466 5099 ρας
2490 5034 2737 5103 τροφῆςςς
2794 5036 2881 5090 ἵνα
2917 5037 3284 5094 δυσκάθεκτον
3322 5043 3549 5111 γένηται
3596 5046 3691 5095 καὶ
3729 5046 3823 5098 τοῦ
3864 5047 3950 5100 λο-

2362 5124 2564 5193 γισμοῦ
2622 5126 2955 5199 βιαιότερον.
3004 5149 3026 5182 ι
3065 5132 3306 5205 Πρόσεχε
3361 5134 3456 5189 οὖν
3509 5138 3609 5189 ὅσα
3662 5137 3947 5205 βιάζουσιν

2361 5216 2587 5281 ἑαυτοὺς
2615 5221 2663 5272 οἱ
2710 5220 2953 5286 θέλοντες
3001 5230 3103 5293 μὲν
3158 5232 3483 5299 σωφρονεῖν,
3528 5230 3746 5299 ἔχοντες
3792 5232 3849 5284 δὲ
3886 5235 3945 5285 τὸ

2360 5309 2758 5379 ἐπιθυμητικὸν
2802 5312 3057 5384 ἰσχυρόνο
3098 5319 3130 5387 ἠ
3168 5321 3267 5386 μὲν
3296 5322 3403 5391 γὰρ
3447 5323 3607 5391 φύσις
3641 5324 3709 5376 τὰ
3738 5324 3943 5393 ἑαυτῆς

2359 5401 2417 5467 ἐξ
2443 5403 2688 5476 ἀνάγκης
2717 5407 2986 5477 ἐπιζητεῖ,
3013 5413 3041 5463 ὁ
3076 5411 3133 5464 δὲ
3174 5414 3427 5480 ἁγνεύειν
3461 5415 3790 5485 αἱρούμενος
3826 5421 3942 5479 τοῖς

2361 5493 2633 5564 θελήμασι
2663 5499 2761 5568 τῆς
2796 5501 3001 5570 σαρκὸς
3026 5504 3345 5558 ἀντιπίπτει
3376 5509 3469 5560 καὶ
3500 5506 3616 5576 βίον
3648 5509 3943 5578 ἀγγελικὺν

2364 5587 2653 5655 μιμεῖσθαι
2684 5590 2999 5657 φιλονεικεῖ.
3028 5594 3194 5647 Ὅσον
3231 5595 3289 5648 δὲ
3336 5596 3480 5668 βαρὺ
3509 5598 3570 5651 τὸ
3601 5598 3738 5665 πρὶς
3775 5598 3941 5668 φύσιν

2364 5677 2656 5747 μάχεσθαι,
2690 5684 2782 5734 καὶ⁸
2809 5678 2921 5736 οἷον
2947 5685 3199 5741 ἐντεῦθεν
3229 5688 3290 5741 τὸ
3314 5690 3570 5757 Ιἔπαθλον,
3609 5692 3637 5744 ὁ
3673 5691 3772 5759 τῆς
3815 5690 3943 5742 KH.

2366 5787 2539 5838 μακος
2577 5772 2829 5843 Ἰωάννης
2850 5777 2879 5828 ὁ
2905 5778 3210 5845 ἁγιώτατος
3239 5782 3505 5851 ἐδήλωσεν
3531 5783 3703 5847 οὕτως
3736 5782 3936 5837 εἰπών·

2372 5882 2390 5915 ι
2440 5862 2498 5916 Ὀ
2559 5864 2718 5936 σῶμα
2770 5870 2998 5940 νικήσας
3044 5872 3205 5940 φύσιν
3261 5876 3541 5947 ἐνίκησενο
3603 5879 3632 5931 ὁ
3683 5876 3738 5929 δὲ
3779 5877 3940 5947 φύσιν
