4204 6450
239 410 347 473 ξ.)Ξὸ

1514 406 1915 468 ΑΧΝΛΙᾸΙῘΠ
1965 410 2162 467 PARS
2208 410 2252 469 Ῑ.

3384 403 3489 468 ἳὶῦ

240 522 469 590 νικήσας
511 520 649 591 ὑπὲρ
683 521 843 589 φύσιν
874 520 1090 587 ἐγένετο
1115 534 1128 550 ο
1169 519 1197 570 ὁ
1230 516 1286 569 δὲ
1326 516 1485 569 τοῦτο
1516 518 1807 586 γενόμενος

1920 518 2150 583 Spondet.
2197 518 2366 584 ipsius
2429 517 2591 569 etiam
2644 516 2848 585 prmmii
2904 518 3234 582 n‘tagnituilo,
3271 534 3489 576 sam-m5

242 609 422 679 βραχύ
476 628 528 664 τι
554 619 565 630 ’
586 613 715 679 παρ’
770 614 1034 679 ἀγγέλους
1062 611 1391 680 ἠλάττωται,
1426 611 1513 663 ἵνα
1567 612 1639 678 μὴ
1672 610 1819 673 λέγω

246 699 438 766 μηδέν.
484 717 502 752 ι
554 700 795 771 Πρόσεχε
826 699 883 751 δὲ
935 700 1014 751 ὅτι
1066 698 1161 751 καὶ
1196 698 1403 769 σφόδρα
1449 695 1818 766 βαρυαλγοῦσι

239 792 338 843 καὶ
365 792 619 859 ἄχθονται
648 794 701 843 οἱ
744 791 986 853 θέλοντες
1030 791 1130 858 μὲν
1169 790 1488 858 σωφρονεῖν,
1516 788 1729 855 ἔχοντες
1761 786 1827 873 6e.

239 882 304 932 τὸ
345 882 743 950 ἐπιθυμητικὸν
779 884 998 950 ἰσχυρὸν
1046 880 1366 948 πολυπληθῆ
1403 896 1459 930 τε
1502 880 1600 947 τὴν
1631 878 1817 945 γονὴν,

242 973 384 1040 πρὸς
421 972 598 1035 ἔξοδον
628 973 716 1024 ἀεὶ
738 972 1099 1040 ἐπειγομένου
1125 970 1214 1022 τοῦ
1248 969 1588 1040 ἐνοχλοῦντος
1611 970 1817 1030 αὐτοῖς·

242 1067 339 1117 καὶ
370 1065 444 1134 μὴ
487 1068 630 1117 κατά
669 1081 720 1116 τι
748 1065 1075 1133 ἀμφίϐαλλε.
1111 1066 1172 1117 El
1206 1066 1313 1131 γὰρ
1339 1066 1366 1116 ὁ
1400 1066 1657 1131 Διογένης
1683 1065 1821 1115 ἐκείο

240 1172 332 1217 νος
370 1156 399 1207 ὁ
422 1157 681 1220 Κυνικος,
712 1156 770 1208 τὸ
800 1157 898 1223 τῆς
953 1157 1169 1222 φύσεως
1216 1156 1380 1225 βάρος
1418 1156 1519 1207 οὐκ
1558 1154 1816 1219 ἐνεγκὼν,

239 1249 337 1298 καὶ
364 1246 536 1299 ταῦτα
566 1246 818 1299 τοσοῦτον
847 1246 1289 1309 ὰσκητικὼτατος
1324 1245 1423 1307 ὢν,
1453 1248 1684 1312 γυναῖκα
1718 1248 1816 1314 ζη-

238 1335 417 1407 τῆσαι
446 1336 659 1404 λέγεται
691 1337 831 1390 ὥστε
888 1337 948 1389 τὸ
990 1337 1221 1407 βαρῦνον
1277 1337 1579 1401 ἀποθέσθαι
1621 1338 1714 1389 καὶ
1758 1338 1818 1389 τὸ

240 1406 436 1476 ἑαυτοῦ
467 1424 628 1492 σῶμα
657 1425 936 1494 κουφίσαι,
979 1426 1032 1477 τί
1070 1425 1175 1495 χρὴ
1206 1426 1301 1476 κα)⁸
1332 1425 1512 1492 λέγειν
1534 1427 1658 1478 ὅσον
1684 1426 1817 1478 ὑπο-

243 1512 468 1580 μένουσι
496 1514 744 1580 κάματον
770 1515 820 1566 ol
848 1514 1078 1583 σφοδρὸν
1110 1516 1227 1583 μὲν,
1256 1513 1330 1577 ὡς
1357 1516 1597 1583 εἴρηται,
1620 1516 1816 1583 λαχόν-

238 1619 332 1664 τες
358 1602 419 1653 τὸ
458 1603 615 1655 ἐπιθυ
625 1606 875 1673 μητικδν,
892 1608 946 1657 ἐν
972 1606 1161 1675 ἁγνείᾳ
1188 1606 1242 1657 δὲ
1273 1605 1566 1674 φυλάσσειν
1591 1607 1816 1669 ἑαυτοὺς

238 1693 723 1763 προθυμούμενοις
770 1695 1086 1757 Ἐντεῦθεν,
1145 1696 1427 1765 ἀγαπητὲ,
1488 1696 1597 1749 τῶν
1653 1697 1816 1750 ὁσίων

237 1782 410 1844 τινὲς,
460 1783 546 1835 ἴνα
575 1784 676 1853 τὴν
712 1785 950 1855 φυσικὴν
1006 1786 1351 1838 ἀποσϐέσωσι
1401 1785 1669 1853 attiguae],
1721 1787 1809 1838 καὶ

1924 606 2012 657 ille
2054 606 2134 657 \ir
2162 604 2401 658 Joannes
2435 617 2624 659 auctor
2647 609 2806 660 scalae
2834 610 2982 661 hisce
3005 608 3186 662 verbis
3212 610 3486 663 declarat:

1930 695 2059 760 «Qui
2120 712 2320 766 corpus
2369 698 2519 758 vicit,
2571 709 2820 751 naturam
2870 700 3038 765 vicit;
3092 701 3181 769 qui
3240 710 3487 756 naturam

1924 785 2076 850 vicit,
2106 803 2268 855 supra
2316 798 2564 841 naturam
2612 800 2787 843 semet
2822 791 3011 843 extulit
3040 810 3052 855 ;
3087 793 3190 845 hoc
3227 794 3317 858 qui
3358 810 3491 848 cons

1927 889 2154 931 secutus
2206 889 2308 942 est,
2339 874 2559 949 paulum
2595 882 2803 951 angelis
2832 894 2915 936 est
2945 883 3193 949 inferior,
3240 902 3306 937 ne
3358 884 3489 941 nihil

1925 962 1995 1021 ah
2036 970 2101 1022 iis
2123 972 2341 1025 diﬂerre
2371 973 2569 1027 (licam.
2600 993 2615 1023 ι
2655 975 2921 1029 Nimirum
2951 982 3087 1032 scito
3112 982 3362 1048 gravibus
3389 998 3490 1034 eos

1924 1060 2185 1111 molestiis
2226 1076 2396 1128 premi
2431 1064 2522 1130 qui
2565 1064 2699 1117 casti
2773 1080 2895 1119 esse
2940 1069 3255 1123 desiderant
3285 1112 3297 1131 ,
3364 1087 3487 1125 cum

1920 1150 2218 1216 appetitum
2258 1152 2308 1203 in
2375 1168 2433 1204 se.
2481 1153 2674 1208 fortem
2728 1160 3079 1224 experiuntur
3112 1174 3181 1214 ‘et
3226 1165 3492 1229 genitum

1922 1253 2167 1307 magnam
2198 1243 2432 1310 copiam,
2466 1261 2584 1312 quae
2627 1250 2828 1316 negt-lii
2865 1253 3160 1319 plurimum
3197 1256 3276 1308 eis
3311 1256 3484 1309 faces-

1920 1328 1990 1382 sit
2036 1346 2100 1383 ac
2153 1347 2429 1399 nunquam
2483 1351 2617 1399 non,
2666 1348 2722 1389 ut
2772 1344 3070 1403 cmittaaur,
3122 1355 3297 1413 urget.
3347 1342 3489 1399 Nihil

1920 1417 1988 1470 de
2021 1416 2120 1479 hoc
2150 1420 2558 1488 ambigendum.
2618 1426 2831 1495 Quippe
2862 1429 2904 1481 si
2957 1429 3225 1501 Diogenes
3263 1435 3350 1488 ille
3386 1435 3490 1506 Cye

1920 1506 2101 1567 nit-us,
2158 1525 2280 1563 cum
2337 1528 2474 1567 onus
2520 1515 2646 1567 illud
2703 1528 2913 1573 natura:
2961 1524 3213 1590 nequiret
3256 1528 3490 1594 amplius

1922 1594 2088 1666 ferre,
2119 1600 2280 1655 homo
2313 1606 2594 1673 perpetuis
2620 1620 2675 1661 et
2722 1613 2971 1665 maximis
3009 1617 3490 1672 exercitationibus

1919 1692 1983 1744 ad
2005 1692 2390 1748 abstinentiam
2414 1700 2858 1765 condOCcfat-tus,
2891 1705 3171 1759 mulierem
3199 1709 3491 1777 aliquando

1918 1781 2177 1849 quaesisse
2204 1785 2546 1853 perhibetur,
2575 1805 2682 1859 quo
2718 1808 2829 1846 rem
2864 1796 3142 1850 molestam
3176 1799 3276 1852 sibi
3318 1801 3491 1871 depo‘

238 1874 439 1941 γυμνοὶ
463 1873 522 1926 τὸ
558 1874 714 1943 σῶμα
744 1874 908 1943 μέσον
938 1875 1147 1929 ὑδάτων
1177 1874 1595 1944 διημερεύοντες
1626 1873 1816 1944 ὤφθη-

1918 1883 2068 1926 nerct
2098 1882 2154 1926 et
2185 1888 2381 1944 corpus
2408 1892 2574 1935 onere
2610 1883 2753 1936 velut
2784 1900 3017 1940 excusso
3050 1890 3277 1953 levaret,
3314 1912 3489 1963 quan-

240 1980 368 2016 σαν.
396 1964 596 2032 Μηδεὶς
639 1964 826 2018 λοιπὸν
864 1964 952 2019 ἐπὶ
987 1966 1155 2035 μέσου
1196 1964 1552 2034 προσφερέτω
1589 1965 1688 2034 τὴν
1720 1965 1814 2032 γέι

238 2071 414 2122 νεσιν,
461 2056 649 2125 μηδεὶς
673 2057 772 2109 οὐκ
817 2055 1056 2124 ἀγαθοὺς
1100 2056 1347 2127 ἀστέρων
1388 2056 1813 2128 προφασιζέσθω

241 2147 682 2215 σχηματισμούς.
728 2144 997 2216 ’Δστέρων
1044 2146 1144 2214 μὲν
1183 2147 1292 2216 γὰρ
1329 2149 1595 2215 κινήσεις,
1624 2148 1813 2199 ἀνατο-

240 2233 340 2296 λὰς
385 2236 480 2289 καὶ
536 2234 723 2297 δύσεις
776 2235 976 2298 αὐτῶν,
1020 2238 1132 2297 τοῖς
1173 2237 1518 2305 προσήκουσι
1566 2235 1813 2302 γίνεσθαι

239 2329 452 2395 καιροῖς
489 2325 842 2396 ᾠκονόμησεν
882 2328 909 2379 ὁ
945 2327 1123 2395 σοφῶς
1162 2326 1232 2378 τὰ
1277 2328 1451 2381 πάντα
1496 2327 1811 2391 διευθετῶν,

237 2419 316 2481 ὡς
343 2418 589 2473 ἐντεῦθεν
619 2419 777 2489 ἀέρος
816 2418 1301 2488 μετατρεπομένου
1348 2420 1443 2471 καὶ
1469 2420 1689 2487 ὄμϐρων
1713 2434 1815 2469 κα-

238 2510 706 2579 ταρῤηγνυμένων
746 2508 1018 2578 εὐκαίρως
1073 2507 1334 2573 αὔξεσθαι
1382 2508 1448 2561 τὰ
1510 2508 1671 2575 φυτά.
1710 2508 1817 2561 Καὶ

238 2602 351 2668 γάρ
379 2601 487 2651 τῶν
517 2600 734 2669 τροφῶν
764 2599 838 2661 ὡς
884 2601 940 2652 ὲν
970 2599 1153 2663 κύκλῳ
1181 2598 1441 2667 διηνεκῶς
1476 2602 1818 2668 χορηγουμέ-

242 2707 355 2743 νων
385 2689 676 2758 ἀνελλιπὴς
700 2690 796 2742 καὶ
830 2692 861 2759 ἡ
901 2690 1010 2743 τῶν
1041 2690 1504 2759 προσφερομένων
1529 2690 1652 2750 τοὺς
1680 2706 1818 2759 καρ-

245 2784 387 2843 ποὺς
427 2782 673 2848 διαμένει
699 2781 880 2849 φύσις,
909 2780 983 2842 ὼς
1014 2779 1361 2848 εὑρίσκεσθαι
1393 2780 1492 2848 μὲν
1530 2780 1709 2832 ἐκεῖνα
1731 2781 1820 2833 διὰ

238 2874 364 2932 τοὺς
390 2873 653 2939 καρποὺς,
673 2876 795 2934 τοὺς
813 2874 868 2924 δὲ
885 2872 1131 2942 καρποὺς
1147 2872 1235 2925 διὰ
1254 2871 1323 2924 τὰ
1349 2869 1463 2934 ζῶα
1484 2874 1579 2926 καὶ
1606 2872 1696 2925 τὸν
1726 2875 1818 2925 ἇν-

253 2962 576 3032 θρωπον.οὑ
600 2960 819 3031 γνώμας
839 2963 1028 3015 λοιπὸν
1048 2964 1095 3014 οἱ
1118 2955 1345 3030 ἀστέρες
1369 2963 1818 3031 μετατρέπουσιν,

174 3044 182 3050 ’
251 3050 371 3101 οὐδὲ
398 3052 648 3121 καθάπερ
673 3068 723 3103 τι
743 3051 1081 3120 ἀνδράποδον
1104 3052 1193 3105 τὸν
1215 3052 1333 3103 κατ’
1358 3053 1536 3109 εἰκόνα
1562 3052 1697 3105 Θεοῦ
1730 3070 1823 3105 πε-

242 3143 522 3211 ριάγουσιν
537 3142 981 3214 ἄνθρωπον.υὺδὲ
998 3146 1105 3212 γὰρ
1118 3144 1195 3205 είς
1207 3144 1455 3197 τοσοῦτον
1468 3146 1534 3199 ἂν
1553 3144 1822 3217 εὑρεθεῖεν

1924 1970 2037 2015 tum
2075 1964 2196 2018 illos
2234 1969 2506 2023 sustinere
2537 1970 2737 2027 laboris
2769 1984 2933 2045 atque
2964 1980 3333 2036 molestiarum
3372 1988 3489 2039 exi—

1917 2054 2252 2109 stimandum
2277 2067 2382 2122 est,
2418 2060 2471 2113 in
2509 2063 2711 2131 quibus
2759 2081 2788 2120 a
2830 2078 3020 2123 natura
3065 2073 3363 2129 vehemens
3408 2088 3491 2133 est

1915 2143 2184 2211 appetitus
2212 2144 2467 2214 impetus,
2497 2164 2618 2204 eum
2655 2154 3007 2211 nihilominus
3045 2175 3260 2216 servare
3285 2166 3491 2235 seipsos

1918 2234 1973 2286 in
2000 2235 2341 2291 continentia
2378 2239 2592 2295 velint?
2655 2248 2833 2315 Atque
2863 2249 3002 2303 hanc
3026 2251 3095 2305 ob
3131 2234 3379 2322 causam,
3404 2261 3489 2311 di-

1918 2323 2059 2379 lecte
2088 2324 2184 2391 ﬁli,
2240 2329 2461 2396 quidam
2513 2332 2617 2386 viri
2670 2336 2911 2406 religiosi
2962 2342 3119 2395 nudis
3158 2347 3489 2413 corporibus

1919 2426 2062 2472 tetos
2087 2418 2205 2473 dies
2234 2420 2288 2473 in
2316 2423 2525 2477 medias
2555 2441 2730 2493 aquas
2759 2444 2934 2483 semet
2964 2433 3233 2502 abjecisse
3269 2441 3491 2494 tradun-

1922 2518 2030 2572 tur,
2056 2525 2162 2577 quo
2191 2511 2671 2570 inﬂammationem
2702 2529 2756 2571 et
2790 2532 2980 2576 aestum
3019 2525 3169 2579 illum
3206 2528 3361 2598 113
3391 2548 3492 2585 na-

1922 2601 2150 2654 turalem
2191 2604 2619 2675 restinguerent.
2664 2608 2851 2679 Itaque
2888 2628 3047 2666 nemo
3081 2619 3307 2683 posthac
3356 2624 3489 2674 uati-

1922 2692 2145 2745 vitatem
2178 2709 2331 2748 suam
2368 2698 2421 2750 in
2466 2701 2704 2753 medium
2741 2702 3005 2770 proterat,
3053 2722 3216 2761 nemo
3245 2710 3492 2781 InutISpi-

1921 2792 2074 2836 catos
2108 2783 2352 2839 siderum
2399 2789 2613 2856 positus
2656 2799 2710 2843 et
2752 2792 2894 2848 inter
2938 2811 2996 2850 se
3030 2798 3492 2858 conformationes

1922 2886 2203 2927 causetur.
2234 2876 2367 2930 Nam
2393 2880 2613 2948 sapiens
2648 2882 2737 2938 ille
2769 2885 3075 2942 Moderator
3113 2892 3492 2950 universorum

1925 2966 2185 3032 pra-claro
2219 2969 2449 3024 consilio
2476 2970 2734 3039 instituit,
2767 2986 2824 3029 ut
2850 2979 2963 3031 suis
2989 2984 3329 3050 temporibus
3356 2990 3491 3042 t'Ct‘lI

1924 3054 2163 3109 siderum
2197 3067 2398 3125 motus,
2428 3069 2602 3126 ortus,
2640 3076 2865 3118 occasus
2899 3070 3174 3135 eveniant,
3213 3091 3319 3143 quo
3339 3093 3491 3132 coar-

1927 3155 2138 3198 mutato
2168 3162 2264 3215 per
2286 3148 2385 3202 has
2413 3151 2605 3205 causas
2634 3168 2760 3207 aere
2789 3156 3092 3227 pluviisque
3117 3164 3490 3223 delabentihus

239 3233 437 3297 ἄδικοι,
468 3236 592 3297 τοὺς
627 3233 725 3303 μὲν
761 3236 983 3303 μοιχοὺς
1040 3234 1337 3301 ποιοῦντες,
1365 3237 1489 3298 τοὺς
1521 3237 1577 3290 δὲ
1621 3238 1811 3305 φονέας

2168 3207 2182 3215 _
2789 3207 2801 3222 _
2828 3207 2856 3208 η
2894 3207 3091 3227 .-ατη
3120 3207 3487 3223 --ν...-ν........α

1925 3237 2121 3305 plantae
2149 3238 2554 3293 incrementum
2581 3247 2868 3299 commode
2903 3263 3143 3308 sumant.
3176 3254 3310 3309 Cum
3346 3261 3487 3312 οιιίιη

239 3326 337 3377 καὶ
352 3326 632 3394 ἅρπαγας.
671 3324 831 3376 ’Λλλά
853 3327 945 3376 καὶ
971 3325 1075 3394 πρὸ
1100 3327 1205 3377 τῶν
1233 3326 1475 3395 ἀστέρων
1504 3328 1531 3379 ὁ
1552 3326 1811 3396 δημιουρ-

220 3414 339 3483 ’γὸς
367 3416 544 3468 αὐτῶν
568 3415 663 3486 τὴν
684 3417 863 3470 αἰτίαν
884 3416 1240 3485 ἀποφέρεται,
1261 3416 1418 3485 εἴπερ
1440 3417 1659 3470 τοιαῦτα
1682 3434 1813 3468 κατ-

238 3507 540 3560 εσκεύασεν
559 3506 595 3559 ἃ
615 3508 711 3574 τὴν
732 3508 996 3576 ἐπιφορὰν
1016 3509 1045 3576 ἡ
1055 3510 1147 3574 μίν
1166 3508 1222 3570 ἐξ
1240 3507 1479 3576 ἀνάγκης
1503 3510 1610 3560 τῶν
1628 3507 1812 3559 κακῶν

240 3598 539 3668 ἐπιτίθησι,
557 3597 696 3651 καθὰ
714 3599 776 3665 δὴ
794 3600 891 3650 κει)⁵
909 3599 1039 3668 πρὸς
1054 3598 1293 3650 Φαῦστον
1313 3601 1339 3650 ὁ
1356 3601 1644 3666 κορυφαῖος
1662 3599 1812 3665 ἔλεγε

247 3689 472 3756 Πέτρος,
508 3690 721 3756 γενέσει
750 3689 847 3741 καὶ
875 3689 1182 3760 εἱμαρμένῃ
1220 3690 1280 3741 τὸ
1309 3691 1414 3742 πᾶν
1435 3691 1809 3757 ἐπιτρέποντα.

1917 3326 2172 3380 alimenta
2206 3329 2441 3396 quodam
2466 3329 2611 3383 velut
2632 3334 2838 3387 ambitu
2864 3349 3127 3405 perpetuo
3144 3346 3489 3412 suppeditata

1920 3431 2029 3469 non
2072 3419 2475 3485 desiderantur,
2527 3421 2690 3475 etiam
2725 3422 2941 3480 illarum
2990 3440 3203 3493 natura,
3252 3438 3343 3503 qui
3380 3437 3490 3490 fru-

1919 3517 2041 3562 ctus
2073 3508 2220 3577 ipsos
2244 3511 2574 3579 percipiunt,
2607 3515 2695 3567 vel
2724 3532 2886 3585 egere
2912 3522 2989 3573 \el
3013 3523 3246 3577 deiicere
3278 3534 3486 3598 nequTt.

1923 3599 1994 3652 De
2025 3614 2132 3668 quo
2176 3599 2530 3671 intelligimus
2577 3605 2757 3658 sidera
2808 3610 3025 3676 quidem
3082 3629 3203 3669 cum
3250 3623 3488 3677 ιηοιώιεε

1922 3689 2038 3744 suis
2069 3690 2368 3757 fructuum,
2404 3693 2619 3748 fructus
2646 3705 2823 3750 autem
2856 3701 3169 3756 animalium
3218 3715 3273 3759 et
3306 3709 3485 3763 homi-

246 3780 333 3833 nis
361 3795 481 3835 esse
516 3796 677 3834 causa
713 3780 911 3835 factos.
972 3780 1316 3850 Quapropter
1383 3783 1692 3837 animorum
1740 3782 2051 3837 voluntates
2116 3793 2281 3852 atque
2343 3786 2649 3842 sententias
2689 3789 2869 3844 sidera
2900 3808 3005 3846 non
3074 3805 3324 3863 mutant,
3383 3815 3488 3857 nec

243 3874 520 3927 hominem
553 3877 619 3928 ad
648 3874 937 3944 imaginem
970 3876 1060 3929 Dei
1092 3875 1296 3929 factum
1347 3875 1913 3945 mamipiicujusdam
1967 3876 2091 3930 vilis
2152 3876 2326 3932 instar
2378 3877 2484 3931 hac
2541 3878 2666 3933 lllac
2726 3880 2951 3939 ducunt.
3018 3886 3136 3940 Non
3188 3899 3292 3943 tam
3339 3894 3485 3946 enim

242 3982 361 4037 ipsa
386 3968 931 4037 deprehenderentur
964 3968 1162 4037 iniusta
1189 3986 1330 4037 esse,
1401 3971 1663 4040 quosdam
1728 3971 2006 4026 adulteros
2062 3971 2374 4036 efﬁcientia,
2408 3973 2670 4040 quosdam
2741 3976 3039 4033 homicidas
3071 3998 3134 4034 ac
3180 3988 3485 4055 praedones,

242 4076 407 4130 quam
439 4076 629 4114 eorum
660 4060 864 4130 opifex,
921 4065 1013 4133 qui
1064 4078 1394 4134 praeeipuam
1432 4064 1485 4117 in
1522 4065 1625 4119 hac
1659 4076 1810 4134 parte
1849 4066 2063 4136 culpam
2126 4076 2459 4130 mereretur,
2503 4067 2572 4121 ob
2611 4081 2699 4121 res
2766 4071 3035 4137 ejusmodi
3073 4080 3321 4135 conditas
3367 4098 3488 4150 qua:

241 4155 558 4208 necessario
582 4170 683 4208 nos
708 4155 774 4208 ad
804 4154 944 4208 mala
968 4156 1230 4223 proclives
1250 4156 1561 4210 redderent.
1624 4157 1837 4211 Idcirco
1872 4173 1981 4211 non
2014 4157 2114 4213 abs
2146 4172 2203 4210 re
2231 4159 2451 4227 scripsit
2481 4161 2715 4216 eximius
2743 4163 2831 4217 ille
2888 4164 3081 4221 Petrus
3105 4174 3170 4222 ad
3205 4171 3485 4244 Faustun',

238 4249 520 4318 quosdam.
537 4248 670 4302 falso
720 4249 1035 4303 universum
1088 4251 1189 4303 hoc
1238 4250 1500 4303 natalitiis
1527 4250 1797 4305 sideribus
1838 4260 1891 4305 et
1921 4251 2030 4306 fato
2058 4253 2423 4309 committere.

318 4340 462 4408 Ὅρα
515 4340 702 4392 λοιπὸν
756 4339 1043 4410 νουνεχῶς,
1095 4341 1189 4393 καὶ⁵
1244 4342 1318 4411 μὴ
1369 4342 1462 4393 ὲπί
1502 4343 1663 4394 πλέον
1694 4345 1810 4404 τοῖς

238 4430 423 4497 λόγοις
462 4430 644 4482 αὐτῶν
683 4429 937 4500 θορυϐοῦ.
983 4431 1044 4483 Εἰ
1082 4432 1192 4501 γὰρ
1238 4436 1330 4484 καὶ
1370 4433 1635 4516 λέγουσιν.
1656 4433 1737 4484 ὅτι
1769 4433 1803 4501 ἡ

1986 4344 2292 4400 Prudenter
2337 4347 2503 4418 igitur
2541 4345 2657 4403 hanc
2706 4349 3093 4415 considerato,
3142 4368 3243 4407 nec
3292 4356 3486 4413 herum

1910 4436 2091 4492 verbis
2124 4439 2242 4506 plus
2269 4455 2426 4509 teque
2472 4440 2777 4511 perturbari
2828 4453 2880 4498 te
2931 4443 3121 4497 sinito.
3158 4446 3292 4500 Cum
3338 4456 3485 4504 enim

243 4521 367 4591 ὥρα
407 4521 531 4575 καθ’
569 4522 637 4592 ἢν
666 4524 699 4591 ὴ
740 4522 998 4593 σύλληψις
1024 4522 1118 4575 τοῦ
1165 4523 1681 4593 συλλαμϐανομένου
1721 4525 1808 4591 γί-

1915 4527 2100 4582 dicunt
2125 4544 2245 4583 eam
2283 4531 2473 4586 horam
2505 4550 2609 4602 qua
2644 4535 2789 4591 fetus
2834 4536 3126 4608 conceptio
3168 4537 3279 4598 ﬁat.
3316 4540 3484 4595 fetum

203 4594 420 4676 ⁵¹νεται,
452 4614 636 4683 ἐκείνη
674 4614 767 4666 καὶ
791 4614 852 4666 τὸ
892 4608 1458 4685 πλαστουργούμενον.
1500 4616 1611 4669 εἴτε
1640 4618 1809 4688 ἇρῤεν

236 4706 352 4758 εἶτε
389 4704 543 4775 θῆλυ,
572 4703 923 4759 διαπλάττειν
972 4706 1168 4773 ἄριστα
1217 4707 1428 4771 εἴωθεν,
1454 4707 1569 4759 ἀλλ’
1605 4709 1810 4772 εὐθέως

238 4789 649 4862 ἀνθυποφέρειν
676 4792 818 4862 ἔχεις
846 4794 939 4844 καὶ
972 4794 1059 4857 σὺ,
1086 4794 1181 4846 καὶ
1203 4795 1354 4865 οὓτω
1383 4795 1564 4863 λέγειν
1602 4799 1807 4862 αὐτοῖς,

238 4885 320 4944 ὡς
351 4882 510 4951 εἰπερ
564 4886 621 4935 ὲν
687 4886 785 4952 μιᾷ
845 4883 965 4954 ὥρᾳ
1003 4886 1098 4936 καὶ
1134 4888 1198 4956 τῇ
1230 4890 1367 4957 αὑτῇ
1395 4890 1666 4958 καταϐολῇ
1700 4892 1809 4941 τῶν

236 4967 481 5036 διδύμων
516 4968 548 5035 ἡ
586 4966 849 5036 σύλληψις
876 4969 1110 5031 γίνεται,
1162 4969 1366 5038 ἔπρεπε
1400 4975 1614 5034 πάντως
1643 4972 1717 5043 μὴ
1749 4973 1809 5026 τὸ

239 5063 345 5129 μὲ)
398 5061 577 5113 αὐτῶν
614 5062 805 5133 apem,
828 5063 887 5114 τὸ
907 5062 962 5115 δὲ
980 5060 1134 5132 θῆλυ,
1158 5064 1276 5116 ἀλλ’
1311 5064 1515 5135 ᾶρῤενα
1530 5070 1622 5118 καί
1644 5067 1810 5135 ἄμφω

238 5152 389 5204 κατά
432 5151 530 5220 τὴν
563 5153 971 5220 ἐπικρατοῦσαν
1016 5153 1166 5223 ὤραν
1213 5155 1246 5225 ἢ
1288 5156 1458 5225 θήλεα
1497 5158 1654 5209 ταυτὶ
1698 5158 1810 5211 δια-

238 5242 598 5296 πλάττεσθαι.
627 5242 783 5295 Οὖτω
816 5245 916 5312 μὲν
937 5240 1029 5297 οὖν
1053 5245 1161 5298 ἔδει
1191 5245 1264 5316 μὴ
1292 5251 1353 5299 τὸ
1383 5248 1482 5316 μὲν
1506 5248 1687 5301 αὐτῶν
1716 5248 1811 5301 τά·

237 5352 359 5406 χιον
408 5336 688 5405 τελευτᾷν,
718 5335 781 5386 τὸ
811 5336 867 5387 δὲ
908 5336 1147 5407 βράδιον,
1181 5337 1296 5389 ἀλλ’
1335 5338 1467 5406 ὁμοῦ
1501 5340 1594 5392 καὶ
1641 5338 1809 5407 ἄμφω

234 5424 349 5475 τῶν
374 5409 477 5476 ὧδε
514 5423 914 5489 μεθίστασθαι·
948 5428 1089 5479 κατὰ
1128 5427 1233 5495 γὰρ
1262 5429 1504 5489 ἐκείνους
1543 5430 1737 5491 εἰπεῖν,
1778 5429 1808 5481 ὁ

235 5515 405 5579 αὐτὸς
456 5514 633 5585 ἀστὴρ
672 5512 909 5587 κάκείνῳ
953 5518 1048 5570 καὶ
1090 5519 1265 5589 τούτῳ
1302 5518 1399 5589 τὴν
1437 5518 1583 5590 ζωὴν
1620 5521 1808 5591 ἐχαρί-

235 5623 396 5660 σατο.
440 5608 603 5660 Ἀλλὰ
631 5610 726 5661 καὶ
781 5610 873 5662 ἐπί
903 5627 1013 5663 τισι
1042 5610 1330 5680 παθήμασι
1382 5614 1475 5665 καὶ
1510 5612 1810 5682 σινώμασιν

235 5696 334 5768 ὑφ’
368 5691 443 5750 ὧν
485 5686 799 5753 ἁλίσκονται
839 5702 1097 5765 πολλάκις
1137 5705 1205 5754 τὰ
1236 5706 1375 5756 κατὰ
1418 5705 1631 5775 μήτραν
1663 5722 1808 5774 πηγ-

235 5789 453 5861 νύμενα
496 5789 584 5859 (τά
610 5807 666 5842 τε
720 5792 830 5862 γὰρ
868 5792 1037 5861 θήλεα
1095 5794 1279 5864 σχῆμα
1314 5795 1570 5859 πολλάκις
1600 5796 1808 5868 ἀνδρῶν

448 5892 722 5947 ιἈΤιιοι..
754 5893 873 5949 (in.
915 5891 1178 5953 CLVIII.

1918 4617 2118 4686 ipsum,
2152 4629 2258 4673 tam
2306 4637 2510 4676 marem
2547 4640 2707 4694 quam
2757 4628 3073 4694 femineum,
3118 4634 3321 4701 optime
3369 4638 3480 4691 lor-

1914 4725 2083 4774 mare,
2120 4726 2245 4766 mox
2274 4713 2353 4767 eis
2386 4714 2628 4796 objipere
2656 4718 2896 4772 vicissim
2928 4732 3082 4789 potes
3106 4726 3251 4792 quod
3286 4727 3329 4779 si
3358 4731 3480 4796 qui—

1911 4798 2036 4852 dem
2084 4817 2191 4856 una
2247 4813 2301 4858 et
2335 4784 2522 4860 eadem
2580 4809 2735 4871 hora,
2769 4826 2876 4863 una
2925 4823 2979 4865 et
3030 4816 3216 4869 eadem
3261 4822 3482 4875 seminis

1910 4891 2222 4961 dejectione
2247 4898 2602 4965 gemeliorum
2639 4902 2926 4970 conceptio
2961 4900 3083 4968 "tiat,
3119 4910 3342 4963 omnino
3381 4927 3481 4967 ue‘

1907 4996 2067 5038 cesse
2100 4984 2171 5039 sit
2197 4986 2433 5041 alterum
2458 5003 2649 5043 eorum
2692 5007 2801 5045 non
2833 5010 2956 5047 esse
2995 5006 3223 5064 marem,
3248 5003 3481 5063 alter-um

1912 5073 2192 5139 feminam,
2214 5077 2310 5131 sed
2335 5079 2416 5131 vel
2450 5080 2641 5134 ambos
2663 5098 2843 5137 mares
2866 5085 2947 5138 vel
2975 5085 3205 5142 fetutinas
3230 5090 3477 5147 formari.

1910 5165 2285 5222 Consimiliter
2343 5169 2533 5223 eadem
2593 5174 2803 5229 ratione
2870 5188 3191 5246 sequeretur
3247 5183 3477 5238 alterum

1910 5272 2100 5311 eorum
2123 5274 2232 5313 non
2257 5261 2459 5315 debere
2480 5262 2642 5316 citius
2666 5267 2959 5337 exstingui,
2990 5271 3199 5326 tardius
3222 5276 3477 5338 alterum.

1911 5348 2005 5402 sed
2044 5358 2337 5420 utrumque
2367 5352 2527 5407 rebus
2576 5355 2830 5412 humanis
2862 5362 3070 5428 pariter
3104 5365 3290 5424 eximi.
3322 5367 3477 5435 Nam,

1913 5448 1971 5493 ut
2005 5440 2103 5508 ipsi
2136 5440 2454 5511 loquuntur,
2505 5444 2647 5498 idem
2695 5449 2846 5503 sidus
2880 5460 2989 5506 tam
3038 5454 3160 5507 huic
3205 5473 3369 5525 quam
3400 5462 3478 5515 illi

1913 5529 2077 5584 vitam
2119 5534 2374 5600 praebuit.
2430 5534 2574 5601 Quin
2624 5540 2787 5592 etiam
2837 5556 2905 5595 eo
2936 5546 3376 5616 progrediuntur,
3420 5556 3480 5607 ut

1912 5620 2133 5673 morbos
2161 5622 2422 5689 quosdam
2469 5635 2523 5678 et
2576 5625 2778 5681 formas
2828 5646 2946 5696 qua:
3000 5633 3199 5687 fet-ibus
3249 5636 3301 5689 in
3360 5640 3477 5708 ipsa

1916 5710 2142 5765 matrice
2180 5728 2568 5783 nonnunquam
2605 5717 2860 5772 accidunt
2905 5720 3103 5785 (solent
3134 5726 3279 5779 enim
3309 5727 3477 5782 inter‘

1916 5801 2039 5853 dum
2065 5801 2293 5856 lentell-c
2325 5805 2578 5858 verendis
2614 5804 2668 5857 in
2718 5810 2966 5875 partibus
3018 5811 3229 5869 virilem
3271 5816 3477 5874 habere

3080 5910 3118 5970 8
