4204 6450
703 370 803 431 927

1987 356 2404 415 MiCiMELIS
2446 351 2703 414 GLYCxli

3840 348 3956 409 228

701 477 957 543 δευρί-ἱροὶ,
1015 486 1077 525 ac
1131 472 1247 524 rice
1304 484 1457 522 versa
1507 482 1685 521 mares
1745 465 2060 533 femineam)
2110 466 2312 539 astris,

2380 466 2499 531 περί
2540 480 2644 513 που
2679 467 2744 512 τὰ
2784 460 3077 529 γεννητικὰ
3112 458 3334 527 φέρουσι
3375 456 3562 527 μόρια,
3596 461 3691 512 καί
3720 456 3951 509 τούναν-

704 570 1019 624 auctoribus
1070 567 1333 622 tribuant.
1398 566 1603 617 Vocant
1664 562 1927 631 ejusmodi
1982 561 2145 621 fetus,
2202 560 2269 612 dc

703 663 900 732 quibus
956 661 1118 713 modo
1183 658 1560 724 loquebamur,
1615 652 2107 721 hermaphroditos.
2137 650 2269 703 Nam

705 752 943 821 perbelle
991 750 1202 818 ﬁngunt
1252 746 1581 800 Mercurium
1637 744 1751 813 (qui
1795 742 1996 796 Graecis
2047 742 2272 794 llermes

705 843 809 911 est)
846 856 900 895 et
927 839 1193 894 Venerem
1235 841 1375 905 (qurc
1410 835 1732 905 Aphrodite)
1772 836 1825 887 in
1860 835 2050 888 iisdem
2074 835 2273 886 centris

705 935 1051 1002 coniunctos.
1084 932 1324 984 Saturno
1350 930 1512 981 etiam
1542 927 1836 981 accedente
1864 934 2119 991 certaque
2141 937 2273 976 con-

709 1024 1036 1078 formatione
1066 1021 1232 1082 aeris,
1286 1018 1427 1071 fetus
1473 1016 1740 1085 quosdam
1785 1023 1982 1083 praeter
2024 1022 2273 1065 naturam

708 1116 932 1169 affectos
967 1113 1289 1181 producere.
1322 1108 1428 1161 Sed
1470 1108 1614 1161 enim
1666 1105 1769 1158 hoc
1814 1105 2039 1156 minime
2084 1116 2275 1155 verum

710 1217 814 1259 est.
851 1204 984 1256 Nam
1020 1204 1132 1269 ipsa
1184 1200 1327 1253 fetus
1378 1198 1659 1251 for-matrix
1695 1193 1855 1263 114,
1899 1202 2093 1246 natura
2120 1204 2275 1269 lnon-

708 1311 989 1365 nunquam
1068 1291 1335 1358 ejusmodi
1397 1288 1603 1350 ellieit,
1669 1259 2140 1354 quemadmodum
2194 1290 2278 1335 est

710 1403 874 1458 supra
908 1387 1360 1440 demonstratum.
1418 1380 1641 1432 llermes
1688 1377 1909 1445 quidem
1958 1374 2047 1427 ille
2101 1372 2280 1442 philo—

711 1478 937 1547 sophus,
971 1490 1132 1543 quem
1165 1473 1338 1526 Graeci
1374 1480 1521 1522 tanto
1553 1469 1756 1521 habent
1805 1466 1860 1519 in
1888 1466 2111 1528 honore,
2140 1464 2278 1518 scri-

724 1569 829 1638 ptis
861 1567 926 1619 ad
953 1566 1252 1633 sapientem
1283 1562 1603 1613 Ammonem
1636 1556 1855 1620 litteris,
1883 1554 2191 1608 morborum
2226 1554 2280 1606 in

718 1662 783 1712 iis
823 1670 1013 1711 causas
1070 1655 1161 1724 qni
1210 1654 1392 1705 l'urme
1434 1649 1803 1718 corripiuntur
1838 1655 1887 1699 et
1932 1654 2115 1698 mente
2152 1651 2283 1698 Iunt

712 1749 955 1810 alienati,
997 1746 1062 1799 ad
1091 1746 1267 1799 sidera
1310 1742 1495 1795 refert.
1524 1740 1659 1795 Cum
1688 1738 1858 1800 enim,
1895 1737 2093 1805 inquit,
2126 1735 2279 1790 sidus

713 1842 842 1895 illud
868 1840 922 1892 in
949 1838 1105 1905 cuius
1133 1844 1400 1904 potestate
1437 1833 1721 1885 cerebrum
1774 1837 1877 1892 est,
1917 1827 2085 1881 fetum
2139 1827 2280 1880 bono

711 1933 946 2003 quodam
1000 1940 1224 1998 aspectu
1280 1928 1555 1988 intuetur,
1606 1925 1834 1991 ejusque
1884 1921 2169 1981 cerebrum
2222 1919 2278 1972 in

714 2030 829 2094 ipsa
859 2021 1184 2077 formatione
1214 2017 1381 2070 radiis
1412 2014 1677 2082 ejusmodi
1720 2011 2021 2075 eollustrat,
2054 2010 2280 2063 omnino

712 2120 769 2171 iit
800 2127 857 2169 ut
889 2114 1175 2168 facultates
1218 2108 1385 2163 auinzi
1421 2107 1695 2177 principes
1744 2104 1796 2157 in
1846 2103 1936 2156 tali
1974 2100 2086 2155 fetu
2136 2114 2280 2169 pra:-

713 2211 857 2263 rlare
893 2212 1222 2275 comparata:
1247 2203 1377 2256 sint.
1422 2200 1489 2253 At
1518 2198 1560 2252 si
1602 2196 2101 2266 quomodocunquc
2132 2192 2283 2247 sidus

712 2301 892 2371 ipsum
927 2298 1066 2352 male
1094 2294 1381 2357 alliciatur,
1427 2291 1592 2344 etiam
1641 2289 1857 2343 diversa
1898 2287 2006 2341 erit
2053 2296 2109 2338 et
2150 2299 2284 2338 con-

716 2389 883 2446 traria
909 2386 1079 2458 priori
1112 2386 1230 2455 eius
1266 2380 1503 2436 effectio.
1535 2378 1688 2432 lluac
1716 2377 1771 2430 in
1818 2374 2036 2429 modum
2066 2381 2285 2442 specta-

718 2492 862 2535 tores
928 2478 1003 2532 illi
1063 2473 1379 2530 sublimium
1436 2468 1681 2524 sentiunt
1749 2478 1912 2534 atque
1967 2463 2285 2532 loquuntur.

717 2572 919 2626 Eurum
956 2581 1013 2622 tu
1044 2565 1360 2633 Opinionem
1393 2560 1625 2630 rejicito,
1655 2573 1718 2612 ac
1753 2556 1935 2626 pravis
1961 2554 2288 2623 quibusdam

718 2660 1043 2717 humoribus
1075 2655 1361 2711 cerebrum
1405 2653 1524 2719 ejus
1562 2649 1826 2718 repletum
1885 2649 2006 2697 esse
2055 2639 2291 2703 credito,

715 2768 880 2825 quem
908 2752 1092 2803 animo
1122 2747 1418 2800 alienatum
1446 2737 1815 2807 conspexeris.
1841 2732 1973 2787 Nam
2007 2731 2291 2787 cerebrum

721 2819 922 2899 mentis
953 2845 1047 2897 est:
1095 2839 1541 2893 instrumentum,
1581 2830 1810 2895 ideoque
1856 2838 1955 2894 pro
2003 2822 2172 2891 ipsius
2210 2819 2296 2870 in-

720 2931 1009 2988 strumenti
1055 2926 1342 2981 aﬂ‘ectione
1403 2934 1559 2975 mens
1610 2921 1815 2979 etiam,
1870 2913 2015 2967 \elut
2065 2907 2295 2974 artifex,

718 3040 878 3096 agere
913 3020 1221 3077 consuevit.
1277 3017 1569 3084 PrOpterea
1624 3010 1763 3062 Deus
1808 3007 2003 3061 herbas
2034 3002 2295 3073 quasdam

2309 1798 2356 1858 Β

2370 562 2482 610 τίον
2521 556 2674 617 αὖθις
2714 554 2780 607 τὰ
2818 551 3065 622 ἄρρενα),
3089 552 3215 613 τοὺς
3247 551 3485 618 ἀστέρας
3523 548 3729 607 αἰτίους
3766 550 3954 617 ἥγηνο

2372 666 2482 700 ται.
2517 649 2699 715 Ταύτῃ
2770 662 2850 695 τοι
2887 644 2978 695 καὶ
3018 638 3450 709 ἔρμαφροδίτους
3498 642 3625 701 τοὺς
3667 638 3952 699 τοιούτους

2376 738 2800 806 ἐπονομάζουσι.
2840 734 3221 802 ιὲομιίιεύονται
3252 732 3381 800 γάρ,
3413 729 3633 783 ἐπειδάν
3661 732 3689 783 ὁ
3728 728 3955 798 Ἑρμῆς

2375 830 2521 896 καὶή
2572 827 2855 896 ’Λφροδίτη
2896 823 3531 892 εὑρεθεῖενόμὸκεντροι,
3569 822 3817 883 συνόντος
3844 821 3951 874 αὖ·

2374 921 2485 970 τοῖς
2520 917 2610 969 τοῦ
2662 916 2894 985 Κρόνου,
2940 915 3074 981 πρὸς
3106 915 3161 966 δὲ
3196 912 3291 963 καὶ
3339 915 3821 982 σχηματιζομὲνου
3852 914 3952 965 τοῦ

2380 1010 2596 1077 Ἀρεος,
2626 1006 2790 1057 αἴτιοι
2814 1003 3113 1071 τηνικαῦτα
3141 1005 3232 1055 καὶ
3256 1003 3365 1055 τῶν
3395 1002 3545 1069 παρά
3574 1001 3734 1068 φύσιν
3757 1002 3954 1052 παθῶν

2377 1103 2486 1161 τοῖς
2512 1100 2850 1166 τικτομένοις
2882 1098 3262 1150 καθίστανται.
3302 1094 3442 1147 Ἀλλ’
3472 1096 3572 1147 ούκ
3618 1094 3735 1145 ἔστι
3765 1093 3952 1153 τοῦτο,

2378 1198 2478 1247 οὐκ
2513 1194 2691 1245 ἔστιν·
2751 1193 2784 1261 ἡ
2824 1191 2931 1260 γάρ
2979 1188 3383 1242 διαπλάττουσα
3404 1186 3465 1238 τὸ
3508 1184 3748 1255 ἔμϐρυον
3784 1184 3955 1252 φύσις

2379 1287 2527 1340 αίτία
2582 1284 2841 1343 πολλάκις
2899 1283 3010 1334 τῶν
3058 1280 3315 1333 τοιούτων
3368 1278 3705 1348 εὑρίσκεται,
3763 1275 3955 1340 καθὼς

2380 1379 2588 1456 ἄνωθεν
2610 1377 2846 1446 εἴρηται.
2884 1374 3048 1427 Ἀλλά
3069 1375 3162 1426 καὶ
3190 1374 3218 1425 6
3240 1371 3369 1442 παρ’
3389 1372 3571 1432 αὐτοῖς
3601 1370 3713 1431 τοῖς
3750 1368 3956 1437 Ἐλλη-

2382 1489 2432 1524 σι
2468 1469 2777 1538 τιμώμενος
2817 1466 3022 1535 Ἐρμῆς
3052 1465 3311 1533 Ἀμμωνι
3333 1460 3410 1529 τῷ
3437 1461 3587 1529 σοφῷ
3616 1459 3954 1512 ἐπιστέλλων

2382 1565 2577 1627 αὐτοὺς
2617 1562 2855 1615 αίτιᾶται
2884 1559 3011 1620 τοὺς
3049 1557 3282 1625 ἀστέρας
3322 1555 3413 1606 ἐπί
3440 1570 3497 1605 τε
3531 1556 3645 1615 τοῖς
3686 1552 3955 1622 μαινομέ-

2384 1675 2493 1719 νοις
2526 1653 2704 1708 καὶτὸ
2741 1653 2995 1721 φρόνημα
3026 1648 3382 1714 κεκτημένοις
3419 1645 3743 1713 παράφορον
3767 1644 3844 1705 ὼς
3868 1645 3957 1694 αἱ.

2384 1750 2530 1809 τίους
2567 1745 2726 1814 δῆθεν
2755 1744 3012 1807 τοιούτων
3036 1738 3241 1792 παθῶν.
3274 1737 3412 1803 Φησὶ
3442 1738 3533 1789 καὶ
3568 1735 3677 1802 γὰρ
3703 1732 3779 1794 ὡς
3802 1736 3958 1786 ἐπει-

2387 1841 2483 1892 δὰν
2515 1837 2573 1901 ἐξ
2604 1812 2805 1902 άγοῗθοῦ
2836 1832 3111 1902 σχήματος
3148 1831 3177 1881 6
3213 1829 3307 1880 τοῦ
3348 1825 3651 1895 ἐγκεφάλου
3677 1822 3957 1892 κυριεύων

2389 1929 2565 1998 ἀστὴρ
2603 1923 2931 1979 κατοπτεύει
2968 1920 3029 1973 τδ
3072 1916 3639 1985 πλαστουργούμενον,
3686 1913 3947 1966 κάκεῖθεν

2390 2022 2586 2073 ἀκτῖνα
2621 2015 2802 2085 βάλλει
2829 2012 2904 2082 τῷ
2929 2009 3215 2079 ἐγκεφάλῳ
3245 2009 3340 2061 τοῦ
3375 2006 3751 2076 πηγνυμένου,
3772 2004 3956 2067 καλῶς

2392 2112 2601 2177 ἕξουσιν
2667 2112 2722 2163 al
2781 2107 3107 2178 ἡγεμονικαὶ
3159 2106 3416 2174 δυνάμεις
3462 2104 3540 2171 τῷ
3599 2102 3961 2168 πλαττομένῳ

2392 2202 2691 2272 τηνικαῦτα
2723 2199 2983 2269 ὲμὸρύῳο
3029 2200 3077 2251 εί
3122 2197 3179 2248 δὲ
3213 2195 3555 2264 κακούμενος
3600 2192 3961 2259 ὁπωσδήποτε

2394 2294 2533 2363 τύχῃ
2569 2295 2595 2345 6
2637 2289 2877 2351 τοιοῦτος
2932 2288 3130 2355 ἀστὴρ,
3169 2284 3277 2337 τῶν
3333 2283 3594 2336 ἐναντίων
3634 2280 3784 2334 ἔσται
3823 2280 3964 2331 πάν-

2397 2401 2500 2448 τως
2544 2382 2847 2454 ποιητικός.
2900 2380 3009 2433 Καὶ
3053 2377 3196 2431 οὕτω
3242 2377 3342 2446 μὶν
3394 2377 3445 2429 oi
3497 2378 3610 2438 τοῖς
3662 2373 3965 2442 μετεώροις

2403 2476 2762 2547 προσέχοντες
2809 2474 2903 2524 καὶ
2943 2470 3199 2539 φρονοῦσι
3229 2468 3360 2538 περὶ
3412 2466 3618 2521 τούτων
3656 2464 3750 2518 καὶ
3772 2464 3966 2532 λέγου-

2401 2588 2487 2623 σιν
2522 2570 2657 2639 (24).
2694 2568 2762 2619 Σὺ
2793 2566 2871 2631 δὲ,
2910 2562 3179 2632 ὀγαπητὲ,
3243 2562 3319 2630 μὴ
3351 2559 3545 2624 οὕτως,
3592 2557 3726 2611 ἀλλὰ
3759 2556 3968 2627 μοχθη⁴

2406 2662 2519 2732 ροίς
2558 2675 2669 2711 τισι
2733 2659 2930 2727 χυμοῖς
2994 2651 3459 2723 κατακρατεῖσθαι
3525 2648 3618 2703 τὸν
3663 2646 3971 2714 ἐγκέφαλον

2404 2755 2649 2814 πίστευε,
2705 2751 2861 2816 ἡνίκα
2921 2746 2979 2799 δὲ
3016 2747 3182 2814 θεάσῃ
3236 2744 3356 2796 τινὰ
3414 2743 3709 2811 παρακοπῇ
3752 2739 3970 2807 φρενῶν

2407 2843 2784 2912 συνεχόμενονο
2847 2842 2874 2891 ὁ
2920 2839 3026 2904 γάρ
3066 2834 3368 2903 ἐγκέφαλος
3414 2832 3648 2902 ὄργανόν
3701 2833 3818 2883 ἐστι
3874 2827 3971 2881 τοῦ

2406 2937 2558 2997 νοός·
2587 2935 2761 3004 ταύτῃ
2808 2949 2887 2983 τοι
2930 2929 3021 2981 καὶ
3083 2929 3224 2982 κατὰ
3284 2927 3383 2995 τὴν
3429 2923 3663 2993 ὀργάνου
3726 2920 3972 2974 διάθεσιν

2408 3026 2503 3079 καὶ
2534 3027 2562 3078 6
2594 3025 2839 3092 τεχνίτης
2860 3020 3019 3072 εἴωθε
3055 3019 3178 3082 νοῦς
3206 3018 3471 3086 ἐνεργεῖν.
3516 3016 3637 3068 Ἐπὶ
3664 3014 3773 3083 γὰρ
3796 3012 3972 3079 τούτῳ

721 3092 968 3172 condidit
1023 3111 1227 3182 quibus
1283 3106 1447 3161 variis
1510 3100 1790 3156 doloribus
1862 3106 2027 3165 atque
2089 3092 2294 3147 morbis

2401 3119 2497 3171 καὶ
2539 3116 2768 3186 βοτάνας
2801 3112 3174 3172 ἀκεσωδύνους
3206 3108 3539 3178 παρήγαγεν
3588 3108 3616 3157 6
3681 3104 3835 3170 Θεὸς,
3876 3104 3975 3155 καὶ

724 3211 1079 3269 medeamur,
1137 3212 1193 3257 et
1254 3196 1571 3254 hominibus
1639 3191 1907 3246 medicam
1973 3185 2297 3256 sapientiam

724 3301 941 3359 abunde
974 3298 1202 3367 largitus
1231 3303 1333 3348 est.
1369 3289 1505 3343 lline
1553 3297 1608 3342 et
1657 3284 1941 3341 cerebrum
1976 3278 2189 3351 purgari
2219 3277 2301 3332 vi-

725 3396 942 3458 demus,
977 3403 1032 3445 et
1061 3389 1282 3443 morbos
1311 3384 1469 3447 alios,
1506 3380 1597 3450 qui
1623 3377 1961 3432 curationem
1995 3372 2301 3440 requirunt,

727 3487 1175 3547 convenientium
1227 3480 1751 3535 medicamentorum
1823 3469 2163 3525 adhibitione
2213 3479 2305 3519 sa-

728 3581 869 3637 nari.
900 3578 1020 3633 Non
1051 3577 1213 3645 igitur
1242 3585 1433 3626 eorum
1477 3567 1663 3622 verbis
1694 3562 1871 3631 decipi
1898 3570 1950 3614 te
1978 3559 2198 3629 patitor.
2228 3555 2306 3609 Ac

731 3690 799 3729 ne
829 3673 938 3727 fato
972 3669 1216 3738 quidem,
1245 3679 1345 3717 ceu
1375 3662 1581 3716 dictum
1616 3666 1723 3720 est,
1757 3655 1813 3709 hi
1860 3650 2037 3707 morbi
2069 3648 2306 3704 homini-

733 3774 833 3823 bus
862 3764 1139 3820 accidunt.
1172 3758 1312 3825 Quid
1339 3757 1485 3810 enim
1523 3753 1671 3807 aliud
1715 3750 1817 3805 sibi
1861 3748 1957 3802 fati
2002 3746 2118 3801 vult
2144 3759 2309 3798 voca.

732 3862 946 3921 bulum,
1015 3857 1082 3910 de
1139 3854 1381 3923 ipsorum
1445 3848 1759 3907 sententia,
1813 3857 1978 3912 quain
2041 3842 2185 3910 quod
2237 3843 2308 3894 sit

732 3963 965 4011 eventus
985 3948 1203 4019 quidam
1230 3940 1580 4003 inevitabilis,
1608 3949 1759 3992 ortus
1788 3951 1854 3989 ex
1875 3934 2015 3990 serie
2047 3946 2309 4002 perpetua

735 4055 913 4100 monis
980 4038 1286 4094 cwlestinm
1348 4028 1676 4099 corporum?
1733 4026 1887 4092 Quod
1942 4026 2116 4094 ipsum
2168 4033 2350 4079 totus.

738 4139 824 4191 ille
855 4142 1188 4187 sanctorum.
1228 4127 1465 4178 virorum
1499 4128 1697 4176 ‘ctetus
1747 4117 2063 4188 longissime
2112 4113 2309 4182 rejicit.

736 4227 1103 4296 Quamobrem
1141 4219 1315 4275 istuc?
1363 4216 1499 4283 Quia
1536 4214 1765 4267 multum
1803 4209 2055 4264 amentiae
2098 4205 2311 4261 stolidi-

740 4324 970 4388 tatisque
1002 4316 1269 4372 continet,
1317 4310 1440 4381 plus
1493 4305 1812 4376 impietatis,
1860 4314 1917 4357 ut
1954 4315 2182 4370 magnus
2222 4298 2313 4351 ille

743 4412 969 4468 Basilius
1006 4392 1267 4477 loquitur.

2408 3211 2597 3279 σοφίας
2640 3208 2890 3276 ἰατρικῆς
2953 3207 3078 3267 τοὺς
3130 3201 3458 3270 ἀνθρώπους
3509 3198 3809 3267 ὲνέπὶησεν
3838 3212 3851 3226 ο
3883 3199 3977 3248 ὲν-

2406 3301 2737 3371 τεῦθεψγάρ
2765 3301 2860 3353 καὶ
2890 3297 3135 3365 κεφαλὴν
3166 3292 3577 3363 καθαιρομένην
3618 3291 3703 3360 ἴδῃ
3734 3306 3843 3349 τις,
3879 3288 3976 3339 καὶ

2408 3392 2557 3461 πάθη
2594 3390 2731 3444 ἄλλα
2774 3387 2896 3441 τινά
2946 3384 3241 3453 θεραπείας
3299 3381 3598 3448 ἀξιούμενα
3658 3378 3978 3447 φαρμάκων

2408 3482 2764 3551 κατ-αλλήλων
2805 3479 3142 3546 ἐπαγωγαῖς.
3185 3475 3279 3543 Μὴ
3334 3470 3427 3525 οὖν
3464 3468 3813 3540 συναρπάζου
3866 3470 3980 3529 τοῖς

2407 3576 2588 3645 λόγοις
2640 3572 2842 3634 αὐτῶν,
2876 3571 2958 3622 ὅτι
2992 3569 3126 3638 μηδὲ
3158 3566 3281 3621 καθ’
3318 3563 3683 3635 εἱμαρμένην,
3717 3562 3794 3622 ὡς
3821 3560 3979 3628 εἰρη-

2409 3687 2520 3732 ται,
2552 3667 2620 3719 τὰ
2652 3665 2800 3732 πάθη
2855 3666 2969 3723 τοῖς
3006 3659 3317 3729 ἀνθρώποις
3372 3656 3759 3727 ἐμπίπτουσιν.
3812 3650 3879 3702 Τί
3922 3648 3983 3700 δὲ

2411 3760 2472 3812 τὸ
2499 3757 2598 3825 τῆς
2627 3753 2968 3825 εἱμαρμένης
2998 3751 3115 3801 ἐστὶ
3153 3733 3556 3818 σημαινόμενον
3586 3762 3600 3807 ;
3637 3744 3723 3802 '0;
3773 3742 3983 3793 ἐκεῖνοι

2412 3852 2598 3920 φασιν,
2632 3850 2663 3917 η
2702 3846 2807 3900 ἀπὸ
2864 3845 2961 3911 τῆς
2998 3841 3122 3894 καθ’
3155 3840 3349 3910 εἱρμὸν
3415 3836 3524 3891 τῶν
3577 3833 3846 3905 οὐρανίων
3882 3847 3987 3884 σω-

2417 3942 2606 4010 μάτων
2646 3939 2911 4005 κινήσεως
2939 3933 3293 4002 ἀπαράβατος
3351 3929 3603 3990 ἔκϐασις,
3660 3927 3727 3996 ἣν
3761 3926 3826 3996 δὴ
3888 3926 3988 3976 καὶ

2416 4034 2633 4088 πάντων
2662 4032 2690 4083 6
2713 4030 2821 4082 τῶν
2855 4026 3026 4094 ἁγίων
3072 4025 3234 4094 χορὸς
3269 4022 3460 4090 πόῤῥω
3511 4037 3614 4073 που
3650 4022 3835 4089 ῥίπτει
3891 4019 3990 4070 καὶ

2415 4126 2827 4194 ἀποπέμπεται.
2855 4120 3011 4179 Τίνος
3045 4118 3265 4179 ἕνεκενς
3299 4115 3421 4167 Ὅτι
3450 4113 3584 4165 πολὺ
3611 4112 3709 4181 μὲν
3728 4112 3790 4163 τὸ
3818 4111 3987 4177 ἀνόη-

2414 4234 2507 4270 τον
2546 4219 2837 4282 κέκτηται,
2876 4207 3283 4262 πολλαπλάσιον
3320 4205 3376 4258 δὲ
3407 4204 3467 4257 τὸ
3492 4202 3709 4265 ἀσεϐὲς,
3737 4201 3813 4264 ὦ,
3844 4203 3873 4254 6
3893 4203 3989 4271 μέ-

2417 4322 2515 4374 γας
2548 4301 2680 4372 φησὶ
2715 4299 3013 4359 Βασίλειος.

811 4513 1140 4569 Naturaliter
1171 4507 1410 4576 quidem,
1448 4518 1548 4557 ceu
1582 4501 1838 4561 diximus,
1890 4495 2176 4568 gubernari
2224 4507 2312 4548 re-

2380 4483 2393 4531 l
2489 4483 2737 4544 Φυσικῶς
2765 4480 2862 4551 μὲν
2898 4474 3013 4542 οὖν,
3040 4475 3115 4537 ὡς
3139 4472 3482 4544 προείρηται,
3530 4469 3625 4523 καὶ
3670 4467 3993 4521 διοικεῖσθαι

739 4613 899 4681 εἰιμιε
925 4617 1125 4674 corpus
1160 4609 1407 4653 nostrqu
1449 4596 1561 4663 ipse
1596 4607 1776 4645 rerum
1814 4590 2077 4643 Dominus
2111 4584 2311 4647 voluit;

741 4676 947 4769 absque
979 4710 1085 4765 quo
1114 4694 1274 4753 foret,
1307 4702 1408 4742 nec
1442 4700 1567 4739 aere
1599 4697 1735 4752 puro
1766 4697 1871 4735 nec
1918 4677 2106 4748 aequis
2137 4676 2310 4747 pellu-

740 4796 877 4850 eidis
913 4805 1015 4845 nec
1039 4787 1161 4841 loco
1200 4780 1404 4837 salubri
1440 4793 1539 4834 nee
1581 4774 1813 4844 sumptis
1858 4788 1953 4841 per
1982 4772 2131 4824 vices
2160 4783 2315 4823 escu-

743 4885 903 4940 lentis
933 4896 995 4936 ac
1027 4873 1337 4949 poculentis
1388 4870 1500 4923 vita
1553 4876 1741 4922 nostra
1798 4865 2083 4933 indigeret.
2122 4860 2310 4913 Enim-

742 4993 893 5042 vero,
925 4978 1090 5029 ebare
1145 4967 1243 5032 ﬁli,
1288 4964 1369 5019 lac
1396 4964 1633 5018 divinam
1684 4958 1816 5012 mihi
1862 4954 2183 5024 sapientiam
2227 4952 2314 5004 iii-

741 5039 951 5127 tueare,
980 5057 1250 5129 siquidem
1278 5050 1531 5106 nonnihil
1579 5048 1646 5101 dc
1691 5060 1870 5099 rerum
1912 5052 2103 5095 natura
2158 5039 2316 5093 nobis

736 5171 821 5216 cst
854 5148 1357 5212 commentandum.
1388 5142 1602 5199 Etenim
1631 5154 1697 5192 ne
1729 5137 1959 5191 maxime
1990 5132 2316 5204 principales

742 5247 1181 5311 necessarireque
1212 5236 1457 5308 corporis
1502 5231 1673 5285 nostri
1720 5238 1905 5297 partes
1934 5225 2218 5294 quibusvis
2248 5221 2317 5276 de

743 5340 924 5398 causis
943 5335 1287 5396 laederentur,
1320 5333 1483 5396 caput
1499 5335 1769 5387 nostrum,
1789 5319 1860 5373 uti
1886 5317 2028 5387 quod
2043 5316 2326 5370 cerebrum

745 5431 991 5488 continet
1009 5440 1117 5495 quo
1134 5424 1240 5477 vita
1264 5427 1445 5473 nostra
1480 5424 1586 5467 tota
1614 5412 1827 5472 nititur,
1846 5420 1959 5463 tum
1984 5406 2196 5476 eapdlis
2217 5416 2327 5459 tum

746 5524 966 5579 ossibus
1000 5529 1195 5589 praeter
1232 5513 1351 5567 illos
1372 5506 1564 5563 solidis
1591 5504 1849 5571 durisque
1877 5500 2132 5553 iuunixit.
2163 5500 2328 5551 (Iere-

749 5618 909 5672 brum
942 5614 1122 5682 ipsum
1156 5621 1351 5662 natura
1402 5614 1648 5658 tenerutu
1699 5597 1847 5661 fecit,
1882 5592 2324 5664 quandoquidem

1035 5784 1168 5838 Ἐπί
1234 5798 1293 5837 τε
1324 5820 1337 5833 .
1377 5822 1388 5833 .
1431 5818 1443 5832 .
1479 5817 1491 5830 .
1530 5815 1543 5829 .
1610 5773 1918 5838 λέγουσιν.
1993 5770 2068 5823 EX
2134 5769 2193 5822 Υ.

1234 5798 1293 5837 τε
1324 5820 1337 5833 .
1377 5822 1388 5833 .
1431 5818 1443 5832 .
1479 5817 1491 5830 .
1530 5815 1543 5829 .
1610 5773 1918 5842 λέγουσιν.

846 5788 958 5857 (-22)

2419 4580 2479 4631 τὸ
2506 4578 2774 4647 ἡμέτερον
2818 4572 2977 4639 σῶμα
3036 4568 3128 4620 καὶ
3165 4564 3514 4632 διεξάγεσθαι
3572 4560 3993 4630 συγκεχώρηται

2421 4671 2639 4731 πάντως
2670 4666 2801 4735 παρ’
2833 4662 2997 4718 αὑτοῦ
3029 4660 3122 4713 τοῦ
3159 4658 3430 4712 Δεσπότου
3492 4658 3591 4725 τῆς
3629 4654 3870 4721 φύσεως.
3931 4650 3991 4702 ΕΞ

2426 4762 2501 4833 μὴ
2525 4766 2632 4831 γὰρ
2669 4757 2828 4810 τοῦτο
2866 4752 2955 4824 ἦν,
2990 4755 3090 4806 οὐκ
3119 4752 3186 4805 ἂν
3214 4752 3247 4819 ἡ
3280 4750 3378 4819 τῆς
3404 4747 3552 4815 ζωῆς
3595 4744 3755 4815 ἡμῶν
3789 4742 3992 4795 coam-

2426 4832 2509 4915 σις
2550 4854 2646 4905 καὶ
2684 4852 2847 4919 ἀέρος
2872 4846 3074 4917 ἔχρῃζε
3109 4840 3358 4912 καθαροῦ
3398 4840 3495 4891 καὶ
3537 4836 3747 4890 ὑδάτων
3777 4832 3993 4885 διειδῶιι

2421 4948 2588 5001 τόπου
2630 4961 2689 4997 τε
2715 4939 2956 5010 ὑγιεινοῦ
3020 4937 3113 4989 καὶ
3147 4932 3504 5003 καταλλήλων
3533 4929 3796 4988 ὡσαύτως
3855 4925 3997 4993 βρω-

2423 5036 2533 5089 τῶν
2568 5036 2662 5086 καὶ
2728 5031 2928 5084 ποτῶν.
2973 5026 3113 5080 Ἀλλ’
3148 5027 3250 5095 ὅρα
3284 5023 3383 5091 τὴν
3421 5019 3516 5075 τοῦ
3574 5018 3712 5072 Θεοῦ
3776 5016 3991 5082 cro-glow,

2424 5128 2699 5199 άγαπητὲ,
2736 5126 2789 5176 εἴ
2811 5141 2874 5191 γε
2926 5123 3019 5174 καὶ
3079 5119 3435 5187 φυσιολογίας
3488 5113 3684 5184 μικρὸν
3725 5108 3992 5179 ἅψασθαι.

2428 5225 2543 5277 Ἵνα
2574 5223 2682 5290 γὰρ
2726 5218 2799 5289 μὴ
2859 5218 2929 5269 τὰ
2999 5210 3342 5283 καιριώτατα
3389 5208 3484 5260 τοῦ
3547 5207 3799 5275 σώματος
3838 5202 3996 5271 ἡμῶν

2429 5319 2593 5385 μόρια
2648 5311 2742 5365 καὶ
2798 5312 2919 5371 ταῖς
2989 5305 3286 5375 τυχούσαις
3348 5300 3650 5371 προφάσεσι
3726 5294 3995 5347 καταὸλάσ

2429 5423 2696 5468 πτωνται,
2739 5399 3121 5469 πολυτρόπως,
3160 5398 3234 5459 ὼς
3268 5393 3629 5465 προείπομεν,
3666 5388 3759 5441 καὶ
3789 5387 3998 5439 πολυει-

2424 5500 2526 5560 δῶς
2568 5496 2927 5567 ἠσφαλίσατο.
2974 5491 3181 5545 Αὐτίκα
3216 5490 3324 5557 γὰρ
3368 5488 3465 5556 τὴν
3522 5484 3766 5552 κεφαλὴν
3814 5479 3994 5549 ἡμῶν,

2427 5593 2522 5644 ὅτε
2565 5589 2627 5658 δὴ
2663 5589 2751 5641 τον
2785 5581 3090 5653 ἐγκέφαλον
3118 5579 3281 5633 αὑτὸν
3338 5578 3701 5648 περιέχουσαν
3742 5573 3801 5625 ὲν
3843 5563 3887 5638 ᾧ
3928 5566 3995 5621 τὰ

2255 5775 2311 5821 et
2367 5766 2423 5819 ιυ.
