4204 6450
230 388 339 452 2‘29

1464 375 1865 438 ANNALIUM
1909 375 1993 434 PA
2008 378 2099 438 RS
2143 379 2187 440 Ι.

3351 368 3455 429 2ἓο

228 504 329 572 τῆς
377 500 524 570 ζωῆς
566 497 725 568 ἡμῶν
759 493 1164 568 περιείληπται,
1215 491 1309 546 καὶ
1342 490 1487 562 θριξὶ
1545 488 1795 558 κατῶχύ-
1825 502 1870 559 Α

1825 490 2114 559 Αευιιςῑῑε
2168 489 2416 547 sensibus
2491 503 2620 545 suos
2681 487 2836 558 quasi
2896 486 3074 541 fontes
3133 485 3459 553 suppeditat.

230 606 373 659 ρωσε
410 590 507 642 καὶ
548 588 757 648 ὀστέοις
809 584 917 656 πρὸ
974 583 1179 638 τούτων
1225 582 1497 653 στερροῖς.
1560 578 1793 632 ’Δπαλδν

229 681 287 733 δὲ
315 682 348 749 ἡ
385 678 550 746 φύσις
578 676 765 730 τοῦτον
805 674 1089 748 ὲποίησεν,
1132 671 1322 741 ἐπειδὴ
1338 672 1459 732 ταῖς
1504 668 1792 738 αἰσθήσεσι

232 773 436 833 πάσαις
467 770 629 831 αὐτὸς
675 768 905 837 χορηγεῖ
964 765 1067 827 τάς
1114 764 1323 831 πηγάς.
1353 762 1472 814 Ἰνα
1503 759 1560 812 δὲ
1618 757 1694 828 μὴ
1727 759 1794 826 τῇ

235 860 560 931 στερρότητι
624 857 734 911 τῶν
785 856 962 910 ὀστῶν
1039 852 1459 923 συντριϐόμενος
1511 850 1640 918 περὶ
1698 850 1797 914 τὴν

234 953 447 1004 οίκείαν
500 949 809 1020 βλάπτηται
873 948 1060 1015 φύσιν,
1108 944 1312 1005 ἁπαλὸς
1354 944 1447 994 καὶ
1495 942 1622 1010 γὰρ,
1676 937 1800 991 δυσὶ

239 1039 494 1109 μήνιγξιν
529 1039 693 1093 αὑτὸν
736 1037 1052 1106 περιέλαϐε,
1091 1036 1187 1089 καὶ
1208 1033 1431 1092 ταύταις
1470 1032 1569 1099 οὐχ
1589 1028 1795 1090 ἁπλῶς,

238 1132 355 1184 ἀλλ’
379 1130 563 1201 ἁπαλῇ
608 1131 707 1200 μὲν
729 1128 864 1199 οὑσῃ
889 1131 954 1198 τῇ
986 1122 1189 1181 ἔσωθεν
1216 1125 1305 1178 διά
1345 1141 1407 1192 γε
1443 1122 1543 1192 τὴν
1574 1120 1668 1173 τοῦ
1710 1122 1803 1187 ἐγ-

236 1223 477 1291 κεφάλου
531 1221 863 1285 ἀνάπαυσιν,
893 1217 1230 1290 στερροτέρᾳ
1283 1216 1341 1267 δὲ
1380 1215 1543 1268 πάλιν
1564 1216 1630 1282 τῇ
1665 1210 1799 1274 ἔξω·

240 1314 354 1377 θεν,
414 1312 488 1374 ὡς
517 1311 771 1365 ἐντεῦθεν
818 1311 988 1380 ἄμφω
1037 1305 1446 1376 φυλάττεσθαι·
1509 1301 1650 1355 οὓτω
1706 1299 1803 1370 μὲν

239 1403 335 1460 οὖν
359 1388 454 1457 καὶ
479 1404 573 1456 ἐπὶ
596 1404 697 1473 τῆς
753 1402 988 1473 καρδίας
1042 1399 1293 1469 εποίησε,
1351 1396 1495 1450 καθὰ
1533 1394 1598 1464 δὴ
1650 1393 1746 1448 καὶ
1775 1393 1803 1445 6

241 1496 646 1568 χρυσορρήμων
691 1495 946 1564 Ἰωάννης
1000 1494 1190 1561 φησὶν,
1254 1491 1463 1550 ὀστέοις
1517 1487 1615 1555 μὲν
1645 1500 1803 1554 περιο

242 1586 555 1649 κυκλώσας,
630 1586 901 1655 παραθεὶς
962 1584 1019 1637 δὲ
1097 1584 1234 1652 αὐτῇ
1298 1578 1553 1649 καθάπερ
1599 1575 1807 1629 ἁπαλὸν

246 1678 477 1746 στρῶμα
514 1677 606 1729 τὸν
642 1678 945 1746 πνεύμονα,
994 1674 1083 1728 ἵνα
1128 1673 1202 1743 μὴ
1238 1674 1303 1743 τῇ
1337 1668 1651 1739 ἀεικινησίᾳ
1712 1668 1806 1720 καὶ

247 1766 388 1835 αὕτη
416 1769 531 1827 τοῖς
580 1765 791 1827 ὀστέοις
854 1764 1228 1833 συντρίϐηται.
1280 1760 1441 1815 Ἀλλά
1478 1756 1807 1826 πολλαχόθεν

1908 580 2138 634 Rursum
2176 596 2244 637 ne
2277 590 2384 636 tam
2419 590 2604 636 tenera
2640 578 2946 635 substantia
2987 586 3207 646 propter
3253 576 3460 629 ossium

1908 670 2165 726 duritiem
2194 666 2379 727 collisa
2406 672 2552 728 velut
2578 680 2905 726 attereretur
2963 684 3027 722 ac
3075 668 3465 723 detrimentmn

1903 772 2144 832 caperet,
2180 765 2391 818 duabus
2441 779 2561 819 eam
2615 763 2947 819 membranis
2986 760 3140 829 115
3185 769 3266 814 est
3320 774 3470 813 com-

1904 854 2083 922 plexa,
2111 853 2282 921 iisque
2309 869 2414 907 non
2450 855 2611 908 unius
2635 854 2875 924 generis,
2929 853 3021 907 sed
3054 852 3315 905 interiore
3344 853 3469 919 qui—

1906 942 2029 997 dem
2094 943 2239 996 molli
2297 944 2365 998 ob
2419 944 2625 997 cerebri
2682 945 2955 1011 quiet-em,
3024 946 3291 996 exteriore
3342 956 3475 996 vero

1907 1031 2175 1094 solidiori,
2207 1049 2313 1101 quo
2344 1049 2441 1102 per
2472 1034 2617 1086 illam
2647 1034 2932 1101 utriusque
2967 1034 3126 1087 saluti
3156 1035 3472 1087 consulere-

1910 1135 2021 1176 tur.
2056 1123 2202 1176 Idem
2253 1125 2306 1177 in
2339 1125 2503 1178 corde
2552 1124 2781 1187 factum,
2831 1125 3041 1177 Joanne
3086 1124 3474 1193 Chrysouwm

1910 1221 2067 1275 teste,
2094 1212 2234 1280 quod
2262 1212 2475 1265 ossibus
2490 1212 2707 1280 quidem
2728 1212 2896 1264 cinxit
2927 1210 3067 1264 Deus
3093 1226 3107 1273 ;
3138 1210 3230 1262 sed
3273 1208 3475 1261 nihilo-

1911 1303 2094 1356 minus
2154 1302 2367 1367 citlem,
2420 1303 2574 1371 quasi
2629 1311 2869 1356 teneram
2919 1301 3207 1370 quamdam
3269 1309 3474 1352 vestem

1911 1392 2227 1462 Stragulam,
2255 1392 2561 1461 pulmonem
2592 1393 2858 1461 adjunxit,
2889 1406 2955 1444 ne
2980 1401 3035 1444 et
3061 1393 3235 1459 ipsum
3270 1390 3332 1442 ad
3356 1404 3477 1444 ossa

1913 1491 2137 1550 propter
2206 1482 2625 1550 perpetuitatem
2683 1490 2861 1535 motus
2921 1481 3259 1534 alliderctnr.
3336 1478 3479 1543 Quill

1918 1572 2051 1625 illud
2082 1573 2267 1638 etiam,
2310 1572 2454 1641 quod
2504 1588 2612 1635 non
2648 1573 2970 1625 continuum
3015 1581 3067 1626 et
3111 1588 3276 1625 unum
3306 1571 3375 1624 sit
3417 1588 3480 1623 us

1916 1677 2022 1730 quo
2060 1663 2344 1717 cerebrum
2376 1664 2595 1733 tegitur,
2650 1664 2743 1717 sed
2774 1664 2937 1717 omni.
2975 1680 3039 1717 ex
3084 1677 3233 1732 parte
3253 1667 3481 1717 “suturas

1917 1753 2137 1819 habeat,
2176 1770 2336 1823 quam
2371 1756 2629 1824 praeclare
2660 1757 2967 1810 consultum
3016 1756 3235 1809 sanitati
3283 1768 3481 1809 nostra:

250 1858 396 1928 ἔχειν
431 1859 609 1929 ῥαφὰς
642 1857 842 1924 πολλῆς
888 1855 1191 1923 ἀσφαλείας
1241 1851 1501 1912 ὑπόθεσις
1526 1866 1541 1880 ο
1590 1845 1811 1915 ὲξατμί-
1838 1836 1887 1895 Β

1838 1836 2004 1909 Bsit,
2043 1857 2363 1916 argumento
2418 1856 2523 1904 est.
2580 1847 2714 1902 Nam
2770 1864 2867 1918 per
2917 1863 3012 1903 eas
3058 1864 3287 1917 vapores
3349 1863 3480 1903 suos

170 1974 193 1991 ς
250 1946 540 2014 ζεταιγάρ
599 1944 805 1996 ὲκείθεν
865 1942 1050 2008 αὑτὸς,
1102 1939 1243 1992 ὥστε
1276 1938 1353 2009 μὴ
1410 1934 1811 2006 συμπνίγεσθαι

251 2036 355 2088 ὑπὸ
386 2033 494 2103 τῶν
537 2031 961 2101 ἀναφερομένων
1017 2029 1229 2099 ἀτμῶν.
1288 2026 1479 2097 Πληγή
1539 2041 1599 2078 τε
1647 2024 1699 2075 εῐ
1729 2039 1813 2083 τις

250 2124 573 2194 ἐπενεχθείη
618 2125 769 2188 ποτὲ,
824 2122 925 2191 οὐχ
964 2117 1273 2190 ὁλοσχερῶς
1302 2120 1336 2187 ἡ
1369 2116 1543 2187 βλάϐη
1583 2116 1811 2184 γίνεται·

248 2219 303 2271 εί
327 2219 424 2284 μὲν
445 2219 551 2284 γὰρ
585 2214 642 2268 ἓν
676 2216 770 2268 καὶ
805 2211 1031 2281 συνεχὲς
1083 2208 1152 2281 ῆν
1198 2210 1260 2263 τὸ
1310 2207 1525 2270 ὀστοῦν,
1568 2206 1662 2260 καὶ
1718 2205 1816 2274 μία

254 2308 643 2374 κατενεχθεῖσα
670 2304 855 2375 πληγὴ
884 2303 945 2358 τὸ
997 2304 1107 2356 πᾶν
1137 2300 1467 2369 ἐλυμήνατο,
1510 2298 1589 2360 είς
1646 2296 1817 2350 πολλὰ

251 2397 453 2449 (St-vovi
490 2396 879 2467 διαιρουμένου
920 2391 1181 2462 γενέσθαι
1214 2391 1374 2446 τοῦτο
1407 2390 1646 2451 πάντως.
1672 2388 1817 2455 ἀμή-

253 2507 435 2559 χανον.
483 2489 676 2557 Είγὰρ
728 2489 824 2541 καὶ
871 2485 1118 2555 συμϐαίη
1169 2484 1445 2554 τρωθῆναι
1508 2481 1671 2550 μέρος
1737 2477 1814 2542 ἓν,

255 2583 472 2651 ἀνάγκη
508 2582 663 2633 πᾶσα
715 2578 775 2632 τὸ
824 2577 950 2631 κατ’
1015 2579 1192 2629 έκεῖνο
1246 2576 1307 2628 τὸ
1363 2574 1524 2643 μέρος
1571 2572 1820 2639 κείμενον

257 2672 455 2728 ὀστοῦν
490 2670 1005 2743 παραδλάπτεσθαι,
1038 2666 1205 2738 ἀσινῆ
1244 2668 1300 2721 δὲ
1334 2668 1400 2721 τά
1428 2666 1589 2719 λοιπά
1643 2665 1822 2717 πάντα

255 2762 732 2833 διαφυλάττεσθαι,
762 2760 854 2815 τοῦ
896 2759 1153 2831 συνεχοῦς
1216 2759 1317 2827 τῆς
1356 2756 1573 2827 πληγῆς
1643 2756 1823 2808 διακοε-

264 2855 541 2925 πτομένου
570 2858 636 2924 τῇ
667 2855 774 2908 τῶν
807 2854 980 2907 ὀστῶν
1018 2853 1305 2922 διαιρέσει.
1346 2850 1480 2919 Περὶ
1503 2849 1560 2900 δὲ
1588 2848 1695 2900 τῶν
1724 2847 1823 2918 τῆς

258 2947 505 3016 κεφαλῆς
538 2946 969 3015 περιττωμάτων
1037 2945 1090 2998 τί
1124 2945 1230 3015 χρὴ
1265 2944 1359 2998 καὶ
1400 2941 1599 3008 λέγειν,
1654 2940 1709 2992 εἴ
1757 2955 1824 3007 γε

177 3030 185 3035 ’
260 3036 358 3098 τὰς
380 3037 657 3106 ἐκκρίσεις
695 3035 896 3100 αὑτῶν,
931 3034 1005 3098 ὡς
1059 3035 1217 3104 ὁρᾷς,
1268 3035 1303 3103 ἡ
1336 3031 1605 3101 όσφρησις
1665 3030 1828 3082 πεπί-

264 3144 531 3191 στευται;
586 3125 802 3195 Ἐπειδὴ
866 3125 974 3196 γάρ
1028 3127 1154 3187 τοὺς
1183 3125 1428 3179 κάτωθεν
1504 3126 1826 3192 ἀναπεμπο-

262 3216 457 3285 μένους
480 3215 685 3281 ἀτμοὺς
714 3212 790 3274 ὡς
829 3213 1201 3282 ὑπερκειμένη
1236 3211 1375 3280 αὕτη
1429 3211 1523 3264 τοῦ
1567 3212 1819 3279 σώματος

260 3305 623 3375 ὑποδέχεσθαι
664 3303 881 3367 είωθεν,
935 3304 1054 3373 ἠδὲ
1082 3302 1290 3356 τούτων
1338 3302 1649 3371 πλημμύρα
1700 3307 1825 3353 πολ-

256 3394 359 3465 λὴν
390 3393 458 3448 ἂν
484 3393 778 3465 εἰργάσατο
810 3392 885 3463 τῷ
913 3393 1199 3463 ἐγκεφάλῳ
1236 3391 1335 3463 τὴν
1350 3390 1551 3460 λώϐην,
1571 3390 1690 3443 οὐδὲ
1707 3390 1827 3442 τού-

258 3503 357 3540 του
417 3486 796 3556 κατημέλησεν
829 3486 857 3538 6
900 3486 1009 3538 τῶν
1071 3485 1325 3539 ἁπάντων
1379 3482 1632 3553 ποιητὴς,
1687 3482 1826 3534 ἀλλὰ

247 3578 467 3647 ’πόρους
499 3577 652 3639 τινὰς
682 3578 740 3629 ὲν
765 3578 879 3639 τοῖς
916 3576 1128 3638 ὀστέοις
1179 3576 1555 3645 ἐργασάμενος
1587 3574 1655 3627 τὰ
1683 3572 1827 3643 ὑγρά

258 3668 357 3719 καὶ
395 3668 573 3737 παχέα
619 3666 728 3719 τῶν
769 3667 1204 3736 περιττωμάτων
1261 3666 1358 3718 ἐπὶ
1421 3666 1521 3736 τὴν
1568 3664 1825 3736 ὑπερῴαν

260 3754 359 3807 καὶ
389 3754 515 3815 τοὺς
547 3754 833 3824 μυκτῆρας
861 3753 1169 3827 ὡδήγησεμ
1200 3755 1295 3807 καὶ
1330 3752 1424 3806 δύο
1477 3752 1692 3816 τούτοις
1740 3755 1829 3805 ὲκ-

263 3844 504 3913 κρίσεων
536 3846 798 3915 ἀπένειμε
842 3846 1031 3916 μόρια,
1064 3844 1153 3899 ἵνα
1185 3845 1468 3914 συντόμως
1531 3844 1593 3897 τὸ
1632 3842 1828 3914 βλαϐε-

266 3936 363 4007 ρὸν
394 3936 720 4006 ὲκφορῆται.
756 3936 829 3989 Τὸ
854 3936 913 3990 δέ
956 3952 1020 4005 γε
1080 3936 1329 4007 ἀτμῶδες
1370 3936 1695 4005 περίττωμα
1737 3936 1828 3990 διὰ

259 4028 372 4080 τῶν
417 4028 510 4080 τοῦ
578 4027 805 4096 κρανίου
845 4028 1034 4098 ραφῶν
1100 4026 1307 4081 ἄνωθεν
1386 4025 1689 4091 ἐξωθεῖται.
1734 4028 1826 4097 Μὴ

263 4117 519 4189 θαύμαζε
558 4121 612 4172 ετ
650 4136 714 4186 γε
766 4118 974 4189 ψυχρός
1028 4122 1178 4173 ἔστιν
1225 4122 1254 4173 ὀ
1289 4119 1589 4189 ἐγκέφαλος
1641 4118 1827 4188 φύσει,

261 4213 361 4266 καὶ
391 4212 477 4265 ὄτι
530 4212 758 4282 μείζονα
784 4213 978 4267 τοῦτον
1032 4214 1061 4266 ὀ
1117 4213 1409 4283 ἄνθρωπος
1467 4212 1501 4282 ἢ
1546 4212 1617 4266 τά
1667 4212 1831 4266 λοιπά

263 4303 384 4368 ζῶα
418 4304 707 4372 κέκτηται.
749 4303 862 4376 Τὴν
890 4306 1000 4376 γὰρ
1058 4308 1116 4359 έν
1167 4309 1234 4377 τῇ
1269 4306 1469 4377 καρδίᾳ
1521 4304 1831 4378 θερμότητα

262 4410 327 4446 τε
364 4394 459 4446 καὶ¹
485 4393 636 4457 ζέσιν
693 4396 891 4466 χωρεῖν
937 4396 1030 4447 ἐπὶ
1076 4395 1139 4448 τὸ
1191 4393 1460 4465 εὑκρατον
1501 4395 1749 4447 ἐντεῦθεν
1803 4396 1832 4447 ὀ

1916 1936 2154 2001 emittit,
2220 1951 2289 1990 ne
2366 1952 2463 2006 per
2537 1936 2737 1991 halitus
2806 1954 3025 1992 sursum
3088 1944 3485 1993 contendentes

1918 2026 2251 2091 sut‘locetur;
2283 2038 2338 2081 et
2369 2028 2564 2083 eadem
2594 2030 2805 2082 ratione
2837 2031 3218 2098 consequimur
3249 2042 3304 2084 ut
3339 2032 3483 2085 illata

1917 2113 2061 2169 forte
2091 2119 2319 2171 cerebro
2358 2120 2510 2188 plaga
2548 2135 2654 2172 non
2684 2128 2853 2175 totum
2896 2122 3074 2176 laedat.
3102 2123 3312 2192 Quippe
3347 2126 3390 2177 si
3421 2139 3484 2178 os

1920 2206 2237 2261 continuum
2276 2218 2332 2261 et
2364 2225 2530 2261 unum
2565 2209 2726 2275 foret,
2779 2212 2847 2265 ab
2883 2227 2993 2265 uno
3038 2213 3261 2267 vulnere
3311 2224 3485 2269 totum

1918 2294 2232 2353 lmderctur.
2266 2296 2423 2353 Nunc
2458 2315 2577 2353 cum
2629 2301 2681 2354 in
2737 2317 2860 2355 ossa
2916 2304 3070 2372 plura
3124 2304 3359 2359 divisum
3392 2307 3483 2368 sit,

1922 2383 2038 2438 ﬁeri
2094 2386 2200 2441 hoc
2242 2388 2467 2441 omnino
2530 2389 2737 2459 nequit.
2792 2390 2925 2444 Nam
2979 2394 3023 2447 si
3079 2394 3313 2447 maxime
3362 2410 3486 2463 pars

1923 2492 2030 2530 una
2072 2479 2408 2545 vulneretur,
2464 2496 2688 2535 necesse
2741 2492 2828 2536 est
2887 2483 3016 2538 illud
3065 2500 3127 2538 os
3177 2485 3293 2539 lardi
3343 2486 3488 2554 quod

1924 2566 2011 2619 illa
2044 2578 2126 2621 est
2155 2569 2208 2621 in
2235 2578 2387 2637 parte
2421 2571 2608 2638 situm,
2632 2587 2754 2626 cum
2787 2573 2953 2627 illaesa
2983 2584 3173 2629 caetera
3210 2587 3487 2641 maneant,

1924 2661 2169 2715 vulneris
2221 2661 2584 2717 continuitate
2606 2679 2701 2732 per
2729 2666 2935 2719 ossium
2962 2665 3280 2719 divisionem
3327 2669 3491 2722 inter-

1926 2759 2103 2817 rupta.
2134 2750 2273 2815 Quid
2305 2752 2372 2806 de
2404 2753 2600 2822 capitis
2629 2757 2994 2811 excrementis
3015 2758 3230 2812 dicam?
3262 2773 3488 2828 quorum

1932 2841 2197 2909 egestioni
2217 2856 2377 2895 nares
2396 2852 2543 2908 sunt,
2564 2846 2639 2896 uti
2666 2844 2841 2907 vides,
2867 2846 3175 2904 destinatae.
3193 2849 3325 2903 Cum
3344 2850 3489 2905 enim

1928 2939 2090 2999 caput
2112 2938 2365 3000 tanquam
2399 2947 2717 3003 supremum
2751 2936 2805 2989 in
2835 2951 3063 3005 corpore
3100 2938 3274 2992 locum
3302 2956 3494 2995 conse-

1927 3033 2114 3075 cutum
2135 3036 2363 3092 vapores
2378 3025 2633 3079 deorsum
2655 3029 3013 3082 ascendentes
3029 3030 3281 3098 excipere
3300 3031 3489 3098 soleat,

1930 3128 2162 3182 quorum
2196 3114 2558 3169 redundantia
2586 3115 2813 3172 cerebro
2847 3119 3139 3188 plurimum
3175 3119 3492 3178 detrimenti

1927 3207 2157 3261 allatura
2192 3219 2328 3275 erat,
2358 3224 2429 3264 ne
2464 3209 2514 3264 id
2548 3211 2767 3280 quidem
2800 3212 2981 3278 Opifex
3012 3214 3102 3268 ille
3126 3230 3305 3268 rerum
3326 3218 3495 3286 negli-

1924 3312 2054 3366 gere
2075 3298 2261 3365 voluit,
2295 3298 2388 3353 sed
2424 3300 2747 3368 quibusdam
2770 3304 3040 3357 meatibus
3057 3303 3264 3358 ell'ectis
3286 3306 3336 3358 in
3362 3308 3494 3375 ipsis

1924 3392 2143 3446 ossibus
2159 3402 2504 3447 excrementa
2527 3392 2746 3447 humida
2777 3402 2832 3447 et
2853 3409 3035 3448 crassa
3079 3395 3135 3448 in
3177 3396 3411 3465 palatum
3430 3412 3494 3452 ac

1926 3498 2088 3537 nares
2130 3483 2377 3546 deduxit,
2413 3499 2549 3552 quas
2588 3485 2731 3551 ipsas
2778 3502 2993 3555 quoque
3038 3487 3171 3542 duas
3200 3489 3256 3541 in
3310 3501 3493 3558 partes

1926 3574 2133 3639 divisit,
2152 3575 2348 3644 quibus
2360 3575 2600 3631 excretio
2618 3576 2727 3640 ﬁat,
2744 3579 3219 3648 utcompendiaria
3240 3581 3391 3649 quasi
3408 3582 3493 3639 via

1926 3666 2273 3736 breviterque
2295 3670 2455 3723 noxia
2482 3678 2776 3740 egerantur
2806 3679 2862 3725 et
2892 3682 3237 3726 excrementa
3274 3688 3493 3730 sursum

1929 3759 2237 3813 exhalantia
2272 3774 2368 3829 per
2402 3760 2572 3815 cranii
2604 3771 2823 3815 suturas
2874 3777 3090 3816 sursum
3124 3764 3493 3833 expelluntur.

1927 3846 2115 3917 Neque
2155 3849 2367 3903 cerebri
2419 3859 2666 3904 naturam
2713 3865 2835 3906 esse
2886 3851 3134 3923 frigidam
3174 3853 3499 3925 miraberis,

1929 3951 2035 3991 nec
2071 3937 2217 4006 quod
2271 3938 2328 3992 in
2361 3939 2584 4005 bomjne
2635 3941 2919 3995 cerebrum
2961 3942 3032 3995 sit
3069 3943 3301 4011 amplius
3332 3959 3498 4012 quam

1930 4028 1986 4082 in
2019 4028 2349 4084 animalibus
2380 4031 2617 4086 caeteris.
2650 4032 2785 4085 Nam
2827 4033 2953 4086 hinc
2988 4033 3153 4086 tradit
3179 4035 3499 4089 Aristoteles

1930 4119 2168 4173 calorem
2196 4119 2681 4187 ebullitionemque
2712 4121 2891 4175 cordis
2939 4124 3378 4190 temperatiorem
3423 4124 3502 4177 ef-

1933 4209 2043 4276 ﬁci,
2071 4218 2125 4265 et
2172 4210 2350 4281 ipsum
2402 4211 2688 4266 cerebrum
2728 4222 2953 4281 propter
2996 4215 3235 4268 calorem
3282 4231 3497 4270 sursum

1937 4302 2256 4358 tendentem
2310 4317 2422 4358 non
2474 4302 2708 4357 nimium
2748 4302 3133 4360 ed‘erveseere.
3185 4304 3338 4371 Quod
3369 4322 3502 4360 sane

1936 4395 1981 4451 si
2015 4394 2190 4460 fleret,
2219 4409 2328 4449 non
2365 4409 2557 4465 parum
2588 4393 2907 4450 ell‘ectiones
2937 4397 3055 4465 ejus
3087 4397 3501 4465 impedirentur.

274 4485 661 4557 Ἀριστοτέλης
705 4488 892 4556 φησὶν,
955 4485 1120 4540 αὑτὸν
1152 4484 1209 4538 δὲ
1267 4482 1333 4540 αὖ
1368 4486 1458 4540 τὸν
1530 4486 1831 4555 ἐγκέφαλον
1861 4501 1907 4567 ο

1861 4501 1907 4567 ο
1938 4485 2116 4556 Atque
2142 4485 2247 4541 hoc
2282 4486 2402 4540 loco
2425 4494 2664 4539 mentem
2692 4485 2827 4539 mihi
2861 4486 3020 4540 velim
3052 4488 3332 4543 adhibeas.
3364 4490 3501 4554 Quia

266 4577 350 4648 μὴ
380 4575 926 4648 ὑπερθερμαίνεσθαι
956 4579 1021 4647 τῇ
1062 4578 1455 4648 ἀναφερομένη
1507 4576 1824 4649 θερμότητι.

262 4670 415 4738 Ὅρα
447 4670 502 4722 δὲ
528 4669 795 4739 νουνεχῶς
823 4684 839 4700 ο
877 4670 1066 4739 ἐπειδὴ
1104 4670 1213 4740 γάρ
1243 4671 1520 4739 ἡτοιαύτη
1556 4670 1832 4739 θερμότης

266 4758 475 4831 μείζων
506 4759 641 4823 tati,
673 4759 874 4829 μείζων
920 4760 1026 4829 ἄρα
1075 4761 1169 4813 καὶ
1206 4762 1239 4830 ἡ
1266 4742 1338 4826 ιε’
1376 4760 1696 4827 έγκεφάλουυ
1731 4761 1833 4828 ψυ-

262 4850 473 4922 χρότης
511 4867 570 4903 τε
625 4851 759 4919 ὀμού
802 4854 892 4904 καὶ
940 4852 1173 4921 ὑγρότης
1209 4851 1536 4918 ἀντίκειται,
1565 4846 1633 4921 ἧς
1668 4852 1831 4920 ὑγρό-

260 4960 432 5012 τητος
456 4942 619 4995 ἕνεκα
651 4942 748 4995 καὶ
786 4942 1080 5011 ὀψιαίτατα
1130 4943 1407 5012 πήγνυται
1464 4943 1527 4995 τὸ
1553 4947 1683 5013 περὶ
1729 4946 1829 5011 τὴν

262 5034 514 5106 κεφαλὴν
538 5035 753 5101 ὀστοῦν,
782 5035 812 5089 θ
866 5036 931 5105 δή
981 5036 1077 5088 καὶ⁵
1139 5035 1354 5105 βρέγμα
1393 5033 1619 5088 καλοῦσί
1659 5052 1825 5097 τινες.

261 5126 432 5179 Ἀλλὰ
460 5126 555 5180 καὶ
587 5127 767 5197 ῥαφάς
797 5127 1020 5190 πλείους
1050 5126 1078 5179 ὀ
1104 5126 1706 5203 ἄνθρωποςκέκτηται,
1738 5127 1830 5180 καὶ

266 5216 477 5285 μᾶλλον
508 5217 535 5269 6
565 5217 725 5287 ἀνήρ.
759 5217 917 5279 Τίνος
949 5218 1135 5270 ἕνεκεν
1164 5233 1179 5282 ;
1239 5218 1363 5269 Ὀτι
1423 5218 1517 5269 καλ⁵
1565 5218 1767 5272 πλείων
1806 5222 1834 5273 ὀ

260 5307 573 5375 ἐγκέφαλος
628 5309 777 5377 αὐτῷ
815 5310 1133 5377 πρόσεστιν·
1168 5308 1255 5362 ἶνα
1318 5310 1449 5377 γοῦν
1517 5310 1756 5381 ἔμπνους
1805 5314 1833 5365 ὀ

262 5398 436 5460 τόπος
465 5394 523 5471 ᾖ,
558 5398 823 5451 πλειόνων
855 5400 884 5451 ὀ
915 5400 1054 5467 ἀνὴρ
1085 5397 1278 5467 ἐδεήθη
1327 5398 1538 5468 ῥαφῶν.
1573 5399 1683 5450 Καὶ
1740 5398 1835 5469 ξη-

263 5490 363 5559 ρδς
398 5488 546 5558 μὲνό
589 5487 830 5552 τοιοῦτος
862 5491 955 5541 καὶ
985 5490 1277 5560 ἁπέριττος
1324 5489 1399 5543 ὢν
1441 5491 1665 5545 συνετόν
1713 5508 1834 5545 τινα

262 5582 417 5633 ποιεί
442 5580 536 5631 καὶ
568 5581 853 5648 νηφάλιον,
889 5578 1163 5649 κάθυγρος
1193 5580 1250 5633 δὲ
1281 5579 1356 5634 ὢν
1380 5583 1635 5635 τάναντία
1666 5587 1829 5648 ποιεῖ,

260 5671 474 5741 νωθρὸν
500 5667 1089 5743 δηλονότικαὶὺπνώδη
1124 5676 1217 5725 καὶ
1248 5675 1512 5745 ῥᾴθυμον.
1546 5677 1836 5745 K3173965-

261 5774 416 5828 σχες,
437 5760 484 5811 εξ
512 5759 712 5828 βούλει,
734 5759 810 5830 τῷ
844 5758 1343 5830 σοφῳ⁹Ηρα›.λείτῳ
1361 5777 1376 5793 ο
1404 5752 1669 5834 ξηροτέρη
1694 5765 1834 5838 ψυχὴ

1939 4591 2170 4646 magnus
2213 4584 2296 4631 est
2340 4577 2525 4632 cordis
2558 4577 2729 4643 calor,
2790 4577 2993 4633 idcirco
3022 4582 3183 4634 etiam
3214 4582 3387 4651 major
3424 4583 3499 4636 illi

1938 4667 2209 4738 frigiditas
2258 4670 2466 4724 cerebri
2504 4678 2559 4723 et
2614 4670 2912 4725 humiditas
2967 4672 3295 4741 Opponitnr;
3348 4664 3512 4744 cujus‘

1939 4756 2283 4813 humiditatis
2315 4774 2483 4814 causa
2512 4774 2772 4830 perquam
2816 4775 2942 4816 sero
2990 4760 3185 4829 capitis
3212 4776 3272 4815 os
3304 4777 3501 4817 conso-

1940 4849 2165 4916 lidatur,
2209 4851 2352 4919 quod
2392 4851 2612 4922 bregtna
2654 4853 2902 4906 nonnulli
2946 4863 3165 4907 vocant.
3193 4855 3260 4909 Et
3289 4866 3504 4908 suturas

1940 4944 2157 5010 capitis,
2214 4959 2315 4997 ceu
2346 4944 2608 5009 diximus,
2641 4944 2805 4997 boum
2840 4942 3020 5013 plures
3062 4943 3247 5010 habet,
3280 4960 3505 5013 pra'ser-

1943 5035 2148 5105 timque
2180 5035 2280 5089 vir.
2324 5035 2690 5102 Quamobrem
2730 5037 2915 5091 istuc?
2958 5035 3095 5102 Quia
3129 5037 3413 5091 cerebrum
3448 5040 3500 5094 in

1941 5140 2007 5181 eo
2050 5142 2266 5197 quoque
2313 5128 2491 5198 majus
2527 5136 2630 5184 est.
2670 5127 2737 5183 Ut
2779 5127 2945 5198 igitur
2987 5128 3078 5183 hic
3132 5128 3282 5183 locus
3317 5129 3508 5184 l'etoris

1943 5233 2138 5287 expers
2171 5230 2317 5273 esset
2367 5221 2619 5283 maxime,
2651 5219 2733 5273 vir
2776 5220 3024 5289 pluribus
3072 5220 3277 5273 suturis
3315 5221 3511 5288 egebat

1944 5323 2043 5376 pro
2104 5307 2277 5376 ipsius
2332 5308 2589 5362 nimirum
2648 5308 3295 5379 cerebriamplitudine.
3351 5310 3511 5380 116

1942 5398 2144 5465 Quodsi
2172 5399 2459 5453 cerebrum
2494 5400 2617 5469 quis
2640 5399 2841 5454 siccum
2872 5401 3204 5471 minimeque
3229 5412 3507 5472 gravatum

1941 5489 2011 5542 ab
2047 5489 2413 5544 excrementis
2469 5489 2697 5557 habeat,
2760 5491 3002 5560 prudens
3070 5502 3234 5561 atque
3293 5494 3509 5547 sobrius

1942 5581 2141 5647 evadit,
2180 5596 2302 5634 cum
2333 5582 2578 5651 ejusdem
2636 5583 2932 5638 humidltas
2979 5585 3314 5639 contrarium
3356 5585 3511 5655 quid-

1944 5675 2065 5730 dam
2097 5676 2312 5743 eﬂieiat,
2367 5677 2644 5732 hominem
2691 5680 2945 5734 videlicet
2986 5679 3253 5745 desidem,
3286 5693 3507 5733 somno-

1943 5766 2174 5833 lentum,
2208 5766 2481 5841 ignavum.
2515 5767 2668 5825 Licet
2702 5771 2809 5825 hoc
2834 5772 2901 5826 dc
2942 5770 3202 5841 sapientis
3246 5769 3505 5829 Heracliti
