4204 6450
708 412 812 476 233

705 617 1004 685 semetipso
1031 615 1254 680 Caiuus,
1281 626 1335 668 et
1363 615 1581 683 quidem
1632 614 1696 668 ad
1737 617 2102 668 membrorum
2143 632 2272 670 suo-

705 724 820 760 rum
850 708 1178 761 laxationem
1216 707 1535 776 respiciens.
1566 707 1762 760 Verum
1795 708 1936 761 Deus
1961 724 1989 761 e
2013 708 2228 762 diverso
2254 749 2270 774 ,

710 817 726 846 ι
769 797 843 850 Ne
880 798 973 851 tibi
1008 797 1404 859 foi-midaveris,
1445 815 1462 848 ι
1499 797 1618 850 ait:
1659 815 1678 846 ι
1718 813 1840 850 nam
1878 797 1970 866 qui
2017 807 2069 852 te
2111 812 2274 853 neca-

701 891 859 952 verit,
898 889 1130 957 Septtlpli
1166 889 1464 942 vindictam
1521 889 1812 942 sustinebit
1839 889 1908 950 ⁸³,
1950 907 1967 938 ι
2035 889 2138 942 hoc
2187 895 2273 942 est

702 992 905 1042 septeni
967 982 1140 1048 pmuis
1190 981 1427 1046 εμῑιιδιιιιι
1469 979 1766 1033 obnoxium
1800 979 1983 1035 faciet.
2015 978 2073 1034 In
2127 981 2272 1033 lmnc

705 1073 924 1123 randum
976 1072 1088 1124 hzer
1124 1073 1424 1138 perscripta
1482 1071 1731 1140 legimus.
1764 1070 2032 1138 Georgius
2087 1080 2269 1122 autem

706 1163 977 1219 "Lt‘lllttt'ld‘
1045 1163 1226 1230 prnst
1298 1164 1526 1214 Caiuuu'i
1583 1162 1879 1215 miserabili
1936 1169 2111 1215 morte
2175 1174 2273 1228 per

709 1255 1102 1319 ignorationem
1158 1253 1328 1306 fuisse
1360 1255 1736 1320 3pcr0utptuut,
1773 1254 1846 1304 uti
1888 1268 2048 1320 quem
2078 1249 2271 1304 Lame-

704 1348 840 1400 rhus
884 1347 951 1397 ab
981 1345 1151 1397 oculis
1199 1345 1492 1398 destitutus
1541 1344 1831 1409 occiderit;
1860 1344 2003 1412 quod
2045 1357 2174 1396 sane
2211 1343 2273 1396 fi-

702 1438 823 1490 dem
894 1436 1052 1504 119
1109 1437 1305 1489 mereri
1373 1435 1580 1504 nequit.
1646 1434 1775 1487 Nam
1827 1435 1970 1502 quis.
2019 1436 2268 1498 obsecro,

706 1528 845 1581 scire
886 1538 1060 1597 potest
1105 1543 1234 1580 nam
1271 1528 1469 1580 (Zaiuus
1502 1529 1682 1579 adhue
1712 1525 1970 1578 Lamerhi
2011 1524 2271 1592 tempori-

703 1621 802 1672 bus
827 1630 1102 1687 superstes
1137 1619 1330 1674 fuerit?
1362 1619 1507 1673 Certi
1557 1618 1691 1670 nihil
1729 1618 1892 1671 statui
1929 1617 1995 1669 de
2033 1616 2138 1670 hoc
2173 1631 2273 1685 po-

703 1718 825 1769 test.
859 1725 980 1762 cum
1029 1724 1202 1761 annos
1246 1718 1590 1776 posterorum
1645 1707 1799 1761 Caiui
1849 1705 2024 1759 Muses
2057 1707 2129 1759 ita
2162 1721 2272 1759 me-

704 1801 887 1853 moria!
917 1817 1019 1852 non
1049 1801 1368 1869 prodiderit,
1405 1808 1460 1853 ut
1499 1799 1854 1852 oriundorum
1887 1814 1916 1852 τι
1956 1799 2123 1851 Setho
2159 1817 2172 1851 :
2201 1812 2270 1851 ne

702 1891 880 1946 dicam
913 1893 1075 1945 Deum
1107 1891 1281 1946 Caino
1306 1891 1594 1960 quamdam
1625 1890 1944 1959 apposuisse
1974 1899 2180 1953 notam,
2206 1904 2271 1944 ue

706 2005 730 2040 ιι
766 2003 1034 2056 quoquam
1095 1997 1401 2040 necaretur.
1434 1985 1537 2040 Per
1582 1986 1718 2039 hanc
1769 1999 1898 2038 vero
1940 1992 2126 2038 notam
2184 1984 2270 2038 vel

1972 413 2019 470 Μ
2033 413 2204 472 {till}.
2223 415 2334 473 EH
2349 417 2388 474 Ξ
2426 417 2682 477 ΟΙᾸἙίΕ

783 544 800 574 ι
842 521 1096 592 Quisquis
1154 536 1238 577 me
1300 528 1588 592 repererit,
1644 523 1874 584 occidet.
1916 543 1933 574 ι
1985 528 2157 595 inquit
2210 528 2354 587 deA

3839 417 3943 480 236

2457 551 2477 583 ι
2529 533 2685 592 Πᾶςὸ
2719 530 2990 598 εὕρίσκων
3017 547 3082 599 με
3115 531 3412 584 ἀποκτενεί
3452 546 3538 599 με.
3592 548 3610 582 ι
3668 530 3842 584 Tiro
3885 532 3939 584 δὲ

2377 623 2564 689 ἔλεγεν
2595 625 2676 685 είς
2704 623 2878 694 αὐτὴν
2911 623 3134 692 ἀφορῶν
3181 623 3283 692 τὴν
3316 623 3548 689 πάρεσιν
3581 622 3691 674 τῶν
3738 623 3935 689 μελῶν.

2389 713 2549 766 Ἀλλὰ
2591 713 2664 783 μὴ
2701 715 2890 775 δέδιθι.
2923 705 3023 784 ἔφη
3054 715 3084 766 6
3119 713 3319 783 Κύριος
3343 729 3356 744 ο
3381 715 3411 765 6
3464 713 3574 784 γὰρ
3615 714 3938 777 ἀποκτείνας

2377 823 2434 858 σε
2473 806 2612 859 ἑπτὰ
2655 805 3014 876 ὲκδικούμενα
3052 805 3395 876 παραλύσει,
3463 805 3741 858 τουτέστιν
3799 807 3935 857 ἑπτὰ

2373 897 2670 967 τιμωρίαις
2687 897 2882 951 ἑαυτὸν
2914 897 3218 951 ὑπεύθυνον
3252 897 3606 965 καταστήσει.
3665 895 3774 948 Καὶ
3813 895 3938 962 περὶ

2378 988 2478 1056 μὲν
2505 988 2711 1042 τούτων
2750 989 2958 1050 οὕτως·
3012 991 3041 1042 6
3066 990 3123 1044 δὲ
3169 987 3444 1057 Γεώργιος
3481 987 3684 1057 οίκτρῷ
3724 986 3936 1054 Θανάτῳ

2372 1078 2693 1148 τελευτῆσαι
2739 1079 2831 1131 τὸν
2882 1078 3024 1132 Κάῖν
3073 1079 3258 1148 φησίν.
3300 1077 3364 1131 '0
3394 1078 3451 1130 δὲ
3501 1078 3646 1144 ίερδς
3676 1077 3938 1138 Μεθόδιος

2376 1169 2644 1238 Πατάρων
2683 1171 2871 1239 φησὶν,
2922 1171 3004 1224 ὅτι
3045 1172 3073 1224 6
3106 1171 3300 1240 Λάμεχ
3351 1169 3618 1236 φονεύσας
3662 1169 3754 1220 τὸν
3799 1167 3938 1220 Κάῖν

2373 1261 2498 1314 κατ’
2522 1263 2743 1328 ἄγνοιαν
2777 1260 2999 1330 (τυφλὸς
3026 1261 3135 1329 γὰρ
3195 1255 3284 1328 ἦν)
3324 1259 3544 1327 θανάτῳ
3589 1259 3932 1326 παρέδωκεν.

2377 1353 2555 1418 Ὅπερ
2582 1351 2880 1406 ἀπίθανονο
2920 1353 3003 1414 τίς
3025 1352 3133 1421 γὰρ
3168 1349 3314 1405 εἶδεν
3339 1353 3422 1404 ὅτι.
3449 1351 3478 1403 6
3532 1350 3676 1402 Κάῖν
3709 1349 3938 1400 διετέλει

2373 1443 2483 1506 ζῶν
2507 1443 2649 1496 κατὰ
2673 1444 2799 1504 τοὺς
2830 1443 3055 1512 χρόνους
3083 1441 3176 1495 τοῦ
3223 1443 3413 1512 Λάμεχ
3445 1458 3457 1501 ς
3499 1440 3732 1506 ’Ἄδηλον
3781 1438 3940 1490 τοῦτο

2371 1529 2461 1602 ἦν,
2496 1535 2716 1586 ὅτιτῶν
2743 1535 2970 1587 ἀπὸτοῦ
3017 1533 3159 1586 Κάῖν
3211 1534 3310 1586 οὐκ
3367 1531 3676 1601 ἀναγράφει
3734 1529 3940 1596 Μωσῆς

2373 1626 2562 1694 ὥσπερ
2591 1624 2654 1696 δὴ
2682 1625 2789 1677 τῶν
2827 1625 2935 1678 ἀπὸ
2955 1625 3050 1678 τοῦ
3083 1625 3211 1695 Σήθ.
3253 1623 3465 1685 Ἄλλως
3497 1640 3556 1675 τε
3587 1625 3677 1674 καὶ
3713 1624 3940 1690 σημεῖον

2371 1715 2466 1768 τοῦ
2497 1716 2633 1769 Θεοῦ
2674 1715 2857 1777 δόντος
2885 1716 2961 1780 τῷ
2990 1716 3133 1768 Κάῖν
3177 1715 3273 1768 τοῦ
3315 1714 3388 1784 μὴ
3427 1713 3785 1781 άναιρεῦἧναι
3820 1711 3941 1779 (ση-

2377 1807 2528 1874 μεῖον
2572 1805 2628 1858 δὲ
2671 1807 2892 1875 νοητέον
2953 1805 2984 1874 ἧ
3036 1806 3127 1858 τὸν
3179 1806 3306 1874 ὅρον
3367 1805 3530 1858 αὑτὸν
3568 1803 3662 1855 τοῦ
3709 1800 3846 1854 Θεοῦ
3906 1799 3939 1868 ἦ

2374 1897 2464 1948 τὸν
2493 1897 2603 1950 τῶν
2640 1897 2820 1967 μελῶν
2861 1895 3025 1950 αὑτοῦ
3086 1894 3324 1966 κλόνον),
3366 1895 3481 1958 πῶς
3528 1877 3778 1964 ’ἀνῃρέθη
3827 1889 3942 1944 λοι·

2377 1985 2478 2037 πόν
2504 2002 2519 2049 ;

703 2078 819 2146 ipsa
859 2079 948 2132 Dei
1011 2079 1076 2132 de
1122 2077 1293 2132 Caino
1350 2076 1620 2132 sententia
1678 2076 1845 2130 debet
1903 2074 2131 2145 inleliigi
2185 2075 2269 2128 vel
2309 2077 2679 2132 membrorum
2727 2077 2846 2148 eius
2915 2075 3229 2149 trepidatio.
3297 2074 3545 2142 Quonam
3587 2072 3756 2144 igitur
3785 2077 3948 2140 pacto

703 2173 806 2226 diri
843 2181 1018 2238 potest
1048 2187 1168 2226 esse
1201 2169 1601 2240 interemptus?

771 2260 887 2316 Jam
925 2262 971 2316 si
1007 2277 1220 2331 quaeras
1267 2262 1618 2330 quamobrem
1657 2258 1833 2318 Muses
1883 2257 2037 2313 Caini
2089 2267 2274 2328 poste-

703 2371 884 2408 rorum
945 2368 1119 2408 annos
1180 2368 1287 2407 non
1341 2352 1698 2414 receusuerit,
1749 2365 1979 2420 magnus
2029 2349 2122 2403 ille
2173 2349 2270 2404 tibi

703 2448 934 2518 tivi‘ilLus
968 2447 1017 2500 iu
1051 2446 1340 2516 Claphyris
1368 2446 1481 2498 sive
1513 2443 1870 2499 varietatibus
1899 2442 2011 2498 suis
2047 2456 2274 2511 reSpon-

705 2542 870 2595 debit.
905 2539 1018 2594 Non
1059 2542 1160 2595 hoc
1213 2541 1414 2596 factum
1450 2550 1556 2599 est,
1587 2537 1782 2606 inquit,
1816 2549 1882 2588 ex
1925 2534 2270 2602 ignoratione

705 2634 934 2700 quadam
970 2633 1085 2694 Dei,
1127 2635 1220 2688 sed
1251 2633 1378 2702 quia
1409 2638 1754 2700 peccatorum
1780 2641 1956 2681 annos
1996 2634 2272 2694 totarrque

705 2729 841 2779 adeo
889 2726 1054 2779 vitam
1095 2725 1234 2779 libro
1281 2723 1581 2778 viventium
1635 2720 1905 2775 contineri
1936 2718 2092 2772 nolit.
2123 2717 2270 2771 Idem

703 2819 935 2890 tlyrillus
981 2818 1147 2872 refert
1191 2819 1414 2870 (Initium
1471 2826 1525 2869 et
1565 2814 1795 2867 Abelum
1829 2811 2000 2866 fuisse
2045 2810 2271 2880 figuram

708 2911 990 2980 pr'migeui
1043 2909 1223 2979 populi
1276 2906 1484 2963 Judaici
1518 2917 1570 2960 et
1597 2903 1801 2960 Christi
1845 2902 2173 2971 Christoque
2208 2902 2273 2956 li-

706 3008 973 3060 deutittm.
1003 3002 1473 3070 Quemadmodum
1510 3001 1656 3053 enim
1699 2997 1900 3052 Cuiuus
1946 2994 2146 3049 invidia
2176 2992 2274 3047 ﬂa-

708 3115 869 3171 grans
918 3095 1144 3168 profuso
1202 3094 1390 3148 fratris
1434 3091 1696 3162 sanguine
1742 3105 1849 3142 non
1905 3087 2082 3141 solum
2120 3102 2148 3140 a
2183 3084 2279 3140 Dei

709 3201 1008 3261 conspectu
1082 3187 1355 3257 profugit,
1409 3199 1597 3237 verum
1671 3182 1835 3235 etiam
1893 3181 1949 3232 in
2003 3175 2279 3248 ejusmodi

2450 2259 2511 2312 Εί
2543 2259 2599 2313 δὲ
2649 2261 2855 2330 ζητεῖς,
2885 2260 3003 2324 πῶς
3036 2259 3105 2314 τὰ
3145 2259 3239 2328 ἔτη
3263 2258 3372 2313 τῶν
3406 2256 3516 2310 ἀπὸ
3544 2255 3638 2310 τοῦ
3676 2257 3819 2309 Κάῖν
3846 2254 3949 2308 οὐκ

2376 2352 2683 2422 ἀναγράφει
2713 2351 2945 2419 Μωσῆς,
2976 2352 3004 2403 6
3032 2350 3204 2420 μέγας
3236 2348 3501 2420 Κύριλλος
3556 2349 3614 2400 ὲν
3643 2348 3758 2408 τοῖς
3804 2345 3947 2398 Γλαο

2376 2447 2567 2516 (puppi;
2607 2443 2771 2498 αὐτοῦ
2803 2444 2999 2510 διδάξει
3031 2460 3089 2495 σε
3112 2442 3286 2510 λέγων
3319 2443 3400 2494 ὅτι
3438 2441 3500 2493 οὐ
3549 2439 3672 2493 κατ’
3720 2438 3949 2515 ἄγνοιαν

2374 2537 2468 2592 τοῦ
2502 2537 2662 2599 Θεοῦ,
2685 2535 2800 2591 ἁλλ’
2826 2536 3028 2588 ὅτιτῶν
3050 2533 3394 2604 ἁμαρτωλῶν
3420 2533 3489 2585 τὰ
3516 2532 3611 2601 ἔτη
3636 2530 3734 2584 καὶ
3755 2527 3949 2590 ἅπλῶς

2378 2634 2474 2686 καὶ
2502 2631 2601 2702 τὴν
2630 2631 2776 2700 ζωὴν
2811 2627 2991 2682 αὐτῶν
3044 2631 3101 2682 ὲν
3143 2627 3310 2697 βίϐλῳ
3355 2623 3577 2689 ζώντων
3624 2620 3954 2692 γεγραμμέ-

2381 2743 2478 2794 νην
2512 2724 2655 2793 ἔχειν
2684 2723 2744 2774 ού
2774 2722 2938 2776 ϐέλει.
2985 2719 3142 2774 Καθά
3171 2719 3228 2772 δὲ
3262 2717 3339 2788 τῷ
3392 2715 3746 2784 διαληφθέντι
3771 2712 3952 2781 Πατρὶ

2381 2815 2551 2877 τύπος
2574 2810 2640 2884 ἦν
2672 2815 2698 2864 6
2728 2812 2865 2866 Κάῖν
2891 2810 2985 2863 καὶ
3014 2812 3041 2863 6
3093 2809 3258 2862 ’Δὸελ
3285 2807 3380 2860 τοῦ
3410 2804 3760 2877 πρωτοτόκου
3811 2799 3948 2853 λαοῦ

2381 2907 2474 2961 τοῦ
2502 2905 2734 2977 Χριστοῦ
2769 2921 2829 2957 τε
2857 2903 2951 2956 καὶ
2994 2903 3104 2956 τῶν
3157 2905 3236 2965 είς
3287 2901 3451 2954 αὐτὸν
3513 2895 3950 2951 πιστευσάντων.

2384 2997 2596 3067 Ὥσπερ
2619 2997 2727 3066 γὰρ
2758 2997 2786 3047 6
2815 2995 2954 3048 Κάῖν
2987 2993 3076 3046 διὰ
3104 2992 3302 3060 φθόνον
3344 2991 3440 3044 καὶ
3480 2989 3542 3042 τὸ
3577 2985 3671 3040 τοῦ
3713 2982 3952 3052 ἀδελφοῦ

2383 3084 2522 3160 αἷμα
2553 3088 2709 3156 ἐξέϐη
2736 3087 2843 3140 άπὸ
2884 3087 3180 3156 προσώπου
3212 3084 3373 3146 θεοῦ,
3405 3084 3494 3135 ναὶ
3529 3082 3636 3152 μὴν
3660 3087 3757 3133 καὶ
3785 3096 3957 3147 κατη-

2385 3181 2469 3251 ρά³
2492 3196 2528 3245 η
2561 3179 2768 3232 στένειν
2804 3178 2899 3231 καὶ
2921 3177 3148 3245 τρέμειν
3179 3175 3270 3228 ἐπὶ
3319 3173 3418 3245 τῆς
3465 3176 3566 3241 γῆς
3604 3170 3952 3242 περιπατῶν,

710 3279 1143 3337 exsecrationem
1194 3275 1384 3330 incidit
1415 3284 1472 3327 ut
1521 3271 1874 3340 vagabuudns
1902 3267 1956 3321 in
2002 3265 2162 3320 terris
2189 3280 2276 3336 ge.-

2385 3266 2555 3328 οῦτως
2589 3267 2698 3336 ἄρα
2729 3257 2825 3318 καὶ
2873 3267 2900 3318 6
2941 3265 3233 3327 Ίουδαῖκὸς
3264 3263 3353 3316 διὰ
3385 3262 3583 3331 φθόνον
3625 3263 3720 3314 καὶ
3769 3259 3830 3312 τὸ
3858 3257 3953 3311 τοῦ

711 3386 885 3429 meret
935 3381 1097 3441 atque
1163 3374 1442 3427 tremeret,
1494 3365 1573 3418 sic
1635 3363 1798 3416 etiam
1848 3359 2071 3413 Judaica
2129 3355 2278 3410 natio

713 3481 935 3539 prop’er
969 3463 1226 3519 invidiam
1259 3477 1364 3530 qua
1409 3457 1672 3528 ﬂagravit,
1702 3464 1756 3508 et
1799 3451 2077 3522 profusum
2109 3449 2280 3518 ipsius

707 3566 913 3622 Ciuisti
951 3564 1196 3632 sauguiiu
1220 3577 1294 3626 ιιι,
1326 3575 1354 3612 e
1395 3557 1491 3612 Dei
1536 3562 1832 3623 conspectu
1863 3549 2118 3609 excessit,
2146 3548 2282 3617 jam-

710 3672 814 3727 que
844 3657 978 3710 adeo
1011 3663 1250 3706 tremens
1276 3659 1328 3702 et
1361 3661 1583 3717 gemens
1611 3645 1930 3712 obvagatur.

784 3748 895 3803 lloc
950 3745 1109 3799 modo
1152 3754 1334 3796 notam
1386 3737 1558 3793 Caino
1607 3735 1748 3789 Deus
1792 3731 2065 3803 apposuit,
2097 3743 2167 3784 ne
2214 3729 2282 3782 ab

711 3843 892 3910 aliquo
923 3839 1302 3909 perimeretur,
1342 3832 1395 3886 id
1445 3829 1588 3899 quod
1625 3827 1868 3881 futurum
1923 3823 2280 3878 existimarat.

714 3934 927 3986 Etenim
958 3933 1073 4001 ipse
1101 3928 1313 3980 dixerat
1344 3941 1358 3978 :
1394 3942 1412 3974 ‹
1454 3920 1679 3976 Accidet
1712 3929 1772 3973 ut
1805 3916 1900 3987 qui
1951 3931 2036 3969 me
2067 3928 2285 3982 cunque

713 4025 977 4097 repererit
1015 4020 1248 4078 occidat.
1295 4036 1313 4070 ι
1357 4013 1631 4083 Iosephus
1664 4009 1827 4066 tradit
1867 4007 2096 4062 Cainum
2121 4005 2284 4058 obse-

713 4133 895 4174 r-rasse
927 4117 1122 4176 Deum,
1153 4126 1220 4168 ne
1256 4112 1311 4164 in
1351 4106 1713 4178 obvagatione
1763 4118 1862 4158 sua
1897 4102 2036 4156 forte
2079 4101 2131 4153 in
2174 4097 2287 4153 beta

713 4216 832 4269 luas
893 4208 1190 4272 incideret;
1250 4217 1426 4272 eoque
1469 4194 1644 4270 'pacto
1716 4196 1944 4267 periisse
2005 4195 2284 4250 hominem

712 4306 902 4361 refert.
935 4297 1141 4368 Quodsi
1176 4297 1341 4352 etiam
1387 4293 1528 4348 scire
1551 4291 1855 4354 desideras,
1895 4286 2040 4342 unde
2086 4285 2288 4340 Cainus

717 4399 935 4452 modum
985 4389 1270 4448 occidendi
1318 4385 1501 4442 fratris
1542 4381 1838 4452 acceperit,
1877 4379 1968 4448 qui
2009 4377 2287 4432 neminem

713 4490 882 4546 sciret
912 4486 1089 4540 adhuc
1132 4495 1162 4534 a
1197 4492 1474 4549 quoquam
1510 4473 1882 4538 interfectum,
1918 4469 2046 4522 licet
2080 4468 2182 4522 hoc
2221 4465 2290 4519 de

716 4594 914 4650 magno
943 4577 1036 4632 illo
1075 4573 1376 4630 Athanasio
1409 4579 1726 4636 cognoscas,
1768 4563 1860 4631 qui
1898 4559 2174 4616 diabolum
2216 4559 2294 4612 ait

715 4675 887 4731 Caiuo
927 4686 1024 4742 per
1057 4667 1297 4737 quietem
1335 4660 1567 4717 necandi
1599 4655 1781 4711 fratris
1816 4654 2084 4710 rationem
2110 4659 2294 4708 osten-

716 4769 878 4824 disse.

792 4856 996 4912 luvidia
1063 4851 1284 4921 quidem
1345 4856 1516 4910 certe,
1563 4859 1663 4898 ceu
1715 4840 1977 4902 diximus,
2020 4837 2077 4893 in
2135 4833 2292 4892 Caini
2356 4850 2367 4862 ·

717 4951 882 5007 corde
929 4945 1164 5017 quodam
1223 4941 1378 5011 quasi
1434 4935 1710 4994 domicilio
1761 4931 2086 4992 constituto,
2135 4926 2294 4983 Abeli

717 5044 919 5100 aedem
967 5037 1198 5109 peperit.
1228 5033 1359 5088 Nam
1414 5026 1678 5102 ejusmodi
1731 5021 2112 5078 affectionibus
2144 5033 2295 5074 mor-

719 5135 908 5189 talium
939 5127 1103 5184 animi
1129 5123 1256 5180 facti
1287 5130 1412 5177 sunt
1438 5114 1683 5175 obnoxii.
1710 5124 2063 5184 posteaquam
2087 5124 2118 5163 e
2150 5116 2294 5162 statu

720 5219 1189 5296 perturbationum
1233 5221 1457 5281 experte
1505 5209 1729 5277 ipsaque
1777 5203 1911 5258 adeo
1957 5199 2294 5270 perfectione

722 5290 1064 5372 exciderunt.
1092 5305 1464 5362 Nihilominus
1509 5297 1678 5354 animi
1721 5295 1941 5365 quidam
1977 5290 2296 5346 affectiones

723 5409 1219 5474 hascesupetant,
1251 5412 1372 5452 cum
1429 5408 1460 5448 e
1519 5391 1738 5445 diverso
1793 5386 1883 5440 alii
1945 5383 2196 5438 nolentes
2227 5378 2295 5433 iis

721 5510 894 5559 semet
947 5473 1226 5566 opponere
1284 5483 1614 5559 quibuslibet
1665 5477 2070 5538 occasionibus,
2125 5473 2292 5526 etiam

721 5563 1038 5656 levissimis,
1068 5585 1223 5657 quasi
1262 5578 1519 5654 prostrati
1557 5573 1956 5633 succumbant;
1985 5563 2295 5636 cuiusmodi

719 5686 979 5750 quiddam
1014 5683 1068 5736 in
1106 5677 1239 5750 ipsis
1271 5676 1436 5732 etiam
1464 5669 1790 5743 corporibus
1823 5677 1904 5723 est
1933 5664 2136 5719 videre.
2160 5659 2294 5716 Nam

2382 3358 2622 3428 Χριστοῦ
2653 3353 2790 3428 αἷμα
2828 3356 2986 3426 ὲξέΰη
3031 3357 3138 3408 ἀπο
3197 3353 3492 3422 προσώπου
3534 3353 3628 3406 τοῦ
3668 3350 3805 3404 Θεοῦ
3858 3348 3957 3404 καὶ

2382 3453 2675 3524 περιπατεῖ
2708 3451 2909 3504 στένων
2940 3449 3033 3500 καὶ
3056 3447 3298 3519 τρέμων.

2456 3715 2690 3784 Σημεῖον
2718 3713 2814 3768 οὖν
2846 3712 3046 3768 δέδωκε
3097 3712 3174 3781 τῷ
3212 3711 3355 3766 Κάῖν
3407 3713 3434 3764 6
3467 3709 3620 3776 Θεὸς,
3681 3708 3825 3763 ὥστε
3882 3709 3957 3778 μὴ

2385 3810 2620 3879 φονευῢῇ
2679 3807 2830 3878 παρά
2871 3824 3036 3870 τινος,
3072 3805 3148 3868 ὡς
3191 3807 3394 3866 ἐκεῖνος
3434 3804 3727 3856 ὑπώπτευε
3757 3817 3772 3831 ·
3833 3803 3956 3865 καὶ,

2391 3921 2411 3954 ‹
2463 3903 2678 3966 Ἔσται,
2721 3918 2739 3951 ι
2777 3899 2883 3969 γάρ
2925 3915 3079 3967 φησι,
3119 3916 3138 3948 ι
3186 3897 3342 3960 πᾶςό
3372 3895 3641 3965 εὑρίσκων
3699 3909 3766 3963 με
3822 3894 3959 3944 ἀποι-

2387 3996 2564 4046 κτενεί
2607 4010 2697 4063 με.
2738 4010 2756 4043 ι
2805 3990 2862 4045 Ὀ
2885 3989 2940 4042 δὲ
2981 3990 3240 4058 Ἰώσηπός
3305 4003 3470 4057 φησιν
3501 3988 3582 4039 ὅτι
3612 3989 3701 4038 τὸν
3759 3983 3896 4036 Θεὸν
3933 3985 3960 4034 6

2389 4085 2528 4139 Ιὶάῖν
2560 4085 2791 4150 ίκέτευε,
2855 4081 3065 4153 μήποτε
3098 4080 3306 4150 θηρίοις
3357 4079 3638 4145 ἀλώμενος
3686 4076 3960 4144 περιπέσῃ

2389 4180 2481 4232 καὶ
2528 4177 2740 4230 τουτονὶ
2789 4177 2880 4228 τὸν
2950 4175 3151 4240 τρόπον
3197 4171 3488 4240 ἀπόληται.
3547 4168 3610 4221 Εἰ
3666 4167 3721 4220 δὲ
3775 4167 3963 4234 ζητεῖς

2390 4270 2554 4322 πόθεν
2614 4269 2820 4337 ἔγνωκε
2881 4269 3082 4338 τρόπον
3131 4265 3159 4317 6
3228 4264 3367 4316 Κάΐθ
3437 4259 3504 4313 δι’
3553 4252 3616 4313 οῦ
3662 4259 3761 4326 τῆς
3815 4256 3963 4324 ζωῆς

2389 4361 2597 4430 ταύτης
2649 4359 2975 4432 ύπεξαγάγῃ
3051 4357 3145 4410 τὸν
3201 4355 3392 4418 Ἅϐελ,
3450 4354 3681 4420 ἐπείπερ
3736 4351 3841 4402 οὐκ
3890 4343 3968 4400 εἷ-

2390 4453 2480 4506 δεν
2525 4451 2711 4523 ἓῑερόν
2760 4469 2884 4505 τινα
2922 4450 3074 4517 παρά
3131 4463 3278 4508 τινος
3323 4442 3744 4513 ἀναιρούμενον,
3797 4443 3824 4494 6
3871 4439 3967 4507 μὲ-

2393 4563 2495 4614 γας
2539 4542 2858 4606 Ἀθανάσιος
2911 4539 3114 4604 διδάξει
3158 4554 3217 4590 σε
3275 4539 3475 4605 λέγων,
3524 4536 3606 4588 ὃτι
3653 4532 3778 4586 κατ’
3828 4534 3966 4602 ὄναρ

2323 4629 2368 4686 Β
2396 4635 2674 4701 ὑπέδειξεν
2713 4635 2740 4686 6
2769 4631 3014 4694 διάὸολος
3061 4627 3209 4698 αύτῷ
3259 4629 3350 4681 τὸν
3413 4626 3614 4694 τρόπον
3654 4624 3750 4691 τῆς
3809 4623 3966 4675 ἀναι-

2399 4729 2627 4798 ρέσεως.

2462 4819 2658 4881 Φθόνος
2717 4815 2815 4888 μὲν
2851 4810 2967 4879 οὖν,
2997 4812 3073 4874 ὡς
3100 4813 3336 4882 εῐρηται,
3368 4812 3435 4880 τῇ
3470 4807 3566 4862 τοῦ
3611 4809 3748 4861 Κάῖν
3800 4811 3969 4875 ἐγχα-

2396 4911 2652 4982 θιδρύσας
2694 4908 2842 4979 ψυχῇ
2871 4907 2962 4960 τδν
2991 4906 3086 4959 τοῦ
3115 4904 3281 4957 ’Δόελ
3320 4903 3481 4970 φόνον
3513 4903 3808 4955 ἀπέτεκεν.
3839 4901 3966 4953 Ter-

2394 5004 2573 5065 ούτοις
2602 5003 2712 5073 γάρ
2756 5000 2988 5053 πάθεσιν
3015 4999 3072 5050 αί
3118 4995 3225 5050 τῶν
3263 4993 3570 5064 ἀνθρώπων
3608 4993 3773 5062 ψυχαὶ
3799 4992 3971 5059 γεγό-

2399 5114 2526 5151 νασι
2561 5096 2784 5164 κάτοχοι
2839 5091 2978 5161 μετά
3031 5089 3130 5160 τὴν
3180 5090 3280 5158 τῆς
3325 5086 3594 5150 ἀπαθείας
3619 5085 3839 5154 εκείνην
3879 5084 3973 5136 καὶ

2397 5189 2736 5257 τελειότητος
2773 5187 3068 5240 ἔκπτωσιν.
3135 5181 3275 5234 Ἀλλ’
3314 5180 3454 5233 ἔνιαι
3514 5179 3611 5248 μὲν
3643 5177 3752 5230 τῶν
3780 5176 3973 5245 ψυχῶν

2399 5283 2682 5354 κρείττους
2727 5277 3075 5350 εὑρίσκονται
3108 5275 3218 5328 τῶν
3252 5271 3511 5327 τοιούτων
3556 5269 3784 5329 παθῶν,
3831 5269 3974 5321 ἔνιαι

2400 5376 2458 5430 δὲ
2487 5374 2649 5427 πάλιν
2678 5370 3006 5426 ἀντιϐαίνειν
3030 5365 3106 5437 μὴ
3139 5365 3389 5419 θέλουσαι
3412 5365 3508 5418 καὶ
3531 5363 3649 5423 ταῖς
3683 5359 3978 5429 τυχούσαις

2402 5469 2677 5539 ἀφορμαῖς
2707 5463 3160 5528 καταϐέϐληνται.
3193 5459 3302 5511 Καὶ
3331 5455 3581 5523 καθάπερ
3606 5455 3696 5506 ἐπὶ
3735 5452 3844 5504 τῶν
3876 5466 3981 5503 σω-

2409 5563 2593 5632 μάτων
2628 5560 2775 5613 ἔστιν
2811 5558 2940 5611 ἰδεῖν
2970 5557 3111 5627 (ἔνια
3152 5553 3251 5623 μὲν
3280 5551 3390 5621 γὰρ
3435 5549 3614 5602 αὐτῶν
3647 5545 3865 5612 εὐεξίας
3905 5543 3979 5597 δι’

2403 5656 2528 5710 ὅλου
2558 5653 2900 5726 μετέχουσιν,
2929 5653 2986 5704 ὲν
3015 5647 3190 5702 οὐδενὶ
3223 5644 3333 5699 τῶν
3363 5642 3746 5715 ἐμπιπτόντων
3776 5636 3978 5704 ἔξωθεν
