4204 6450
242 386 345 450 249

1477 350 1884 439 ANNALIUM
1927 379 2117 437 rans
2166 378 2242 437 ll.

3383 376 3489 437 "250

242 493 524 563 Κύριλλος,
554 493 639 547 ἵνα
674 493 750 563 μὴ
780 490 945 544 πάλιν
975 489 1072 560 μία
1096 490 1239 543 κατὰ
1275 489 1494 543 πάντων
1524 488 1815 541 ἐλεύσεται

1919 500 2135 540 rursum
2169 483 2465 553 aliquando
2499 498 2641 538 unus
2674 484 2940 537 adversus
2999 498 3193 539 omnes
3252 482 3489 539 ferretur

237 584 432 650 ψῆφος,
464 583 701 653 δευτέρῳ
753 582 1128 651 κατακλυσμῷ
1160 581 1223 633 τὸ
1249 581 1594 650 ἀνθρώπινον
1624 581 1813 633 ὑποτι-

242 673 389 726 θείσα
422 675 601 741 γένος.
645 672 763 740 Ἐφ’
808 666 853 741 ᾧ
882 673 976 726 καὶ
1020 668 1143 724 εἷπε
1196 672 1332 741 πρὸς
1367 671 1534 724 αὐτὸν
1562 674 1590 726 ὁ
1638 672 1770 735 Θεός
1795 688 1808 703 ·

245 766 605 834 «Διανοηθεῖς
656 765 840 819 οὐκέτι
898 764 1197 835 προσθήσω
1244 764 1337 816 τοῦ
1392 765 1812 833 καταράσασθαι

239 856 335 924 τὴν
356 856 459 925 γῆν
496 855 583 908 διὰ
615 856 682 907 τὰ
717 854 855 924 ἔργα
890 854 1000 907 τῶν
1033 853 1362 924 ἀνθρώπων,
1389 853 1472 904 ὅτι
1506 852 1749 917 ἔγκειται
1777 854 1809 920 ἠ

242 947 447 998 διάνοια
489 944 583 998 τοῦ
640 946 934 1015 ἀνθρώπου
972 945 1067 999 ὲπὶ
1130 944 1342 1013 πονηρά
1381 944 1444 995 ἐκ
1473 944 1745 1012 νεότητος.
1787 962 1806 994 ι

242 1036 441 1090 Τούτου
469 1037 648 1108 χάριν,
673 1035 748 1098 ὼς
777 1034 1014 1107 εἴρηται,
1049 1036 1244 1088 θυσίαν
1270 1036 1533 1105 ἀνήνεγκε
1561 1034 1637 1103 τῷ
1669 1034 1809 1104 Θεῷ.

241 1128 394 1180 Κατᾶ
422 1127 533 1196 γάρ
566 1126 724 1179 τοῦτο
746 1127 837 1178 καὶ
864 1127 1004 1178 ἑπτὰ
1021 1126 1161 1178 ἐπτὰ
1178 1125 1459 1177 ἐκέλευσεν
1488 1127 1515 1177 ὁ
1541 1124 1672 1185 Θεὸς
1702 1125 1812 1177 ἀπὸ

235 1220 343 1272 τῶν
375 1219 636 1288 καθαρῶν
660 1219 987 1288 είσαχθῆναι
1033 1219 1091 1270 ὲν
1120 1220 1187 1287 τῇ
1218 1216 1460 1286 κιϐωτῷ,
1496 1216 1591 1270 δύο
1622 1216 1715 1269 δύο
1754 1215 1811 1268 δὲ

238 1312 340 1364 ἀπὸ
368 1313 477 1364 τῶν
506 1312 855 1383 ἀκαθάρτων.
890 1310 1108 1381 Ἐπειδὴ
1131 1311 1242 1381 γὰρ
1270 1309 1464 1380 ἔμελλε
1506 1311 1813 1380 συγχωρεῖν

235 1405 344 1467 τ-,ἶς
379 1393 692 1474 ἀνθρώποις
728 1404 1059 1474 μεταλαϐεῖν
1091 1405 1293 1475 κρεῶν,
1353 1403 1581 1471 ἔμελλον
1632 1403 1812 1457 δὲκαὶ

236 1495 426 1558 θυσίας
460 1496 797 1565 προσφέρειν
833 1494 983 1565 αὐτῷ
1012 1495 1111 1565 τῆς
1135 1494 1420 1555 εὐσεϐείας
1445 1495 1495 1547 οἱ
1528 1494 1807 1564 τρόφιμοι,

239 1588 462 1640 πλείονα
490 1587 560 1641 τὰ
594 1587 811 1659 καθαρὰ
842 1588 1190 1659 φυλαχθῆναι
1217 1587 1549 1659 προσέταξε,
1584 1585 1682 1649 τὰς
1712 1585 1811 1654 μὲν

233 1682 385 1750 τρεῖς
411 1680 675 1750 συζυγίας
729 1684 810 1743 είς
862 1681 963 1752 τὴν
1017 1680 1247 1751 αὔξησιν
1298 1679 1394 1734 τοῦ
1422 1680 1635 1747 γένους,
1665 1678 1726 1731 τὸ
1754 1679 1811 1731 δὲ

234 1771 489 1843 περιττὸν
518 1771 578 1824 ἒν
606 1773 688 1835 είς
715 1771 925 1829 θυσίαν.
988 1773 1055 1825 '0
1092 1762 1160 1842 δὴ
1202 1774 1297 1826 καὶ
1341 1756 1612 1843 πεποίηκε
1669 1770 1811 1841 μετὰ

231 1864 325 1916 τὸν
361 1864 768 1933 κατακλυσμὸν,
803 1863 911 1917 άπὸ
938 1862 1159 1916 πάντων
1201 1862 1310 1917 τῶν
1349 1861 1611 1932 καθαρῶν
1640 1877 1810 1931 προσ-

232 1955 464 2025 αγαγὼν
493 1955 570 2025 τῷ
604 1954 745 2025 Θεῷ,
777 1955 855 2023 ὡς
882 1951 1022 2009 εἶναι
1050 1954 1209 2025 δῆλον
1231 1954 1310 2008 ὅτι
1337 1971 1402 2023 γε
1430 1953 1626 2007 τούτου
1651 1953 1813 2023 χάριν

231 2050 334 2103 ἀνὰ
359 2048 500 2109 ἑπτὰ
522 2048 855 2120 προσέταξεν
880 2050 939 2117 ιξ
960 2048 1195 2103 ἑκάστου
1213 2048 1402 2115 γένους
1422 2047 1531 2101 τῶν
1554 2048 1813 2119 καθαρῶν

232 2143 290 2194 ὲν
319 2144 385 2212 τῇ
419 2141 637 2212 κιϐωτῷ
666 2141 1009 2212 εἰσαχθῆναι,
1044 2141 1133 2196 ἵνα
1149 2140 1209 2193 τὸ
1232 2139 1290 2194 ἓν
1321 2140 1459 2205 ζῶον
1490 2139 1547 2205 ἐξ
1577 2139 1811 2193 ἑκάστου

231 2232 424 2296 γένους
459 2235 488 2285 δ
520 2232 641 2285 Νῶε
701 2233 1028 2304 προσφέρων
1088 2232 1162 2303 μὴ
1182 2228 1475 2303 διαφθείρῃ
1523 2232 1620 2295 τὰς
1651 2230 1815 2295 συζυ-

231 2324 379 2393 γίας.
416 2322 681 2377 Τοσοῦτον
714 2324 773 2377 δὲ
820 2323 920 2396 τὴν
971 2324 1065 2377 τοῦ
1095 2323 1220 2377 Νῶε
1255 2323 1577 2395 προαίρεσιν
1614 2322 1708 2375 ἐπὶ
1742 2325 1812 2394 τῇ

223 2405 570 2487 ’προσαγωγῇ
590 2418 689 2489 τῆς
713 2416 903 2481 θυσίας
931 2416 1230 2482 ἀπεδέξατο
1252 2417 1281 2468 ὁ
1314 2416 1471 2482 Θεὸς,
1492 2416 1567 2479 ὡς
1589 2417 1684 2469 καὶ
1717 2415 1815 2486 τὴν

232 2509 455 2580 Γραφὴν
474 2509 648 2572 οὕτως
674 2512 850 2564 εἰπεῖν
870 2526 886 2542 ο
914 2528 932 2561 ι
953 2510 1063 2563 Καὶ
1091 2508 1393 2581 ὠσφράνθη
1418 2508 1617 2580 Κύριος
1635 2507 1813 2579 ὀσμὴν

232 2595 484 2663 εὐωδίας.
533 2619 553 2653 ι
582 2600 738 2654 Μετὰ
767 2598 993 2670 γνώμης
1026 2600 1211 2653 λοιπὸν
1242 2599 1431 2669 ὑγιοῦς
1461 2601 1558 2653 καὶ
1582 2601 1732 2670 ἡμᾶς
1754 2599 1814 2673 τὸ

232 2694 349 2743 πᾶν
378 2692 705 2762 ἐργάζεσθαι
734 2693 862 2763 χρή.
894 2692 954 2745 Εἰ
982 2692 1041 2745 δὲ
1065 2691 1162 2763 μὴ,
1196 2692 1297 2747 κᾶν
1322 2692 1500 2745 ὁτιοῦν
1532 2692 1816 2761 προσάξω-

236 2802 359 2854 μεν,
396 2785 881 2855 ἀποστραφήσεται
904 2784 1037 2837 αὐτὸ
1057 2785 1084 2836 ὁ
1106 2786 1262 2848 Θεός.
1299 2784 1443 2854 Ὅρα
1475 2784 1585 2854 γὰρ
1608 2786 1693 2838 ὅτι
1720 2787 1815 2838 καὶ

231 2875 473 2931 ἐνταῦθα
526 2879 559 2947 ἡ
591 2877 685 2930 τοῦ
729 2875 938 2931 δικαίου
1000 2876 1174 2946 ἁρετὴ
1206 2880 1299 2930 τὶν
1336 2877 1541 2931 καπνὸν
1583 2878 1674 2929 καὶ
1717 2877 1815 2946 τὴν

162 3034 167 3037 τ
232 2970 463 3023 κνίσσαι
525 2969 702 3039 ὀσμὴν
758 2969 988 3032 εὐωδίας
1027 2969 1344 3038 εἰργάσατο.
1391 2966 1535 3022 Ἀλλ’
1586 2968 1681 3020 ἐπὶ
1708 2968 1816 3022 τῶν

244 3061 519 3114 Ἰουδαίων
552 3063 584 3128 ἡ
616 3060 724 3114 τῶν
763 3061 1154 3131 προσαγόντων
1186 3060 1423 3130 πονηρία
1455 3062 1516 3114 τὸ
1562 3060 1817 3132 θυμίαμα

229 3154 297 3210 τὸ
333 3154 530 3219 εὐῶδες
560 3154 839 3226 βδέλυγμα
866 3153 1104 3225 ὀφθῆναι
1131 3154 1568 3224 παρεσκεύασεν.

317 3422 379 3475 '0
416 3421 514 3492 μὲν
565 3424 660 3477 οὖν
728 3422 991 3495 Ἰώσηπος
1022 3420 1119 3477 καὶ
1159 3422 1279 3476 κατ’
1307 3421 1467 3475 αὐτὸν
1491 3421 1583 3475 τὸν
1607 3422 1820 3491 κόρακα

230 3515 326 3569 τὸν
356 3514 695 3569 ἀπολυθὲντα
722 3517 873 3587 παρὰ
902 3514 998 3569 τοῦ
1028 3513 1146 3567 Νῶε
1177 3513 1271 3567 τοῦ
1330 3514 1461 3567 ίδεῖν
1506 3515 1554 3567 εί
1581 3516 1641 3566 τὸ
1673 3514 1818 3586 ὕδωρ

230 3609 533 3673 ἐκόπασεν,
571 3610 987 3680 ἐναντιούμενος
1031 3609 1284 3679 φαίνεται
1340 3611 1408 3679 τῇ
1446 3608 1540 3661 τοῦ
1571 3609 1819 3672 Μωσέως

232 3701 471 3773 ἱστορίᾳ.
515 3700 887 3771 ’Υποστρέψαι
936 3702 1031 3756 καὶ
1080 3701 1190 3772 γάρ
1247 3700 1385 3771 πρὸς
1430 3700 1530 3770 τὴν
1588 3700 1818 3754 κιϐωτὸν

227 3791 384 3860 λέγει
415 3793 505 3844 τὸν
531 3794 770 3862 κόρακα,
796 3794 869 3855 ὡς
896 3794 1165 3863 inimica
1188 3794 1254 3862 τῇ
1298 3796 1367 3863 γῇ
1390 3791 1484 3844 τοῦ
1517 3791 1708 3856 ὓδατος
1738 3794 1819 3848 ἔτι

227 3882 613 3953 λιμνάζοντος.
657 3885 713 3938 '0
739 3885 793 3939 δὲ
824 3886 1031 3956 Μωσῆς
1064 3887 1192 3955 περὶ
1215 3885 1421 3939 τούτων
1442 3885 1586 3939 οὕτω
1614 3888 1781 3956 φησίν
1800 3900 1817 3916 ⁸

236 3994 260 4027 ε
300 3978 412 4028 Καὶ
457 3977 555 4045 οὐχ
611 3976 952 4046 ὑπέστρεψεν
1000 3977 1028 4029 ό
1069 3976 1240 4045 κόραξ
1262 3975 1367 4039 ἕως
1393 3973 1455 4030 οὐ
1482 3978 1754 4047 ἐξηράνθη
1785 3978 1819 4047 ἡ

227 4068 332 4139 γῆ.
369 4088 389 4120 ι
414 4069 566 4121 Κατὰ
600 4068 710 4139 γὰρ
762 4068 922 4121 τοῦτο
978 4068 1073 4120 καὶ
1125 4069 1461 4139 περιστεράν
1496 4067 1819 4123 ἀπέστειλεν

228 4159 488 4230 ὕστερον,
516 4158 611 4212 ἆτε
640 4161 704 4230 δὴ
739 4159 1135 4230 παλινοστῆσαι
1167 4161 1260 4212 τοῦ
1294 4161 1692 4231 κόρακοςπτρος
1723 4162 1820 4215 αὐο

222 4252 324 4302 τὸν
360 4251 435 4318 μὴ
479 4248 826 4321 θελήσαντος.
896 4248 1058 4303 Ἀλλά
1106 4253 1201 4303 καὶ
1244 4252 1554 4321 ἱστορικοὺς
1611 4252 1820 4319 εἰσάγει

224 4345 387 4406 τινας
423 4346 451 4396 ὁ
492 4343 775 4412 Ἰώσηπος,
799 4343 927 4412 περί
953 4361 1004 4395 τι
1037 4342 1295 4412 λέγοντας
1325 4343 1451 4414 ὅρος
1484 4346 1582 4415 τῆς
1619 4346 1819 4417 Ἀρμε-

224 4439 351 4501 νίας
387 4436 725 4506 ὑψηλότατον
754 4437 811 4489 ὲν
836 4437 910 4505 τῷ
934 4436 1029 4489 τοῦ
1057 4436 1447 4507 κατακλυσμοῦ
1485 4444 1819 4508 πεφευγέναι

1914 577 2177 643 calculus,
2210 592 2317 645 quo
2352 591 2526 646 genus
2562 575 2873 629 mortalium
2908 576 3064 629 alteri
3102 575 3314 630 diluvio
3350 580 3485 632 sub-

1909 670 2196 740 jiceretuc.
2229 670 2439 724 Idcirco
2468 669 2613 725 Deus
2644 669 2727 722 his
2766 686 2888 722 eum
2930 670 3112 724 verbis
3145 671 3438 739 compellat
3472 689 3485 726 :

1920 782 1939 815 ι
1977 763 2156 816 Statui
2195 778 2319 816 cum
2359 762 2540 815 animo
2583 778 2706 817 meo
2757 778 3036 831 nunquam
3092 764 3353 832 deinceps
3384 776 3491 818 ter-

1915 872 2029 909 ram
2065 864 2211 909 tanta
2247 855 2467 909 diritate
2506 854 2754 924 prosequi
2788 865 3010 922 prepter
3051 854 3331 910 hominum
3360 855 3489 908 faei-

1916 962 2074 1012 nora,
2120 963 2351 1016 quorum
2388 946 2749 1015 cogitationes
2778 956 2831 999 et
2862 946 3042 1000 studia
3080 946 3205 999 inde
3239 961 3414 1014 usque
3454 961 3484 998 a

1915 1042 2100 1109 pueris
2130 1041 2194 1095 ad
2215 1055 2378 1110 prava
2404 1055 2629 1109 qumque
2653 1038 2912 1107 proclivia
2945 1051 3070 1093 sunt
3094 1038 3188 1091 ³⁸.»
3224 1037 3491 1107 llaneigi-

1916 1140 2003 1185 tur
2022 1131 2093 1185 ob
2111 1147 2330 1184 causam
2354 1132 2681 1184 sacrificium
2705 1130 2841 1183 illud
2865 1130 3085 1189 obtulit.
3122 1130 3279 1199 cujus
3322 1130 3486 1183 etiam

1915 1232 2168 1291 respectu
2189 1224 2541 1277 mandaverat
2563 1223 2705 1277 Deus
2729 1233 2787 1277 ut
2813 1238 2877 1277 ex
2908 1224 3131 1277 mundis
3156 1222 3490 1276 animalibus

1914 1312 1969 1368 in
2000 1328 2183 1368 arcam
2223 1323 2473 1383 septena,
2511 1330 2575 1368 ex
2607 1314 2905 1368 immundis
2936 1313 3061 1366 bina
3092 1313 3488 1382 reciperentur.

1913 1403 2164 1475 Namqui.
2200 1420 2229 1459 a
2261 1406 2519 1460 carnibus
2539 1405 2789 1459 vescendi
2824 1414 3144 1474 potestatem
3176 1403 3492 1457 mortalibus

1914 1497 2159 1551 facturus
2191 1508 2328 1562 erat,
2359 1507 2523 1567 atque
2558 1496 2725 1551 etiam
2757 1498 3005 1551 litaturos
3056 1495 3158 1549 sibi
3210 1495 3494 1565 religiomis

1918 1589 2074 1659 127
2095 1589 2346 1644 homines
2363 1590 2589 1655 sciebat,
2604 1589 2813 1644 idcirco
2834 1587 3160 1643 mundorum
3176 1588 3490 1642 animalium

1914 1681 2089 1748 major
2139 1694 2403 1734 numerus
2456 1689 2707 1734 servatus
2752 1687 2857 1744 est,
2898 1694 3132 1748 quorum
3181 1678 3281 1731 tria
3339 1679 3495 1747 paria

1919 1772 2137 1841 generis
2167 1771 2527 1834 incremento,
2562 1770 2829 1840 reliquum
2862 1770 3129 1825 sacrificio
3158 1769 3493 1823 destinatum

1914 1872 2095 1929 esset;
2129 1862 2180 1917 id
2212 1865 2355 1932 quod
2381 1879 2411 1917 a
2445 1863 2652 1917 diluvio
2684 1860 2796 1917 Noe
2826 1877 2936 1916 non
2972 1862 3232 1932 neglexit,
3253 1863 3319 1915 de
3345 1863 3491 1914 omni

1913 1954 2240 2009 mundorum
2279 1970 2537 2024 pecorum
2572 1968 2771 2024 genere
2803 1953 2913 2008 Deo
2951 1954 3203 2008 victimas
3236 1952 3493 2006 oflerens.

1913 2048 1990 2103 Ex
2030 2064 2139 2117 quo
2180 2048 2469 2118 perspicue
2499 2048 2626 2102 licet
2659 2047 2964 2117 intelligere
3001 2057 3287 2115 pr0pterea
3325 2046 3497 2100 fuis.~e

1912 2148 2272 2210 pra-ceptum,
2294 2149 2591 2209 utseptena
2621 2140 2675 2192 in
2708 2154 2891 2192 arcam
2922 2138 3176 2191 animalia
3212 2152 3496 2193 sumeren-

1914 2241 2024 2298 tur,
2067 2249 2136 2287 ne
2172 2232 2285 2288 Noe
2336 2249 2506 2288 unum
2539 2232 2743 2287 animal
2793 2248 2859 2286 ex
2890 2235 3084 2301 quovis
3133 2248 3331 2303 genere
3385 2231 3495 2286 Deo

1913 2331 2159 2376 mactans
2188 2322 2306 2391 ipsa
2346 2322 2495 2391 paria
2535 2322 2868 2376 distraheret
2897 2330 3062 2391 atque
3094 2338 3496 2391 corrumperet.

1911 2414 2183 2470 Craterum
2211 2409 2382 2485 usque
2404 2415 2541 2469 adeo
2571 2415 2713 2469 Deus
2742 2415 2795 2468 in
2828 2414 3105 2470 oblatione
3136 2415 3295 2480 hujus
3321 2418 3497 2471 sacri-

1915 2505 2022 2560 ficii
2071 2505 2199 2561 Noae
2232 2508 2474 2562 studium
2507 2522 2570 2562 ac
2615 2507 2949 2563 voluntatem
3004 2509 3275 2578 probavit,
3321 2519 3379 2563 ut
3414 2510 3501 2564 his

1916 2599 1990 2652 uti
2019 2599 2198 2653 verbis
2232 2599 2447 2653 Litterae
2471 2615 2641 2653 sacra:
2684 2615 2792 2653 non
2841 2600 3245 2654 dubitavi-rint:
3287 2618 3305 2650 ι
3342 2601 3499 2654 Dele—

1916 2700 2093 2746 ctatus
2114 2703 2200 2747 est
2224 2690 2367 2746 Deus
2396 2692 2578 2746 odoris
2611 2692 2756 2745 illius
2791 2694 3146 2746 suavitate".
3190 2713 3208 2745 ι
3248 2694 3497 2763 Quapro-

1918 2794 2040 2854 pter
2068 2798 2167 2838 nos
2200 2800 2417 2854 quoque
2452 2784 2585 2837 nihil
2621 2800 2729 2837 non
2774 2786 2959 2838 animo
2992 2800 3127 2838 Sane
3154 2797 3206 2839 et
3248 2796 3384 2855 puro
3422 2787 3500 2840 fa-

1917 2879 2148 2942 ciamus,
2170 2877 2381 2946 absque
2401 2892 2509 2945 quo
2527 2876 2715 2940 fuerit,
2742 2876 2967 2930 omnino
2994 2876 3138 2931 Deus
3160 2880 3502 2933 aversabitur

1918 2969 2284 3038 quodcunque
2318 2970 2533 3023 tandem
2576 2984 2605 3022 a
2653 2968 2811 3022 nobis
2856 2968 3139 3023 offeratur.
3173 2968 3309 3023 Nam
3350 2972 3502 3025 vides

1920 3060 2011 3115 hic
2044 3060 2301 3115 virtutem
2335 3060 2465 3128 justi
2510 3059 2749 3138 hominis
2781 3059 2850 3113 de
2882 3060 3000 3129 ipso
3035 3061 3184 3114 farno
3217 3076 3282 3115 ac
3308 3062 3502 3116 nidore

1843 3184 1886 3242 ο
1921 3152 2305 3208 suavissimum
2334 3152 2558 3207 odorem
2606 3150 2875 3215 eﬂecisse,
2912 3168 3036 3206 cum
3085 3154 3227 3222 apud
3281 3155 3498 3209 Juda'Os

1922 3250 2161 3321 pravitas
2196 3247 2543 3303 offerentium
2586 3247 2793 3303 faceret
2829 3256 2887 3301 ut
2933 3247 3146 3303 sumtus
3176 3250 3339 3304 etiam
3390 3248 3502 3304 fra-

1920 3339 2305 3411 grantissimus
2333 3354 2362 3395 a
2402 3339 2513 3393 Deo
2546 3339 2748 3408 piaculi
2786 3340 2905 3394 loco
2943 3339 3256 3394 duceretur.

1990 3429 2260 3484 Caeterum
2298 3429 2352 3482 in
2387 3430 2702 3483 narratione
2745 3429 2813 3484 de
2840 3445 3029 3495 corvo,
3060 3432 3151 3499 qui
3184 3446 3213 3484 a
3270 3431 3383 3484 Noa
3416 3432 3503 3484 di-

1920 3520 2124 3577 missus
2152 3522 2255 3576 fuit
2277 3529 2337 3575 at
2366 3521 2680 3590 exploraret
2706 3536 2775 3575 an
2823 3538 2963 3591 aqua
2993 3523 3308 3588 defecisset,
3343 3524 3504 3579 Jose-

1922 3614 2065 3685 phus
2084 3612 2326 3667 historiae
2350 3612 2513 3667 Mosis
2529 3624 2717 3682 aperte
2740 3613 3067 3684 refragatur.
3090 3616 3505 3671 Commemorat

1921 3706 2069 3760 enim
2099 3720 2322 3758 corvum
2348 3704 2499 3759 illum
2527 3705 2593 3758 ad
2624 3719 2803 3758 aream
2834 3706 3148 3771 revertisse,
3183 3709 3340 3776 quasi
3366 3723 3502 3776 aqua

1922 3814 2022 3869 per
2053 3813 2273 3853 omnem
2311 3808 2582 3852 terrarum
2610 3798 2800 3851 orbem
2833 3798 3012 3851 adhuc
3045 3810 3409 3869 restaguaret.
3436 3806 3506 3856 At

1923 3890 2099 3944 Moses
2135 3890 2248 3943 haec
2281 3890 2333 3942 in
2378 3891 2525 3943 hunc
2559 3890 2780 3942 modum
2812 3901 2998 3945 narrat
3026 3909 3037 3943 :
3070 3910 3088 3941 ι
3132 3889 3247 3944 Non
3281 3895 3507 3947 revertit

1922 3996 2142 4047 corvus,
2202 3981 2380 4035 donec
2421 3982 2489 4034 ab
2548 3983 2705 4050 aquis
2759 3982 3030 4036 exsiccata
3081 3991 3223 4037 terra
3279 3983 3438 4039 foret.
3479 4002 3499 4035 ι

1922 4068 2054 4123 Nam
2086 4068 2177 4123 illa
2214 4070 2329 4139 ipsa
2367 4069 2435 4123 de
2455 4085 2619 4124 causa
2653 4070 2964 4124 columbam
3004 4073 3265 4143 deinceps
3299 4077 3506 4143 emisit,

1922 4161 2070 4231 quod
2116 4176 2317 4215 corvus
2347 4163 2527 4216 redire
2560 4162 2848 4217 noluisset.
2886 4164 3028 4218 Idem
3073 4164 3344 4233 Juscphus
3373 4184 3504 4238 pro-

1923 4254 2015 4309 bat
2073 4254 2404 4309 auctoritate
2469 4255 2832 4324 quorumdam
2893 4258 3309 4327 historicorum,
3367 4282 3505 4333 quos

1923 4345 2080 4408 citat,
2124 4345 2316 4398 diluvii
2362 4352 2611 4413 tempore
2652 4344 2919 4413 quosdam
2946 4346 3199 4402 homines
3224 4349 3275 4401 in
3307 4349 3509 4404 altissi-

1923 4452 2071 4491 mum
2100 4436 2374 4489 Armeniae
2416 4444 2657 4490 montem
2680 4436 3011 4506 confugisse,
3046 4450 3212 4508 atque
3244 4441 3315 4495 ibi
3347 4444 3506 4497 saluti

224 4529 411 4599 καιρῷ
437 4528 544 4580 τῶν
573 4528 878 4598 ἀνθρώπων
902 4528 1074 4593 τινάς,
1118 4530 1341 4583 κάκεῖσε
1390 4533 1667 4602 σωτηρίας
1728 4533 1815 4587 διά

1925 4546 2035 4585 sua:
2072 4545 2172 4598 per
2216 4529 2388 4598 ipsius
2436 4529 2642 4583 montis
2692 4530 3083 4585 sublimitatem
3137 4536 3506 4591 consuluisse.

221 4623 293 4675 τδ
349 4621 485 4691 ὕψος
529 4624 738 4691 τυχεῖν.
792 4620 932 4673 Ἀλλ’
973 4621 1078 4686 ἔξω
1130 4621 1415 4691 βάλλουσιν
1465 4626 1663 4678 ἐκεῖνοι
1721 4626 1814 4678 τοῦ

226 4714 463 4775 σκοποῦ,
516 4718 613 4767 καὶ
663 4713 761 4782 τῆς
809 4713 1020 4776 εὐθείας
1080 4715 1272 4784 πόρρω
1303 4733 1405 4768 που
1441 4719 1718 4787 φέρονται.
1755 4720 1815 4771 Εἰ

223 4808 344 4875 γὰρ
376 4804 565 4875 ὐψώῢη
620 4807 743 4858 τότε
788 4806 849 4858 τὸ
890 4804 1036 4875 ὕδωρ
1085 4807 1272 4859 ἐπάνω
1319 4808 1428 4861 τῶν
1463 4809 1816 4880 ὑψηλοτάτων

221 4905 408 4972 ὀρέων
432 4902 523 4954 ἐπὶ
542 4902 742 4972 πήχεσι
766 4904 1184 4969 πεντεκαίδεκα,
1204 4906 1352 4959 καθὰ
1371 4905 1569 4976 Μωσῆς
1591 4908 1817 4977 ἱστορεῖ,

222 4998 334 5050 οὐκ
366 4996 433 5048 ἂν
454 4994 636 5047 ὁτιοῦν
666 4996 967 5065 ὑπελείφθη
1014 4997 1315 5065 τηνικαῦτα
1343 4998 1488 5067 ὄρος,
1529 4999 1602 5062 ὡς
1638 4996 1817 5069 οἶμαι,

221 5090 359 5151 τοὶς
392 5090 449 5139 ὲν
475 5086 625 5156 αὐτῴ
649 5088 996 5155 πεφευγότας
1044 5086 1228 5158 ἰσχύον
1267 5089 1522 5153 άϐλαὸεὶς
1552 5090 1820 5145 διασώσα-

221 5180 381 5233 σθαι.
1376 5179 1381 5184 ’

312 5273 381 5328 Ἦ
414 5274 595 5345 μέντοι
656 5276 888 5341 κιϐωτὸς
941 5280 1270 5350 τριακοσΐων
1333 5280 1433 5350 μὲν
1476 5280 1700 5351 πηχέων
1752 5282 1814 5335 τὸ

220 5371 409 5440 μῆκος
438 5366 527 5440 ἦν,
569 5374 905 5441 πεντήκοντα
945 5374 999 5425 δὲ
1032 5374 1092 5426 τὸ
1150 5373 1371 5441 πλάτος,
1394 5377 1455 5428 τὸ
1496 5375 1629 5445 ὕψος
1658 5377 1812 5447 τριά-

214 5482 415 5517 κοντα.
460 5465 645 5533 ιΙῆχυν
703 5465 759 5517 δὲ
805 5466 1018 5520 ἀκούων
1054 5466 1129 5539 μὴ
1171 5470 1424 5540 τοιαύτην
1450 5465 1592 5523 εἶναι
1621 5471 1811 5541 νόμιζε

211 5559 505 5621 ὁποία-τίς
564 5559 681 5610 ἐστι
723 5561 854 5629 παρ’
916 5562 1068 5633 ἡμῖν.
1126 5561 1263 5616 ἀλλὰ
1295 5564 1704 5633 γεωμετρικήν.
1750 5565 1811 5619 '0

214 5653 337 5721 γὰρ
370 5652 600 5722 Μωσῆς,
627 5654 949 5725 γεωμέτρης
998 5655 1057 5722 ἐξ
1090 5656 1366 5725 Αἰγύπτου
1398 5656 1496 5725 ὢν,
1547 5656 1809 5728 τοιαύτην

299 5836 345 5868 ³⁸
379 5833 517 5891 Cen.
554 5837 790 5911 vtu,_21.
870 5838 915 5872 "
939 5840 1075 5901 ibid.

1926 4624 2126 4680 Verum
2163 4623 2215 4677 hi
2274 4636 2303 4676 a
2335 4635 2523 4691 scopo,
2576 4622 2720 4691 quod
2757 4623 2978 4687 dicitur,
3011 4624 3334 4679 aberrarunt
3366 4638 3419 4683 et
3477 4645 3506 4683 a

1926 4717 2117 4771 semita
2178 4724 2327 4768 recta
2380 4714 2541 4784 longe
2596 4714 2959 4769 deflexerunt.
2991 4715 3124 4769 Nam
3156 4717 3198 4772 si
3256 4734 3395 4789 aqua
3454 4722 3508 4774 id

1927 4810 2188 4878 temporis
2238 4821 2404 4877 supra
2433 4815 2648 4861 montes
2683 4822 2931 4877 quosque
2974 4809 3402 4868 sublimissimos
3438 4816 3504 4867 ad

1928 4903 1991 4956 15
2030 4916 2203 4971 usque
2257 4902 2473 4956 cubitos
2528 4900 2793 4964 excrevit,
2840 4904 3297 4970 quemadmodum
3332 4905 3508 4961 Moses

1921 4994 2204 5048 memoriae
2269 4993 2535 5061 prodidit,
2578 4992 2763 5046 nullus
2795 5009 2914 5046 mea
2967 4994 3185 5063 quidem
3239 5000 3512 5053 sententia

1920 5101 2079 5140 mons
2129 5086 2373 5155 reliquus
2404 5100 2524 5139 esse
2568 5086 2767 5152 potuit,
2799 5086 2892 5155 qui
2921 5102 2951 5139 a
2992 5087 3238 5156 periculo
3266 5101 3507 5145 servaret

1920 5180 2191 5235 innnunes
2214 5187 2482 5249 quotquot
2518 5179 2570 5231 in
2606 5194 2731 5233 eum
2773 5178 3174 5248 confugissent.

1988 5274 2143 5326 Area:
2182 5266 2357 5342 ipsius
2386 5271 2669 5340 longitudo
2698 5270 2805 5327 500
2843 5274 3061 5326 cubitos
3098 5274 3354 5343 habebat,
3382 5276 3509 5331 lati-

1919 5369 2054 5420 tudo
2085 5366 2175 5428 50,
2207 5365 2441 5419 altitudo
2473 5365 2560 5419 '50.
2589 5364 2725 5419 Cum
2753 5376 2933 5420 autem
2967 5368 3134 5422 cubiti
3180 5371 3510 5426 vocabulum

1918 5458 2097 5525 audis,
2130 5473 2240 5512 non
2291 5458 2453 5512 talem
2488 5457 2713 5528 intelligi
2744 5468 2959 5528 putato,
3006 5461 3187 5529 qualis
3222 5463 3363 5532 apud
3413 5482 3509 5521 nos

1915 5561 2000 5605 est
2032 5551 2084 5604 in
2111 5566 2236 5616 usu,
2266 5549 2360 5603 sed
2390 5550 2811 5620 geometricum.
2838 5548 3217 5617 Moses'enim,
3245 5556 3337 5625 qui
3364 5558 3509 5626 apud

1916 5642 2203 5716 Egyptios
2239 5654 2415 5699 artem
2473 5644 2792 5714 geometria:
2842 5644 3152 5714 didicisset,
3187 5648 3241 5702 in
3298 5648 3402 5704 hac
3441 5651 3511 5705 de
