4204 6450
243 392 355 456 253

1484 398 1880 456 ΛΧΧΛΗΠΜ
1928 399 2116 456 l‘Allri
2156 398 2228 457 ll.

3368 406 3468 468 253i

244 504 380 574 πρὸς
413 504 1011 575 αὐτοὺςικληροδοσίαν,
1045 507 1138 561 καὶ
1164 508 1428 576 κρείττων
1468 509 1565 576 τῆς
1609 508 1799 560 ἑαυτοῦ

1909 524 2013 576 quc
2048 513 2348 578 meliorem,
2391 524 2517 581 post
2560 514 2879 570 divisionem
2931 518 3073 570 inter
3107 516 3229 573 Non:
3276 518 3476 575 lil'eros

244 596 369 662 γῆς,
396 596 729 664 τυραννικῶς
754 598 1105 666 καθήρπαξεν
1126 599 1316 668 αὐτὴν,
1349 601 1441 651 καὶ
1466 602 1592 661 τοὺς
1629 602 1691 651 ἐκ
1716 598 1807 651 τοὺ

243 684 361 754 Σὴμ
389 685 758 755 κληρονόμους
787 688 996 740 ἐκεῖθεν
1023 689 1274 758 ἐξήλασε.
1296 688 1399 740 Καὶ
1429 688 1572 740 οὕτω
1603 692 1749 741 πᾶσα
1773 690 1805 757 ή

243 776 314 843 γῆ
342 779 443 843 τῆς
469 777 801 843 ἐπαγγελίας
831 780 925 830 τοῦ
951 780 1171 832 Χαναὰν
1195 778 1637 847 προσηγορεύθη.
1705 780 1809 830 Καὶ

251 866 513 935 Ἰώσηπος
538 868 592 919 δέ
619 885 786 936 φησιν
815 869 901 921 ὅτε
925 869 1147 921 Χαναὰν
1176 870 1437 937 τέταρτος
1462 867 1537 920 ὦν
1566 869 1659 919 τοῦ
1681 870 1809 938 Χὰμ

238 960 391 1021 παῖς,
431 958 528 1028 τὴν
600 960 862 1012 Ίιυδαίαν
910 960 1258 1029 καλουμένην
1296 961 1525 1027 οξκήσας
1586 961 1808 1013 Χαναὰν

236 1049 330 1117 ἀφ’
373 1049 565 1101 ἑαυτοῦ
598 1052 1058 1120 προσηγόρευσεν.

318 1140 378 1192 '0
407 1142 463 1193 δὲ
512 1141 630 1208 Σὴμ
667 1146 830 1211 γεννᾷ
864 1146 956 1195 τὸν
1005 1142 1273 1213 Ἀρφαξᾶ,
1335 1142 1580 1214 Ἀρφαξᾶ
1620 1143 1676 1195 δὲ
1717 1146 1808 1195 τὸν

235 1233 461 1285 Καῖνᾶν.
524 1227 693 1297 Οὗτος
747 1235 803 1287 δὲ
840 1237 868 1287 ό
908 1238 1135 1301 Καϊνᾶς,
1195 1237 1269 1301 ὥς
1327 1255 1459 1307 φησι
1512 1237 1804 1305 Γεώργιος,

232 1324 617 1394 συνεγράψατο
648 1329 748 1396 τὴν
799 1329 1185 1398 ἀστρονομίαν,
1229 1329 1479 1398 εὑρηκὼς
1513 1330 1613 1401 τὴν
1654 1331 1805 1400 παρὰ

229 1414 325 1467 τοῦ
358 1416 464 1485 Σὴθ
493 1419 585 1471 καὶ
617 1417 727 1468 τῶν
750 1417 914 1470 αὑτοῦ
940 1420 1142 1472 τέκνων
1167 1420 1484 1473 ἐκτεοεῖσαν
1510 1421 1806 1485 ὀνομασίαν

228 1504 341 1558 τῶν
398 1507 645 1576 ἀστέρων
701 1511 759 1561 ὲν
800 1509 971 1561 πλακὶ
1030 1510 1209 1580 λιθίνῃ
1266 1513 1682 1582 γεγραμμένην.
1742 1514 1804 1565 Οί

227 1596 342 1666 γὰρ
378 1598 470 1650 τοῦ
489 1594 601 1668 Σὴθ
626 1597 839 1667 ἔγγονοι
870 1602 1282 1670 προμυηθέντες
1312 1603 1519 1656 ἄνωθεν
1552 1605 1653 1671 τὴν
1682 1604 1808 1672 μέλ-

226 1689 430 1741 λουσαν
463 1689 720 1757 γενέσθαι
746 1692 956 1763 φθορὰν
985 1693 1092 1745 τῶν
1137 1694 1443 1762 ἀνθρώπων
1479 1696 1570 1747 διά
1602 1713 1661 1748 τε
1696 1712 1804 1748 πυ-

234 1778 326 1846 ρὸς
371 1780 467 1830 καὶ
515 1778 733 1843 ὓδατος,
768 1782 867 1835 καὶ
919 1784 1249 1853 ποιήσαντες
1292 1784 1387 1838 δύο
1418 1786 1639 1857 στήλας,
1675 1787 1805 1856 μίαν

233 1869 338 1939 μὲν
372 1869 602 1941 λιθίνην,
630 1872 825 1941 ἑτέραν
844 1873 900 1926 δὲ
926 1873 1225 1945 πλινθίνην,
1249 1876 1497 1946 ἔγραψαν
1527 1880 1593 1931 τὰ
1628 1880 1691 1932 ἐκ
1712 1879 1805 1932 τοῦ

227 1962 455 2016 πάππου
486 1963 668 2017 αὐτῶν
698 1965 803 2034 Σὴθ
838 1966 1132 2020 ἐκτεθέντα
1179 1967 1407 2036 οὐράνια
1431 1969 1628 2033 πάντα,
1660 1971 1809 2039 λογι-

228 2053 460 2119 σάμενοι
517 2053 599 2105 ὅτι
652 2055 701 2105 εί
746 2054 845 2123 μὲν
889 2054 958 2108 δι’
989 2054 1185 2118 ὓδατος
1220 2058 1247 2108 ὁ
1302 2058 1509 2127 κόσμος
1537 2060 1805 2133 φθαρῇ,ή

223 2144 401 2214 λιθίνη
464 2146 634 2217 στήλη
682 2149 835 2216 μενεί
880 2150 974 2200 καὶ
1024 2149 1093 2201 τὰ
1145 2150 1203 2202 ὲν
1256 2151 1805 2228 αὑτῇῠγεγραμμένα

227 2238 384 2307 (ἥτις
412 2237 579 2308 στήλη
618 2238 756 2307 μετὰ
802 2240 892 2293 τὸν
921 2240 1307 2311 κατακλυσμὸν
1361 2246 1441 2304 εἰς
1493 2246 1552 2296 τὸ
1595 2246 1805 2317 Σίδιρον

223 2327 353 2400 ὅρος
373 2328 577 2399 ἔμεινε,
596 2330 693 2384 κα)⁸
716 2329 864 2383 ἐστιν
889 2330 993 2393 ἕως
1017 2331 1163 2402 ἄρτι,
1184 2330 1259 2393 ῶς
1293 2349 1459 2401 φησιν
1496 2331 1800 2405 Ἰώσηπος),

223 2424 276 2475 εἰ
306 2422 364 2474 δὲ
398 2422 486 2477 διὰ
508 2423 679 2494 πυρὸς
710 2407 939 2495 γένηταῖ
972 2426 1004 2495 ἡ
1054 2424 1253 2495 φθορὰ,
1293 2428 1450 2495 μενεί
1493 2426 1557 2481 ἂν
1587 2430 1620 2497 ἠ
1650 2429 1805 2483 πλιν-

223 2518 371 2588 θίνη.
686 2570 695 2591 ι

307 2615 578 2688 ’Δνεφάνη
617 2616 673 2670 δὲ
705 2619 768 2671 ὲκ
802 2617 899 2687 τῆς
922 2617 1016 2670 τοῦ
1041 2617 1160 2689 Σὴμ
1185 2618 1359 2689 φυλῆς
1386 2619 1574 2691 ἕτερος
1615 2637 1803 2689 γιγαν-

222 2707 454 2777 τογενὴς
505 2708 743 2780 τοῦνομα
796 2710 1023 2780 Κρόνος.
1078 2707 1248 2772 Οὗτος
1311 2712 1452 2764 πάνυ
1509 2713 1801 2781 γενόμενος

223 2798 450 2862 δυνατὸς
478 2802 571 2853 καὶ
604 2800 834 2863 πολλοὺς
866 2801 1158 2866 ὑποτάξας,
1188 2803 1405 2870 πρῶτος
1442 2804 1717 2869 κατέδειξε
1742 2808 1802 2858 τὸ

224 2885 537 2955 βασιλεύειν
571 2889 664 2940 καὶ
696 2889 803 2941 τῶν
832 2889 1008 2942 ἄλλων
1062 2893 1305 2958 κρατεῖν,
1340 2893 1432 2942 καὶ
1475 2891 1801 2959 βασιλεύσας

157 3014 165 3019 ι
222 2980 441 3050 πρῶτος
475 2980 777 3050 ’Δτσυρίων
806 2983 899 3049 ἐτη
931 2979 1018 3045 νς¹
1061 2982 1298 3042 ὑπέταξε
1337 2985 1517 3035 πᾶσαν
1558 2984 1659 3053 τὴν
1697 2989 1801 3055 γῆν

222 3070 509 3143 Περσίδος.
533 3072 689 3125 Μετὰ
716 3072 772 3124 δὲ
798 3071 1004 3142 Κρόνον
1021 3070 1349 3125 ’ἐϐασίλευσε
1380 3073 1542 3135 Νῖνος
1574 3072 1669 3142 ἐτη
1698 3070 1798 3140 νβ’,

1778 1843 1881 1897 -Β

1914 601 2107 655 iactant
2155 622 2252 672 per
2286 608 2392 658 vim
2446 608 2585 663 hanc
2618 610 2785 675 ipsam
2827 612 3090 679 rapuisse,
3135 627 3195 665 ac
3232 624 3479 680 posteros

1912 705 1973 743 ex
2005 706 2067 744 ca
2100 694 2243 747 Serui
2284 695 2524 762 ejecisse.
2563 699 2683 761 Quo
2722 700 2919 752 factum
2955 710 3014 753 ut
3044 700 3298 754 universa
3337 712 3479 757 terra

1911 780 1999 833 illa
2028 783 2406 849 promissionis
2439 786 2747 843 Chanaanis
2796 792 2946 859 regio
2978 802 3284 844 vocaretur.
3318 790 3478 845 Jose-

1913 872 2052 937 phus
2078 888 2297 943 quoque
2318 889 2711 934 commemorat
2738 894 2766 933 a
2801 882 3094 936 Chanaane
3116 880 3478 938 Chananantm

1911 959 2081 1015 fuisse
2110 966 2461 1032 appellatam.

1981 1140 2176 1192 Scmus
2210 1150 2390 1195 autem
2454 1142 2765 1211 Arphaxam
2812 1147 3139 1212 procreavit,
3202 1149 3480 1217 Arphaxas

1908 1230 2229 1297 Caittanem,
2263 1235 2354 1302 qui
2388 1245 2609 1289 auctore
2641 1235 2873 1307 Georgio
2903 1238 3056 1291 libris
3086 1241 3478 1293 astronomiam

1909 1324 2229 1391 Complexus
2271 1335 2520 1388 cst,euni
2576 1328 2973 1395 appellationes
3032 1331 3271 1383 siderum
3304 1347 3331 1384 a
3386 1334 3483 1386 Se-

1909 1415 2006 1467 tho
2033 1414 2263 1483 ejusque
2304 1417 2539 1482 posteris
2566 1415 2833 1470 iudicatas
2854 1427 2908 1471 et
2940 1418 3150 1487 lapidea
3186 1421 3238 1473 in
3298 1424 3478 1476 tabula

1909 1504 2240 1572 per-seriptas
2306 1505 2621 1572 reperissct.
2687 1506 2821 1559 Nam
2883 1523 3006 1561 cum
3053 1508 3088 1562 ii
3139 1511 3308 1563 multo
3355 1522 3481 1566 ante

1908 1594 2137 1649 fuissent
2163 1596 2342 1649 edocti
2378 1596 2618 1649 futurum
2656 1606 2713 1651 ut
2744 1599 2993 1653 homines
3030 1610 3137 1654 tam
3174 1619 3271 1672 per
3302 1607 3480 1672 ignem

1908 1702 2069 1756 quam
2105 1704 2301 1757 aquam
2338 1690 2652 1753 interirent,
2685 1692 2885 1746 erectis
2919 1693 3134 1748 duabus
3188 1696 3477 1760 enlumnis,

1914 1795 2144 1847 quarum
2192 1797 2297 1834 una
2333 1782 2545 1852 lapidea
2580 1786 2741 1847 l'oret,
2797 1784 2964 1837 altera
3008 1786 3269 1853 latrricia,
3314 1790 3479 1843 culle—

1912 1870 2077 1922 stium
2139 1885 2321 1924 rerum
2378 1872 2780 1941 descriptiones
2808 1876 2875 1926 ah
2928 1890 3030 1928 avo
3090 1879 3363 1944 expositas
3415 1879 3481 1933 iis

1910 1960 2041 2027 ipsis
2076 1962 2498 2031 insculpserant,
2531 1978 2654 2017 cum
2696 1978 2881 2018 secum
2946 1966 3184 2021 rationes
3237 1970 3335 2023 has
3381 1971 3481 2023 ini-

1908 2049 2132 2113 vissent,
2160 2051 2427 2120 siquidem
2466 2054 2783 2109 usuvcniret
2816 2064 2875 2109 ut
2903 2070 3001 2125 per
3026 2068 3219 2125 aquam
3243 2061 3480 2114 mundus

1908 2140 2178 2205 interiret,
2207 2143 2474 2210 lapideam
2517 2147 2827 2200 columnam
2854 2161 2979 2201 cum
3023 2148 3297 2217 inscriptis
3330 2150 3477 2204 litte-

1906 2235 1982 2287 ris
2018 2235 2448 2303 superiuturain,
2474 2253 2593 2306 (iure
2615 2254 2746 2292 sane
2780 2240 3184 2308 postdiluvium
3211 2242 3262 2293 in
3296 2252 3480 2297 monte

1907 2325 2089 2380 Sidiro
2121 2327 2266 2382 salva
2309 2339 2525 2397 reperta
2564 2337 2645 2384 est
2690 2330 2961 2400 hodieque
2996 2340 3184 2397 restat,
3237 2332 3479 2403 Josepho

1906 2425 2048 2472 teste
2077 2435 2091 2482 ;
2127 2417 2211 2472 sin
2239 2433 2336 2487 per
2367 2418 2548 2488 ignem
2579 2425 2819 2475 mundus
2860 2432 3330 2492 corrumperetur,
3364 2440 3479 2478 om-

1905 2509 2040 2564 nino
2073 2520 2458 2579 superaturam
2486 2512 2801 2567 columnam
2834 2514 3159 2568 latericiam.

1977 2601 2246 2654 tlaaterum
2287 2616 2351 2653 ex
2413 2601 2582 2670 stirpe
2623 2601 2767 2656 Semi
2818 2603 3038 2672 quidam
3111 2606 3338 2674 exstitit,
3398 2608 3478 2675 gi-

1905 2700 2128 2760 gantum
2154 2691 2364 2760 origine
2398 2702 2570 2758 satus,
2600 2696 2684 2747 cui
2711 2709 2907 2749 nomen
2942 2706 3091 2751 esset
3123 2696 3358 2753 Cronus.
3378 2698 3479 2755 Hic

1904 2798 2027 2837 cum
2058 2797 2307 2853 magnam
2364 2784 2430 2838 ad
2499 2787 2795 2853 potentiam
2842 2796 2990 2841 esset
3044 2800 3267 2843 evectus
3304 2792 3478 2860 impe-

1903 2876 2095 2944 rioque
2142 2891 2242 2929 suo
2300 2876 2500 2931 multos
2557 2879 2817 2932 mortales
2863 2880 3207 2949 subiecisset,
3270 2882 3479 2950 primus

1903 2968 2161 3036 regnandi
2187 2968 2407 3022 modum
2430 2978 2486 3022 et
2514 2968 2654 3024 alios
2681 2971 2782 3024 sub
2801 2971 2987 3040 jugum
3021 2972 3269 3027 mittendi
3293 2982 3477 3029 osten-

1902 3060 2020 3124 dit;
2088 3074 2322 3127 eumque
2389 3060 2643 3130 princeps
2711 3063 3055 3131 Assyriorum
3127 3077 3295 3133 regno
3335 3074 3477 3120 totos

219 3163 280 3225 ὃς
315 3179 379 3229 γε
417 3163 516 3232 τὴν
542 3163 750 3215 οἰκείαν
780 3163 995 3233 μητέρα
1037 3163 1345 3233 Σεμίραμιν
1374 3163 1557 3215 λαϐὼν
1582 3166 1662 3227 είς
1703 3180 1799 3231 γυ·-

1903 3148 1970 3201 56
2002 3163 2175 3203 annos
2209 3149 2500 3215 potiretur,
2530 3151 2843 3205 universam
2885 3152 2988 3206 sibi
3031 3151 3303 3208 Persidem
3330 3154 3478 3208 dicto

219 3254 409 3317 ναῖκα,
429 3254 592 3323 νόμος
615 3252 835 3321 ἐγένετο
858 3253 1096 3324 Πέρσαις
1129 3253 1432 3323 λαμϐάνειν
1460 3255 1559 3318 τὰς
1589 3256 1798 3308 ἑαυτῶν

222 3348 471 3418 μητέρας
506 3348 601 3399 καὶ
661 3346 914 3415 ἀδελφάς.
985 3346 1075 3409 Ἐξ
1103 3339 1164 3398 οὑ
1214 3347 1405 3413 γένους
1460 3348 1675 3415 ἐγένετο
1707 3349 1801 3400 καὶ

220 3438 581 3510 Ζωρόαστρος
611 3440 638 3491 ὁ
678 3438 1005 3509 περιϐόητος
1064 3439 1293 3508 Περσῶν
1349 3440 1704 3509 ἀστρονόμος,
1741 3440 1798 3501 ὃς

220 3525 347 3584 εἷπε
406 3532 515 3591 τοῖς
572 3529 835 3595 Πέρσαις,
899 3546 917 3579 ι
972 3522 1314 3600 Ἐἐινκαύσῃ
1347 3545 1414 3599 με
1446 3529 1506 3582 τὸ
1547 3530 1798 3600 οὐρῆιιιον

222 3623 337 3693 πῦρ
364 3663 380 3689 ,
420 3639 439 3673 ι
495 3620 683 3692 (τοῦτο
721 3620 830 3690 γὰρ
879 3619 972 3674 καὶ
1022 3617 1250 3689 ηὔχετο)
1305 3639 1323 3672 ι
1367 3620 1561 3674 λάϐετε
1589 3624 1652 3673 ὲκ
1690 3622 1799 3673 τῶν

217 3719 424 3771 ὀστέων
456 3733 581 3787 μου,
620 3715 713 3768 καὶ
752 3714 1056 3784 φυλάσσετε
1089 3714 1168 3773 εἰς
1210 3714 1471 3768 σύστασιν
1506 3716 1602 3785 τῆς
1644 3716 1795 3783 βασιι

216 3810 373 3871 λείας
400 3808 576 3875 ὑμῶν.
615 3826 634 3857 ι
688 3807 750 3857 ’³0
788 3804 852 3877 δὴ
892 3806 986 3857 καὶ
1015 3808 1256 3874 γέγονεν.
1316 3805 1405 3857 Ἐν
1428 3805 1484 3857 δὲ
1510 3808 1622 3868 ταῖς
1659 3808 1799 3859 ἱστο-

223 3903 371 3973 ρίαις
398 3895 483 3964 αἷς
511 3899 780 3970 ἐχρήσατο
806 3897 947 3951 κατὰ
983 3896 1274 3950 Ἰουλιανοῦ
1298 3899 1324 3949 ό
1345 3897 1590 3965 θεολόγος
1626 3898 1798 3966 μέγας

216 3993 523 4064 Γρηγόριος
546 3993 644 4044 καὶ
676 3989 798 4043 τάδε
828 3987 984 4059 φησί·
1018 3988 1130 4056 Τὴν
1157 3988 1522 4058 ἀστρονομίαν
1544 3989 1793 4057 λέγονται

216 4086 440 4155 πρῶτον
480 4084 774 4153 εὑρηκέναι
801 4080 1136 4133 Βαϐυλώνιοι
1157 4079 1246 4131 διὰ
1270 4080 1648 4151 Ζωροάστρου,
1679 4079 1798 4133 δεύ-

215 4192 381 4245 τερον
432 4174 490 4227 δὲ
522 4172 770 4236 ἐδέξαντο
831 4171 880 4223 oi
931 4169 1245 4237 Αἰγύπτιοι.
1307 4170 1418 4239 Τὴν
1470 4170 1525 4223 δὲ
1562 4170 1797 4239 μαγείαν

216 4260 383 4337 εὗρον
410 4264 607 4333 Μῆδοι,
634 4259 751 4315 εἶτα
787 4260 1021 4331 Πέρσαι.
1051 4260 1312 4328 Διαφέρει
1340 4260 1396 4312 δὲ
1438 4261 1640 4329 μαγεία
1668 4276 1799 4330 γοη-

215 4361 396 4421 τείας.
433 4357 542 4411 Καὶ
571 4358 604 4426 ἠ
634 4356 735 4426 μὲν
768 4354 970 4425 μαγεία
999 4352 1290 4421 ὲπίκλησίς
1330 4354 1496 4415 ἐστιν,
1532 4352 1607 4416 ὥς
1639 4369 1792 4421 φασι,

216 4448 497 4518 δαιμόνων
528 4442 881 4512 ἀγαθοποιῶν
914 4441 1050 4508 πρὸς
1089 4439 1297 4507 ἀγαθοῦ
1325 4455 1470 4501 τινος
1495 4438 1756 4490 σύστασιν
1779 4453 1792 4468 ·

1901 3238 2214 3292 audientem
2242 3238 2501 3293 reddidit.
2542 3238 2674 3294 Post
2716 3239 2957 3294 Cronum
2995 3240 3066 3294 52
3091 3258 3266 3297 annos
3301 3243 3478 3299 Ninus

1901 3331 2169 3400 regnavit,
2200 3331 2292 3399 qui
2332 3346 2455 3385 cum
2488 3339 2719 3385 matrem
2767 3347 3089 3402 germanam
3158 3333 3477 3389 Setniran.i-

1900 3422 2024 3477 dem
2076 3425 2431 3479 matrimonio
2465 3425 2567 3479 sibi
2619 3425 2913 3495 iunxisset,
2945 3427 3027 3481 lex
3081 3428 3225 3496 apud
3284 3427 3478 3485 Persas

1902 3515 2146 3577 inolevit,
2184 3530 2291 3585 qua
2324 3515 2406 3569 fas
2432 3526 2580 3571 esset
2608 3527 2810 3571 matres
2851 3533 2915 3571 ac
2950 3533 3171 3573 sorores
3197 3520 3251 3573 in
3275 3535 3477 3575 uxores

1899 3608 2126 3662 ducere.
2150 3608 2357 3663 Prodiit
2379 3626 2442 3664 ex
2472 3610 2573 3664 hac
2598 3610 2800 3663 familia
2826 3619 2879 3663 et
2900 3609 3208 3674 Zoroastcr,
3250 3613 3478 3684 insignis

1899 3716 1963 3755 ac
1997 3701 2389 3757 celeberrimus
2447 3702 2538 3757 ille
2601 3702 2887 3758 Persarum
2941 3713 3329 3770 astronomus;
3380 3708 3473 3776 qui

1899 3794 2080 3848 Persis
2122 3795 2379 3862 praecepit
2412 3803 2471 3847 ut
2524 3795 2569 3847 si
2606 3795 2674 3849 ab
2712 3796 2836 3864 igne
2869 3794 3076 3850 t-(elesti
3124 3808 3473 3861 exoreretur,

1900 3885 1953 3940 id
2002 3884 2145 3954 quod
2175 3885 2314 3937 votis
2345 3885 2634 3954 expetebat
2666 3896 2721 3941 ut
2770 3888 2942 3950 ﬁeret,
3001 3888 3208 3943 ossium
3249 3904 3474 3944 suorum

1900 3975 2162 4043 reliquias
2194 3987 2495 4042 sumerent,
2536 3988 2738 4045 easque
2767 3979 2833 4032 ad
2892 3980 3045 4049 regni
3090 3980 3474 4035 excitationem

1900 4076 2326 4131 eonserrarent;
2361 4069 2445 4121 cui
2475 4068 2818 4137 przedictioni
2864 4082 3096 4124 everttus
3133 4072 3334 4125 deinde
3389 4087 3475 4126 re-

1898 4159 2138 4228 spondit.
2174 4159 2234 4211 In
2266 4159 2509 4211 historiis
2546 4158 2655 4213 illis
2678 4160 2877 4228 quibus
2907 4160 3170 4214 adversus
3198 4162 3473 4216 .Iulianurn

1898 4251 2193 4331 Gregorius
2224 4250 2315 4303 ille
2341 4248 2657 4317 Theologus
2690 4265 2819 4305 usos
2839 4260 2942 4315 est,
2974 4251 3086 4304 haee
3127 4252 3287 4304 etiam
3308 4256 3473 4306 verba

1898 4341 2252 4409 reperiuntur
2312 4340 2770 4394 :Astronomiam
2831 4341 3019 4409 primi‘
3047 4340 3325 4411 Babylooii
3381 4358 3476 4410 per

1901 4430 2247 4485 Zoroastrum
2298 4431 2572 4485 invenisse
2614 4432 2991 4499 perhibentur.
3041 4448 3070 4485 a
3109 4433 3312 4501 quibus
3354 4448 3471 4486 eam

215 4507 450 4608 γοητεία
471 4535 527 4587 δέ
567 4507 682 4586 έστι
718 4507 990 4600 δαιμόνων
1024 4528 1335 4581 κακοποιῶν
1382 4528 1510 4597 περὶ
1547 4526 1672 4587 τοὺς
1703 4526 1797 4578 τά-

1902 4524 2163 4593 deinceps
2205 4521 2449 4592 Egyptii
2492 4523 2826 4591 acceperint.
2862 4522 3035 4592 Magia
3069 4522 3347 4576 Medorum
3386 4523 3473 4575 in-

216 4648 356 4702 φους
389 4628 718 4697 εἰλουμένων
748 4626 840 4678 ἐπὶ
875 4623 1045 4676 κακοῦ
1081 4638 1223 4683 τινος
1251 4621 1530 4683 σύστασις.
1568 4618 1795 4687 Ιόητεία

216 4728 277 4780 δὲ
310 4723 545 4794 ήκονσεν
576 4718 684 4772 ἀπὸ
712 4716 822 4770 τῶν
872 4714 1013 4784 γοῶν
1070 4716 1165 4766 καὶ
1200 4714 1309 4763 τῶν
1344 4710 1561 4780 θρήνων
1595 4708 1704 4760 τῶν
1738 4710 1795 4760 ἐν

214 4817 335 4876 τοῖς
365 4813 559 4879 τάφοις
594 4807 918 4877 γινομένων,
960 4803 1164 4872 μαγεία
1192 4801 1249 4853 δὲ
1292 4800 1401 4851 ἀπὸ
1431 4797 1796 4866 Μαγουσαίιιρν

217 4907 344 4976 ἦτοι
380 4900 628 4971 Περσῶν,
661 4896 787 4950 ὅθεν
822 4895 943 4965 ἔσχε
977 4895 1071 4946 καὶ
1102 4892 1199 4961 τὴν
1227 4893 1434 4961 ἀρχὴν·
1473 4888 1681 4955 Μαγὼς
1710 4891 1800 4957 ἐγ-

217 4996 438 5067 χωρίως
460 4993 508 5044 οἱ
540 4990 745 5057 Πέρσαι
776 4988 1048 5053 λέγονται.
1082 4985 1138 5036 '0
1168 4983 1352 5050 μέντοι
1393 4981 1564 5051 μέγας
1598 4979 1797 5051 Κζριλ-

218 5095 313 5151 λος
345 5089 403 5140 ἐν
429 5087 540 5147 τοῖς
571 5083 710 5135 κατὰ
761 5078 1050 5132 Ἰουλιανοῦ
1082 5076 1177 5128 καὶ
1210 5076 1337 5128 τάδε
1374 5076 1602 5144 γράφων
1629 5071 1797 5144 εὗρηεο

216 5200 334 5241 ται,
361 5181 441 5232 ὅτι
471 5176 610 5246 μετά
644 5172 932 5226 ἐννακόσια
969 5167 1065 5237 ἔτη
1118 5165 1210 5218 τοῦ
1249 5165 1638 5234 κατακλυσμοῦ
1688 5164 1798 5220 τῶν

230 5270 540 5341 Ἀσσνρῖων
567 5265 915 5319 ἐϐασίλευσεν
944 5260 1213 5329 Ἀρὸυλος
1249 5258 1464 5327 πρῶτος
1495 5260 1551 5309 ἐν
1580 5257 1795 5327 ἀνθρώ-

221 5360 559 5429 ποις.υὺτος
583 5361 707 5429 ἔσχε
742 5357 953 5426 πρῶτος
987 5358 1063 5416 είς
1096 5353 1289 5405 ἑαυτὸν
1320 5353 1379 5403 τὸ
1406 5353 1501 5420 τῆς
1546 5351 1801 5420 θεότητος

216 5462 413 5516 Evam.
460 5454 619 5507 Ἀλλὰ
656 5453 747 5504 καὶ
784 5448 941 5509 Νῖνος
974 5447 1001 5499 ό
1033 5445 1243 5498 ἐκείνου
1276 5446 1404 5504 παῖς
1430 5443 1647 5513 πρῶτος
1673 5443 1799 5495 Ἀσ-

222 5514 431 5620 cup-Sum
466 5545 740 5615 ἐπιφανῶς
799 5538 1122 5610 βασιλεῦσαι
1157 5536 1395 5603 λέγεται,
1425 5529 1485 5588 οὑ
1512 5536 1799 5603 ἐπώνυμος

220 5648 257 5715 ἡ
323 5638 561 5708 Νινευὴ,
618 5632 803 5708 ἦςτὰ
849 5634 1005 5701 τείχη
1068 5630 1378 5699 Σεμίραμις
1442 5628 1800 5699 μεγαλοφυῶς

216 5740 581 5791 ὲσκευασατο.

1902 4625 2125 4669 ventum
2152 4624 2258 4675 est,
2289 4629 2319 4667 a
2351 4614 2551 4683 quibus
2594 4615 2661 4669 ad
2716 4614 2910 4668 Persas
2972 4613 3234 4668 manarit.
3278 4614 3475 4667 Diilert

1902 4704 2077 4761 bacca
2142 4705 2342 4775 goetia,
2400 4704 2547 4773 quod
2606 4705 2785 4774 magia
2836 4705 2907 4757 sit
2964 4703 3294 4771 imploratio,
3332 4702 3477 4755 sicut

1900 4795 2075 4852 aiunt,
2102 4793 2472 4847 beneﬁcorum
2505 4794 2787 4858 geniorum
2827 4792 2894 4845 ad
2956 4790 3082 4845 boni
3122 4790 3352 4861 alicujus
3396 4794 3479 4844 cf-

1900 4885 2220 4946 fectionem,
2276 4884 2455 4953 goetia
2525 4899 2652 4937 Vt'I‘O
2709 4883 3080 4937 ntaleﬁeorum
3122 4882 3475 4950 compellatio

1902 4978 2329 5049 genioruin,qui
2362 4976 2568 5029 circum
2625 4976 2876 5043 sepulcra
2929 4974 3264 5035 volutantur.
3321 4971 3478 5040 139

1901 5072 1968 5126 ad
2005 5072 2129 5124 mali
2162 5070 2397 5139 alicujus
2427 5068 2801 5123 cffectiouem.
2834 5067 2896 5119 Et
2936 5067 3127 5135 goetite
3164 5081 3367 5118 nomen
3401 5066 3475 5116 l‘a-

1900 5174 2048 5221 ctum
2085 5174 2169 5219 cst
2195 5179 2223 5217 ιι
2258 5162 2559 5234 ploratibus
2592 5170 2649 5216 et
2697 5160 2975 5223 lamentis,
3023 5175 3143 5228 quae
3180 5174 3479 5212 consueve-

1902 5267 2033 5312 runt
2066 5257 2119 5310 in
2156 5256 2426 5325 sepulcris
2481 5254 2767 5318 exsistere,
2799 5268 2923 5305 cum
2989 5251 3161 5319 magia
3200 5249 3415 5302 dicatur
3447 5264 3478 5302 a

1904 5349 2208 5419 Magnszris,
2231 5350 2332 5401 hoc
2363 5356 2447 5401 est
2469 5345 2671 5408 Persis,
2704 5342 2950 5414 ejusdem
2977 5339 3309 5394 auctoribus.
3343 5337 3477 5390 Nunt

1905 5442 2102 5498 Persas
2137 5442 2317 5511 Magos
2353 5438 2613 5509 appellari
2655 5437 2838 5505 lingua
2876 5434 3008 5505 ipsis
3038 5432 3328 5487 vernacula
3354 5446 3483 5484 too-

1908 5544 2037 5588 stat.
2077 5533 2317 5605 Cyr-illus
2358 5540 2561 5593 autem,
2619 5534 2674 5582 in
2708 5528 2865 5582 libris
2905 5526 3169 5580 adversus
3200 5521 3481 5577 Julianutn

1907 5628 2151 5696 scriptis,
2190 5624 2359 5679 refert
2391 5634 2513 5694 post
2545 5637 2720 5677 annos
2751 5636 2780 5675 ιι
2809 5619 3018 5674 diluvio
3053 5626 3359 5687 nongentos
3379 5615 3486 5669 Ar-

1908 5719 2093 5788 byluni
2148 5732 2331 5786 regem
2388 5716 2625 5786 Assyriis
2712 5713 3077 5782 imperitasse,
3136 5711 3227 5779 qui
3272 5707 3510 5767 primus.

226 5830 513 5886 horninum
546 5825 647 5880 sibi
672 5823 971 5880 divinitatis
1027 5818 1452 5892 appellationem
1502 5813 1792 5887 arrogarit.
1835 5810 2092 5886 Ejusdem
2160 5813 2300 5867 (ilius
2367 5812 2540 5865 Ninus
2582 5808 2788 5882 primus
2817 5805 2956 5877 apud
2992 5805 3238 5874 Assyrius
3258 5813 3485 5871 regnum
