4204 6450
724 396 830 457 259

1975 395 2394 454 MICIIAELIS
2436 396 2696 455 (ΠΛἙλΕ

3863 386 3965 450 260

728 508 854 560 lisse
895 504 1166 573 speciem;
1206 518 1305 557 nec
1339 514 1396 557 ut
1429 503 1676 557 homines
1719 502 2047 567 comedisse,
2089 503 2287 570 quippe

2392 501 2517 554 οῦτε
2549 502 2753 569 ἔφαγον
2802 501 2875 562 ὼς
2926 500 3232 569 ἄνθρωποι,
3270 499 3389 552 ἀλλ’
3416 499 3639 552 ἐδόκουν
3672 499 3875 551 ἐσθίειν
3905 500 3970 568 τῇ

724 599 811 666 qui
838 596 1010 649 oculis
1036 596 1357 650 intuentium
1389 594 1675 649 comedere
1705 594 2041 654 viderentur,
2062 608 2182 646 cum
2215 595 2297 644 in-

727 689 883 743 terim
915 687 1095 740 divina
1146 686 1380 755 quadam
1406 688 1453 738 vi
1513 687 1795 755 appositus
1846 687 1997 739 cibos
2033 685 2288 737 absnnie-

724 793 867 834 rent.
908 781 1042 833 Nam
1098 782 1238 849 qtiod
1262 782 1341 832 ita
1374 780 1590 831 Litlcrm
1623 795 1791 832 sacra:
1815 779 2107 846 loquantur
2136 776 2291 845 quasi

723 871 965 938 apposita
1016 869 1373 931 t'ulttCtht‘ittt,
1421 867 1553 921 nihil
1606 880 1688 921 est
1739 882 1961 919 novum.
2014 864 2147 917 Nam
2194 879 2292 933 par

721 972 806 1013 est
850 961 1073 1014 credere
1116 960 1295 1015 vocari
1338 960 1816 1013 mandurationem
1855 959 2288 1027 ipsamciburum

721 1053 1178 1121 absumptionem.
1215 1050 1350 1105 Tres
1388 1067 1603 1119 quoque
1634 1052 1731 1103 viri
1765 1050 2041 1118 consiiecti
2079 1061 2205 1105 sunt
2236 1052 2287 1103 in

725 1146 1095 1204 tabernaculo,
1139 1154 1196 1197 ut
1229 1144 1606 1213 Chrysostomi
1654 1144 1834 1196 verbis
1868 1155 2103 1205 utamur,
2166 1156 2288 1195 cum

720 1238 829 1289 duo
860 1246 1069 1289 tantum
1102 1234 1331 1287 Sodoma
1387 1232 1659 1288 venerint.
1711 1232 1842 1285 Nam
1906 1232 2025 1285 istic
2067 1231 2287 1299 quidem

680 1381 687 1393 ,
720 1329 997 1393 compecti
1027 1336 1153 1378 sunt
1181 1336 1233 1378 et
1264 1326 1440 1394 angeli
1473 1325 1635 1377 simul
1677 1332 1730 1376 et
1761 1337 1951 1375 eorum
1996 1322 2283 1385 Dominus;

723 1421 807 1473 hie
840 1418 1063 1472 veroilli
1099 1430 1351 1486 tanquam
1381 1416 1616 1469 ministri
1665 1415 2001 1483 ablegantur,
2040 1423 2293 1467 manente

719 1508 861 1579 apud
896 1510 1263 1561 Ahrahannnn
1292 1507 1541 1570 Domino,
1595 1515 1648 1559 ct
1684 1515 1891 1558 tantum
1923 1519 2029 1558 non
2090 1503 2144 1556 in
2177 1519 2291 1557 ino-

723 1615 833 1652 rem
865 1600 1020 1652 amici
1055 1614 1173 1651 cum
1207 1598 1405 1655 amico.
1453 1598 1569 1651 viro
1599 1596 1926 1665 iustissimo,
1962 1596 2030 1649 de
2061 1595 2129 1649 iis
2168 1611 2288 1663 qua:

723 1692 963 1743 facturus
993 1701 1105 1743 erat
1132 1692 1434 1758 disserente
1466 1707 1479 1742 :
1523 1709 1540 1740 ι
1572 1690 1771 1759 Egone,
1806 1688 1998 1757 inquit,
2025 1697 2083 1740 ut
2110 1688 2287 1740 Abra-

724 1784 940 1836 hamuin
981 1782 1240 1835 famulum
1272 1796 1452 1834 meum
1488 1782 1656 1833 celem
1689 1778 1756 1832 de
1787 1778 1853 1831 iis
1881 1791 1999 1846 qua:
2040 1792 2160 1830 sum
2192 1776 2289 1837 .l‘a-

2403 592 2522 660 δψει
2553 593 2662 645 τῶν
2693 592 2964 660 ὁρώντων,
2988 590 3433 659 ἀναλισκομένων
3482 590 3589 642 τῶν
3632 589 3966 659 προτιθεμέ-

2402 698 2509 735 νων
2532 684 2672 735 κατὰ
2704 682 2851 736 θείαν
2884 674 3186 752 ἐνέργειαν.
3215 701 3234 734 ι
3272 682 3337 736 Εί
3372 680 3429 734 δὲ
3462 683 3555 734 καὶ
3588 680 3737 746 λέγει
3761 682 3795 749 ἡ
3832 681 3966 750 Γρα-

2404 776 2478 842 φὴ
2511 778 2591 829 ὅτι
2628 778 2936 846 παρέθηκεν
2969 779 3177 842 αὐτοῖς,
3200 778 3293 830 καὶ
3319 776 3545 845 ἔφαγον,
3584 776 3767 828 καινὸν
3796 776 3968 827 οῦδένο

2406 866 2534 929 ἴσως
2565 867 2673 936 γὰρ
2701 868 2759 921 τὸ
2782 869 3094 938 ἀνηλῶσθαι
3118 869 3315 930 αὐτοὺς
3359 872 3556 936 φαγεῖν
3592 863 3748 920 εἶπεν
3774 868 3807 935 ἡ
3838 867 3967 935 rp}

2404 960 2499 1027 φή.
2537 959 2647 1011 Καὶ
2678 961 2826 1027 τρεῖς
2865 959 2965 1028 μὲν
2994 962 3050 1013 ἐν
3081 962 3146 1030 τῇ
3198 961 3371 1029 σκηνῇ
3421 959 3700 1027 φαίνονται
3757 958 3971 1025 ἄνδρες,

2404 1053 2655 1122 καθάπερ
2678 1055 2707 1107 6
2754 1055 3005 1123 Χρυσοῦς
3061 1058 3159 1122 τὴν
3182 1054 3428 1121 γλῶτταν
3460 1056 3613 1121 φησὶ,
3644 1051 3738 1105 δύο
3780 1051 3838 1103 δὲ
3884 1052 3975 1102 ἐπὶ

2403 1144 2611 1214 Σόδομα
2645 1146 3058 1213 παραγίνονται.
3108 1147 3258 1197 Ἐκεῖ
3298 1145 3399 1213 μὲν
3422 1145 3530 1211 γὰρ
3560 1146 3653 1197 καὶ
3684 1144 3731 1196 οἱ
3754 1142 3972 1209 ἄγγελοι

2402 1235 2497 1287 καὶ
2524 1236 2551 1288 6
2583 1235 2789 1288 τούτων
2812 1236 3078 1304 δεσπότης
3107 1236 3251 1288 κατὰ
3278 1236 3475 1288 ταυτὸν
3498 1233 3783 1301 ὤφθησαν.
3831 1231 3972 1284 Ἀλλ’

2401 1326 2450 1377 οἱ
2476 1326 2574 1393 μὲν
2593 1326 2667 1388 ὡς
2691 1327 2964 1396 ὑπηρέται
2999 1326 3419 1389 ἀπεστέλλοντο,
3446 1327 3473 1378 6
3497 1325 3554 1378 δὲ
3587 1324 3773 1392 ἔμεινε
3799 1323 3974 1374 καθά-

2405 1433 2511 1485 περ
2541 1418 2696 1485 φίλος
2741 1418 2880 1487 φίλῳ
2930 1419 3215 1487 μονονουχὶ
3273 1416 3755 1484 κοινολογούμενος
3782 1411 3864 1482 τῷ
3892 1411 3972 1465 δι-

2402 1508 2541 1577 καίῳ
2593 1508 2737 1580 ᾶπερ
2802 1510 2993 1578 ἔμελλε
3066 1512 3271 1561 ποιεῖν’
3336 1509 3455 1561 «οῦ
3511 1507 3626 1577 μὴ»
3686 1506 3796 1574 γάρ
3838 1518 3971 1573 φησι

2405 1616 2424 1649 ι
2457 1600 2650 1670 κρύψω
2705 1600 2812 1653 ἀπὸ
2878 1600 3130 1669 Ἀϐραὰμ
3171 1599 3266 1652 τοῦ
3320 1599 3511 1661 παιδός
3556 1614 3659 1667 μου
3707 1595 3744 1649 ἃ
3790 1596 3974 1661 μέλλω

2402 1692 2645 1761 ποιῆσαι.
2674 1712 2689 1742 ι
2740 1691 3001 1762 Κύριλ).ος
3029 1692 3087 1743 δὲ
3117 1694 3141 1743 6
3177 1692 3350 1759 μέγας
3384 1690 3510 1758 περὶ
3551 1689 3759 1742 τούτων
3787 1686 3935 1739 οὕτω
3954 1701 3969 1715 ·

2406 1779 2549 1831 «Kal
2573 1784 2719 1849 τρεῖς
2746 1781 2843 1849 μὲν
2868 1781 2926 1832 ἐν
2959 1782 3100 1849 ἀρχῇ
3133 1779 3210 1848 τῷ
3256 1779 3507 1848 ’Δϐραὰμ
3535 1777 3881 1847 προσέϐαλον
3914 1778 3973 1828 ἂν

721 1872 1006 1925 cturus“?
1036 1890 1053 1922 ι
1087 1871 1253 1923 Aliter
1279 1870 1376 1924 hac
1399 1873 1462 1921 de
1491 1885 1546 1921 re
1567 1868 1805 1936 Cyrillus
1836 1867 2068 1933 loquitur
2098 1885 2111 1921 :
2139 1867 2287 1932 Tres,

2398 1881 2466 1948 τῇ
2495 1874 2616 1947 δρυῒ
2662 1848 2753 1943 τῇν
2788 1871 3058 1943 Μαμϐρῆ,
3089 1872 3182 1924 δύο
3217 1873 3274 1925 δὲ
3312 1873 3424 1934 τοῖς
3457 1872 3716 1938 Σοδόμοις
3744 1871 3972 1936 ἐπεφοί-

720 1964 815 2025 ait,
838 1963 975 2031 apud
1018 1977 1277 2030 quercum
1314 1960 1565 2012 Mambrze
1600 1960 1973 2011 Abrahamum
2021 1974 2294 2013 convene-

722 2064 868 2113 runt,
897 2068 1019 2106 cum
1056 2052 1287 2105 Sodoma
1316 2051 1425 2105 duo
1461 2059 1667 2103 tantum
1698 2053 2069 2119 pervenerint.
2103 2049 2293 2103 «Pater

721 2147 866 2199 cnim
900 2161 1004 2198 non
1048 2144 1257 2213 jndicat
1286 2157 1635 2213 quemquam,
1679 2159 1696 2192 ι
1735 2155 1833 2194 cett
1890 2139 2148 2194 Dominus
2176 2141 2291 2208 ipse

717 2236 958 2305 loquitur
976 2238 1040 2297 ’⁸,
1092 2253 1108 2285 ι
1139 2235 1232 2288 sed
1263 2249 1422 2286 omne
1462 2232 1726 2302 judicium
1762 2231 1899 2285 Filio
1932 2230 2221 2295 concessit,
2266 2249 2285 2283 ι

708 2328 802 2379 ττιιὶ
835 2325 1072 2396 Spiritus
1102 2325 1262 2377 etiam
1296 2333 1516 2376 sanctus
1546 2321 1864 2376 naturaliter
1894 2322 2066 2375 adest.
2097 2320 2163 2374 Et
2197 2320 2290 2374 Fi-

711 2419 845 2471 lium
888 2433 1009 2471 cum
1043 2414 1247 2485 Spiritu
1284 2415 1515 2469 Sodoma
1549 2430 1607 2469 se
1637 2414 1931 2482 recepisse,
1966 2412 2096 2467 satis
2126 2414 2290 2467 intel-

715 2511 807 2581 ligi
842 2510 908 2564 de
935 2509 1183 2578 hospitali
1217 2509 1539 2576 exceptione
1558 2506 1849 2561 Abrahami
1871 2522 2028 2575 posse
2061 2521 2288 2576 magnus

715 2602 875 2655 etiam
901 2600 1231 2654 Athanasius
1267 2599 1352 2651 ille
1387 2597 1568 2653 tradit.
1600 2597 1732 2650 Nam
1768 2598 1870 2649 nisi
1914 2595 2082 2651 Filius
2123 2606 2286 2664 atque

716 2694 956 2763 Spiritus
996 2692 1247 2755 fuissent,
1294 2689 1400 2743 Deo
1431 2704 1537 2744 non
1569 2678 1924 2743 assedissent.
1956 2687 2287 2743 Consedisse

714 2796 896 2841 autem
944 2800 1068 2838 cum
1105 2783 1215 2835 Deo
1269 2786 1619 2850 perspicuum
1651 2795 1717 2833 ex
1770 2780 1923 2834 hisce
1978 2781 2156 2835 verbis
2178 2789 2284 2845 est,

720 2894 741 2927 ι
776 2876 912 2931 Tum
950 2874 1027 2928 illi
1061 2882 1522 2927 consurrexerunt
1558 2880 1612 2925 et
1646 2871 1711 2925 ad
1744 2870 2033 2926 Sodomam
2065 2886 2124 2925 se
2150 2886 2285 2926 con-

713 2973 1019 3019 verterunt.
1059 2981 1078 3014 ι
1157 2961 1313 3031 133
1363 2960 1573 3026 Quodsi
1637 2976 1742 3014 una
1802 2974 2283 3029 consurrexerunt,

713 3055 875 3109 etiam
905 3070 1009 3108 una
1052 3053 1354 3115 sederunt;
1386 3062 1440 3106 et
1473 3054 1515 3106 si
1548 3051 1715 3105 Filius
1776 3068 1807 3106 a
1857 3052 2068 3106 dextris
2110 3054 2281 3119 sedet,

714 3156 884 3200 restat
907 3146 1133 3200 omnino
1163 3146 1427 3215 Spiritum
1462 3160 1490 3198 ο
1526 3144 1764 3199 sinistris
1793 3144 2098 3198 considere.
2127 3144 2283 3210 Quod

712 3238 931 3303 quidem
964 3238 1124 3299 valet,
1153 3237 1194 3290 si
1232 3237 1353 3289 loco
1385 3235 1542 3290 Pater
1594 3235 2089 3289 ciremnscrihatur.
2150 3236 2283 3290 Nam

715 3331 1010 3397 caeteroqui
1056 3327 1198 3397 apud
1242 3328 1418 3395 ipsum
1450 3342 1548 3378 nec
1575 3325 1761 3378 dextra
1789 3337 1872 3379 est
1907 3342 2009 3381 nec
2041 3328 2281 3381 sinistra.

716 3421 885 3489 Igitur
918 3420 1195 3474 assidente
1253 3417 1391 3471 Filio
1460 3418 1697 3485 Spiritus
1735 3418 1898 3469 etiam
1950 3432 2054 3469 una
2110 3418 2284 3482 sedet,

714 3527 837 3565 cum
872 3512 923 3565 in
956 3511 1091 3565 Filio
1126 3518 1357 3563 maneat.
1389 3509 1512 3561 Hac
1535 3518 1713 3561 autem
1744 3506 2084 3576 ιιοδνὶιξιιίιεδ
2117 3507 2287 3560 Abra-

715 3603 878 3655 hamo
913 3610 1124 3655 tantum
1154 3601 1279 3655 boni
1327 3598 1557 3668 peperit,
1619 3614 1717 3651 ceu
1754 3598 2011 3664 diximus,
2070 3608 2127 3651 ut
2170 3600 2285 3667 ipsa

713 3694 873 3747 etiam
895 3701 1233 3747 sacrosancta
1254 3690 1488 3743 Trinitas
1506 3704 1630 3742 eum
1654 3688 1893 3742 iuviserit
1919 3700 1971 3742 et
1996 3692 2047 3742 in
2067 3698 2283 3743 senecta

714 3787 955 3839 sobolem
982 3784 1031 3838 ei
1088 3785 1157 3837 sit
1202 3783 1414 3852 largita.
1480 3782 1641 3835 Sarra
1688 3782 1905 3850 quidem
1962 3790 2119 3834 atate
2174 3790 2284 3833 tam

714 3885 968 3947 provecta
1008 3887 1147 3937 erat,
1186 3886 1243 3927 ut
1278 3876 1425 3927 hanc
1459 3874 1693 3942 promitti
1726 3872 1956 3926 audiens
1990 3871 2209 3925 rideret.

785 3964 1096 4018 Secundum
1159 3964 1272 4016 haec
1328 3961 1668 4015 Abrahamus
1723 3963 1792 4013 ob
1841 3976 2059 4014 causam
2125 3961 2284 4015 lamis

713 4055 886 4109 solum
918 4054 1080 4109 vertit
1132 4068 1195 4106 ac
1243 4052 1446 4107 Gerara
1490 4052 1875 4121 proficiscitur.
1934 4050 2071 4106 Hinc
2103 4051 2284 4105 denuo

711 4162 773 4201 se
814 4150 864 4200 in
894 4145 1186 4216 Egyptum
1224 4144 1465 4209 confert,
1516 4144 1609 4197 ubi
1663 4144 1880 4197 Sarram
1912 4143 1960 4196 ei
1999 4143 2280 4211 conjugem

712 4237 1093 4290 Abimelcclius
1139 4233 1348 4288 adimit.
1386 4233 1670 4303 _Cupiebat
1704 4232 1850 4285 cnim
1909 4233 2052 4285 illam
2109 4232 2283 4287 forma

710 4327 1097 4382 venustissima
1165 4327 1443 4394 pneditaui
1479 4324 1583 4377 sibi
1640 4322 1993 4377 matrimonio
2026 4306 2278 4393 jungere,

710 4419 1012 4490 praesertim
1054 4418 1196 4488 quod
1236 4432 1354 4470 esse
1373 4432 1527 4469 soror
1555 4415 1845 4468 Abrahami
1882 4414 2278 4482 perhiberetur.

2401 1984 2594 2036 τησαν.
2628 1965 2762 2018 Οὐδὲ
2802 1964 2908 2033 γὰρ
2944 1964 2971 2014 6
3011 1962 3199 2031 Πατὴρ
3242 1963 3423 2031 κρινεῖ
3452 1961 3665 2023 οὐδένα,
3705 1962 3890 2013 πᾶσαν
3913 1960 3970 2012 δὲ

2398 2056 2495 2125 τὴν
2528 2054 2712 2124 κρίσιν
2755 2052 2957 2105 δέδωκε
2990 2051 3068 2120 τῷ
3117 2050 3253 2117 Υἱῷ,
3286 2051 3429 2102 κατὰ
3462 2048 3562 2118 τὴν
3590 2049 3771 2118 φωνὴν
3802 2048 3970 2101 αὐτοῦ

2396 2145 2491 2200 τοῦ
2519 2145 2750 2213 Κυρίου,
2774 2144 3026 2205 συνόντος
3056 2141 3302 2209 φυσικῶς
3329 2141 3419 2192 καὶ
3454 2140 3549 2192 τοῦ
3591 2140 3750 2207 ἁγίου
3802 2139 3971 2193 Πνεό-

2400 2253 2592 2309 ματος.
2616 2254 2633 2288 ι
2663 2236 2785 2287 Ὅτι
2815 2234 2872 2288 δὲ
2903 2236 2931 2287 6
2965 2234 3091 2296 Υἱὸς
3125 2234 3217 2286 καὶ
3250 2233 3313 2286 τὸ
3362 2232 3587 2301 Πνεῦμα
3626 2232 3720 2284 ἐπὶ
3757 2231 3970 2299 Σόδομα

2398 2328 2741 2399 ἐπορεύοντο,
2777 2326 2871 2380 καὶ
2899 2327 2932 2394 ἡ
2962 2325 3057 2379 τοῦ
3097 2324 3347 2395 ’Δϐραὰμ
3395 2323 3542 2388 ξενία
3578 2322 3767 2389 σαφῶς
3812 2338 3971 2391 παρι-

2398 2422 2518 2490 στᾷ,
2548 2419 2801 2487 καθάπερ
2826 2418 2854 2468 6
2884 2416 3059 2486 μέγας
3082 2418 3249 2485 φησὶν
3288 2416 3628 2477 Ἀθανάσιος.
3660 2415 3721 2467 Et
3756 2413 3835 2485 μὴ
3858 2416 3969 2483 γὰρ

2393 2512 2422 2565 6
2453 2510 2579 2572 Υἱὸς
2600 2512 2692 2562 καὶ
2728 2509 2788 2561 τὸ
2821 2507 3040 2575 Πνεῦμα
3068 2503 3230 2578 ἦσαν,
3262 2508 3362 2559 οὐκ
3381 2505 3447 2560 ἂν
3474 2505 3555 2575 τῷ
3580 2505 3698 2575 Θεῷ
3727 2508 3823 2558 καὶ
3860 2506 3971 2557 Πα-

2393 2602 2484 2672 τρὶ
2517 2600 2903 2669 συνεκάθηντο.
2937 2599 3061 2654 ’Ότι
3091 2599 3148 2653 δὲ
3173 2598 3560 2669 συνεκάθηντο.
3586 2596 3755 2666 ’δῆλον
3779 2597 3849 2649 ὲκ
3871 2594 3966 2648 τοῦ

2393 2693 2525 2764 περὶ
2550 2693 2753 2747 τυύτων
2776 2693 2919 2746 οὕτω
2947 2691 3128 2760 λέγειν
3148 2707 3162 2722 ⁸
3196 2710 3213 2743 ι
3246 2691 3310 2744 Οἳ
3336 2690 3708 2759 ἐξανέστησαν
3743 2688 3967 2741 ἐπιϐλέ-

2391 2788 2594 2857 ψαντες
2663 2788 2757 2838 ἐπὶ
2819 2784 3113 2854 πρόσωπον
3178 2783 3495 2853 Σοδόμων.)
3555 2782 3620 2835 Et
3671 2775 3767 2834 οῦν
3835 2781 3964 2845 ἐξα-

2392 2881 2684 2950 νέστησαν,
2718 2878 2936 2938 πάντως
2962 2876 3058 2929 καὶ
3094 2875 3483 2945 συνεκάθηντο.
3518 2876 3582 2927 Εί
3612 2874 3669 2927 δὲ
3695 2874 3725 2927 6
3756 2872 3885 2935 Υἱὸς
3902 2874 3965 2924 ἐκ

2392 2972 2587 3036 δεξιῶν
2623 2971 2885 3037 κάθηται,
2928 2968 3176 3021 λείπεται
3210 2968 3429 3030 πάντως
3482 2967 3542 3031 ἐξ
3572 2965 3872 3034 εὐωνύμων
3904 2964 3965 3014 τὸ

2392 3062 2621 3133 Πνεῦμα
2652 3060 2952 3129 καθῆσθαι.
2990 3060 3123 3123 Ναὶ,
3157 3060 3272 3127 είγε
3301 3057 3675 3128 περιγραπτὸς
3697 3051 3767 3125 ἦν
3797 3058 3826 3108 6
3856 3056 3965 3107 ηα-

2391 3153 2526 3222 τήρο
2590 3152 2765 3214 ἄλλως
2839 3150 2947 3220 γὰρ
3029 3149 3162 3218 παρ’
3212 3148 3360 3217 αὑτῷ
3432 3149 3534 3200 οὐκ
3622 3146 3768 3198 ἐστιν
3846 3147 3966 3211 ἀρι-

2392 3242 2562 3312 στερὰ
2608 3242 2704 3295 καὶ
2749 3241 2922 3305 δεξιά.
2971 3239 3077 3293 Τοῦ
3139 3238 3267 3291 Υἱοῦ
3318 3239 3500 3291 τοίνυν
3542 3235 3963 3304 συγκαθημένου

2390 3334 2735 3402 συγκίθηται
2768 3334 2860 3385 καὶ
2892 3333 2953 3385 τὸ
2979 3331 3227 3400 Πνεῦμα,
3255 3332 3377 3384 ἐπεὶ
3420 3331 3477 3381 ὲν
3507 3330 3656 3399 αὒτῷ
3685 3330 3863 3399 μένει,
3886 3328 3963 3398 τῷ

2389 3425 2503 3494 Υἰῷ
2562 3425 2786 3496 δηλαδή.
2822 3424 3079 3476 Τοιούτου
3140 3422 3195 3475 δὲ
3245 3420 3581 3489 κατηξίωσεν
3628 3419 3837 3486 ἀγαθοῦ
3884 3421 3963 3488 τῷ

2399 3516 2651 3587 Ἀϐραὰμ
2683 3518 2715 3585 ἡ
2741 3515 3037 3585 φιλοξενία,
3072 3514 3148 3577 ὡς
3180 3515 3273 3568 καὶ
3306 3514 3406 3583 τὴν
3439 3514 3601 3582 ἁγίαν
3637 3512 3845 3582 Τριάδα
3868 3531 3962 3565 κα-

2388 3609 2599 3661 τελθεῖν
2629 3607 2901 3662 ὲπάῦτὸν
2934 3610 3028 3659 καὶ
3075 3608 3288 3675 καρπὸν
3343 3606 3492 3673 αὑτῴ
3545 3606 3754 3667 κοιλίας
3802 3605 3961 3674 χαρί-

2390 3699 2587 3753 σασθαι
2618 3699 2761 3752 κατά
2792 3714 2854 3765 γε
2889 3699 2980 3750 τὸν
3014 3697 3111 3749 τοῦ
3163 3698 3371 3767 γὴρους
3426 3697 3657 3766 καιρόνο
3704 3696 3960 3748 τοσοῦτον

2386 3791 2494 3857 γὰρ
2531 3786 2651 3860 ἧνή
2680 3788 2866 3859 Σὰῤῥα
2897 3786 3279 3857 προϐεϐηκυῖα
3306 3786 3446 3840 ὥστε
3472 3787 3568 3840 καὶ
3589 3786 3825 3855 γελᾱσαι
3858 3787 3957 3840 αὑπ-

2386 3880 2486 3949 τὴν
2525 3881 2657 3949 περὶ
2687 3879 2879 3933 τούτου
2912 3879 3252 3933 ἀκούσασαν.
3342 3940 3350 3947 ,

2456 3971 2609 4025 Μετὰ
2668 3972 2724 4024 δὲ
2774 3971 2951 4024 ταῦτα
2997 3970 3273 4039 προφάσει
3314 3973 3380 4040 τῇ
3405 3970 3497 4024 τοῦ
3528 3970 3688 4041 λιμοῦ
3719 3974 3957 4041 μετανά-

2388 4075 2518 4127 στης
2540 4060 2568 4110 6
2610 4058 2861 4128 Ἀϐραὰμ
2882 4058 3116 4125 γίνεται,
3142 4056 3395 4111 κάκεῖθεν
3430 4059 3487 4111 ὲν
3515 4058 3554 4109 Γ
3558 4058 3775 4128 εράροις
3802 4059 3958 4128 ἔρχε-

2385 4166 2493 4214 ται,
2521 4149 2655 4218 πρὸς
2687 4150 2961 4215 Αἴγυπτον
3011 4132 3347 4215 ἀφικνεῖται.
3378 4148 3475 4201 καὶ
3526 4148 3680 4209 αὖθις
3706 4149 3955 4222 ἀφαιρεῖ-

2386 4257 2476 4292 ται
2502 4240 2602 4311 τὴν
2636 4240 2854 4311 Σάρραν
2882 4241 2976 4291 καὶ
3001 4238 3153 4305 παρὰ
3180 4238 3273 4292 τοῦ
3309 4239 3627 4310 Ἀϐιμέλεχ·
3661 4241 3823 4310 ἧθελε
3850 4244 3954 4311 γὰρ

2385 4332 2555 4399 αὐτὴν
2592 4331 3051 4400 εὐπρεπεστάτην
3080 4324 3249 4383 οῦσαν
3274 4331 3411 4402 πρὸς
3437 4329 3621 4397 γόμου
3662 4334 3950 4384 κοινωνίαν

2385 4424 2594 4483 λαϐεῖν,
2624 4424 2740 4488 εῖγε
2803 4423 2899 4474 καὶ
2944 4421 3147 4489 μᾶλλον
3182 4421 3385 4491 ἀδελφὴ
3418 4421 3513 4473 τοῦ
3555 4420 3813 4493 Ἀϐραὰμ
3845 4424 3957 4475 ἑλέ-

709 4512 1032 4579 Quanquam
1091 4508 1235 4562 enim
1280 4506 1555 4575 Josephus
1590 4509 1788 4559 asserit
1847 4504 2067 4558 Sari-am
2115 4502 2280 4558 fuisse

2385 4530 2514 4581 γετο
2534 4509 2696 4567 εἶναι.
2733 4513 2795 4564 Εἰ
2827 4513 2935 4581 γὰρ
2965 4511 3197 4580 ἀνεψιάν
3231 4529 3367 4581 φησι
3398 4513 3497 4581 τὴν
3526 4514 3749 4583 Σάρραν
3776 4517 3806 4565 6
3848 4516 3958 4567 'lt'tw

708 4604 1096 4658 consobrinam
1130 4598 1451 4659 Ahrahanii,
1503 4597 1788 4651 sciendum
1852 4606 2031 4651 tamen
2087 4606 2274 4651 estex

708 4694 1024 4748 narratione
1053 4691 1284 4746 Mosaica
1312 4690 1477 4743 fuisse
1499 4700 1610 4742 tum
1642 4690 1928 4760 conjugcm
1961 4689 2131 4758 ipsius
2164 4698 2275 4742 tum

710 4800 978 4847 sororem,
1031 4794 1090 4837 ut
1121 4798 1241 4851 quae
1292 4793 1467 4835 matre
1528 4779 1748 4849 quidem
1796 4778 2279 4857 eadeni,-_diverso

706 4893 838 4929 vero
875 4886 1026 4943 patre
1072 4887 1193 4927 nata
1250 4881 1418 4926 esset.
1488 4870 1668 4939 Itaque
1707 4871 1978 4924 occultato
2019 4886 2149 4932 uno,
2211 4886 2278 4925 nc

710 4975 964 5032 tanquam
1010 4964 1089 5013 vir
1118 4961 1418 5025 mulierise
1451 4961 1631 5011 medio
1691 4960 1993 5021 tolleretur,
2047 4960 2278 5013 alterum

706 5056 926 5117 fatetur,
962 5068 1206 5107 sororem
1238 5051 1493 5105 videlicet
1524 5066 1678 5103 suam
1706 5065 1851 5105 esse.
1908 5050 2103 5120 Magno
2132 5062 2280 5106 certe

706 5146 968 5216 prteditus
998 5144 1180 5196 animo
1222 5142 1325 5195 fuit
1356 5140 1713 5194 Abrahanms.
1777 5139 1909 5193 Nam
1967 5145 2036 5195 0b
2082 5141 2275 5195 laniem

708 5241 791 5293 bis
852 5239 903 5290 in
935 5235 1227 5305 [Egyptum
1292 5233 1590 5303 profectus.
1640 5248 1809 5286 uxore
1854 5233 1937 5286 bis
1994 5233 2277 5299 spoliatus,

707 5332 871 5385 Semel
928 5345 956 5381 a
990 5329 1296 5393 Pharaone,
1334 5330 1527 5379 iterum
1578 5326 1645 5378 ab
1685 5326 2055 5391 Abimelecho,
2114 5342 2277 5396 gene-

707 5438 831 5475 roso
868 5422 1225 5491 nihilominus
1245 5435 1428 5471 animo
1471 5435 1608 5470 nunc
1638 5422 2039 5484 auempiiottetn
2085 5435 2272 5487 pertu-

705 5517 785 5567 lit.
824 5515 1035 5580 Quippe
1065 5527 1188 5565 cmn
1238 5508 1407 5562 semel
1456 5507 1944 5575 obtemperandum
1997 5524 2118 5562 csse
2168 5510 2277 5563 Deo

705 5604 1057 5667 decrevisset,
1093 5604 1145 5654 in
1172 5598 1414 5654 consiliis
1439 5598 1931 5652 administrationis
1962 5599 2080 5667 ejus
2129 5598 2273 5653 inel-

2387 4620 2560 4671 σηπος
2590 4603 2683 4655 τοῦ
2712 4602 2986 4672 Ἀϐραὰμ,
3019 4601 3154 4655 ἀλλὰ
3188 4605 3326 4655 κατὰ
3354 4602 3454 4673 τὴν
3486 4604 3785 4667 Μωσαῖκὴν
3811 4606 3958 4658 icto-

2389 4693 2509 4762 ρίαν
2561 4694 2625 4743 ὲκ
2670 4692 2877 4762 μητρός
2920 4692 3019 4761 μὲν
3077 4693 3179 4761 τῆς
3226 4693 3418 4761 αὐτῆς,
3475 4694 3535 4758 ἐξ
3563 4694 3727 4748 ἄλλον
3762 4696 3821 4749 δὲ
3865 4699 3957 4771 καὶ

2386 4782 2552 4835 ἄλλον
2589 4784 2810 4852 πατρὸς.
2856 4781 3131 4851 Κρύπτων
3158 4782 3250 4835 οὖν
3283 4783 3345 4836 τὸ
3375 4785 3454 4850 ἓν,
3486 4786 3573 4838 ἵνα
3608 4785 3684 4855 μὴ
3719 4789 3956 4858 φονευθῇ

2385 4871 2547 4938 δῆθεν
2574 4872 2652 4934 ὡς
2682 4872 2823 4941 ἀνὴρ
2855 4873 3048 4941 αὐτῆς,
3072 4874 3133 4926 τὸ
3165 4875 3353 4942 ἕτερον
3383 4874 3591 4942 ἔλεγεν,
3624 4877 3707 4929 ὅτι
3726 4878 3955 4945 Ἀδελφή

2386 4961 2487 5030 μού
2520 4965 2688 5014 ἐστιν.
2723 4962 3119 5031 Μεγαλόψυχος
3155 4965 3322 5027 ὅντως
3363 4967 3391 5017 6
3424 4965 3697 5035 Ἀϐραάμ.
3731 4972 3826 5031 Δὶς
3851 4972 3957 5037 γὰρ

2386 5056 2463 5116 είς
2488 5054 2766 5120 Αἴγυπτον
2798 5055 3072 5123 προφάσει
3103 5055 3196 5107 τοῦ
3225 5057 3384 5125 λιμοῦ
3434 5057 3718 5110 κατελθὼν
3753 5064 3848 5112 καὶ
3874 5062 3956 5122 δὶς

2380 5145 2480 5212 τὴν
2534 5145 2753 5214 Σάρραν
2781 5145 3123 5215 ἀφαιρεθεὶς,
3162 5149 3312 5216 παρά
3351 5164 3409 5199 τε
3458 5148 3555 5200 τοῦ
3618 5149 3824 5217 Φαραὼ
3863 5155 3956 5203 καὶ

2384 5232 2514 5301 παρ’
2545 5233 2711 5285 αὑτοῦ
2756 5232 2982 5303 ὕστερον
3016 5234 3109 5286 τοῦ
3155 5236 3268 5287 Ἀϐι
3280 5236 3467 5306 μέλεχ,
3487 5240 3754 5305 γενναίως
3790 5242 3956 5311 ἔφερε

2378 5327 2477 5393 την
2498 5326 2820 5395 ἀφαίρεσιν
2840 5326 3152 5378 ἀκολουθεῖν
3181 5329 3289 5397 γὰρ
3307 5329 3564 5395 καθάπαξ
3590 5333 3780 5401 κρίνας
3810 5336 3953 5403 θεῷ.

2384 5418 2862 5486 πολυπραγμονεῖν
2885 5417 2990 5469 οὐκ
3016 5416 3176 5487 ἧθελε
3204 5421 3300 5479 τὰς
3337 5422 3611 5491 ἀρρήτους
3645 5426 3958 5493 οἰκονομίας

2381 5507 2571 5562 αὑτοῦ.
2616 5507 2736 5575 Ἐφ’
2785 5504 2830 5578 ᾧ
2873 5511 2969 5562 καὶ
3013 5511 3242 5563 κατόπιν
3285 5514 3342 5565 αἱ
3390 5513 3531 5565 θεῖαι
3577 5515 3958 5585 ἠκολούθησαν

2378 5600 2527 5671 αύτῷ
2557 5602 2808 5670 ἁμοιϐαί.

706 5703 958 5759 labilibus
990 5699 1372 5767 perquirendis
1405 5697 1654 5750 curiosus
1700 5710 1819 5748 esse
1859 5695 2055 5749 noluit.
2117 5697 2407 5766 Propterea
2446 5698 2685 5754 vicissim
2733 5698 2848 5753 suis
2876 5714 3003 5755 eum
3053 5702 3336 5759 beneﬂciis
3391 5704 3529 5758 Deus
3587 5707 3828 5761 ornavit.

776 5800 821 5831 ’³
858 5798 995 5853 Gen.
1029 5809 1187 5863 xviii,
1224 5794 1304 5846 Π.
1346 5794 1391 5824 ’δ
1426 5792 1583 5844 Joan.
1625 5807 1675 5854 v,
1712 5790 1800 5843 2'2.
