4204 6450
275 415 375 476 261

1503 410 1901 475 ᾹΝΝᾹΙᾸΠΜ
1947 415 2135 473 PARS
2179 415 2258 474 ll.

3386 409 3486 472 262

349 522 484 585 Teii;
537 518 720 585 μέντοι
782 521 1074 589 Σοδομίτας
1113 520 1145 589 ἠ
1196 520 1426 590 κακίστη
1455 521 1635 590 ἐκείνη
1670 526 1832 588 συνή-
1862 530 1909 583 Α
2003 534 2009 566 ι

1829 530 1909 583 ιΑ
2003 522 2270 574 Caeterum
2324 521 2619 574 Sodomitis
2649 520 2984 573 consuetudo
3021 520 3228 573 vivendi
3274 520 3489 592 ﬂagitio-

280 611 401 663 θεια
428 612 483 662 ὲν
517 611 766 677 ἀγγέλοις
823 612 1006 674 αὐτοῖς
1040 613 1222 663 ἔπεισε
1252 612 1350 679 τὴν
1384 612 1667 676 ἀσέλγειαν
1695 611 1817 661 ὲπι-

276 702 575 767 δείξασθαι,
606 702 727 755 ὃθεν
751 704 846 756 καὶ
870 702 1138 755 ἀσϐέστου
1165 702 1332 771 πυρὸς
1354 701 1514 768 ἔργον
1550 701 1829 769 γεγόνασι.

281 792 363 843 Τά
382 793 487 861 γὰρ
512 793 719 861 Σόδομα
751 794 930 845 ἐκεῖνα
960 793 1263 862 περικαλλῆ
1283 793 1378 860 μὲν
1405 791 1633 854 ἑστῶτα,
1659 792 1833 857 τέφρα

278 882 336 935 δὲ
369 885 435 950 τῇ
468 881 697 951 ἀληθείᾳ
735 881 867 934 ὄντα
914 882 1030 951 (καὶ
1065 881 1227 942 αὐτὸς
1256 880 1364 951 γὰρ
1393 882 1420 932 ὁ
1453 881 1560 948 ἀὴρ
1593 879 1691 931 σὺν
1722 882 1834 942 τοῖς

283 972 475 1024 ὕδασιν
507 973 861 1042 ἐκπυροῦται)
894 973 1190 1040 τεκμήριον
1220 972 1301 1025 ὅτι
1333 973 1503 1039 σαφὲς
1534 971 1627 1023 τοῦ
1649 970 1835 1024 ὃιαιωιο

280 1061 453 1134 νίςειν
484 1060 660 1111 ἐκεῖσε
687 1058 784 1128 τὴν
817 1058 1059 1113 κόλασιν.
1091 1059 1277 1111 Ταῦτα
1300 1060 1356 1111 δὲ
1388 1064 1516 1129 περὶ
1544 1060 1839 1114 Παλαιστίο

281 1166 403 1219 νης,
443 1149 776 1210 Ἀσκάλωνος
820 1149 913 1201 καὶ
963 1149 1140 1216 Γάζης
1188 1148 1414 1212 ἄνωθεν,
1454 1151 1581 1216 περὶ
1636 1150 1696 1201 τὸ
1744 1148 1836 1200 τοῦ

293 1239 562 1307 Ἰορδάνου
596 1238 772 1304 τέλος,
803 1238 963 1291 οὐδὲν
1004 1240 1299 1291 ἀπεοικότα
1350 1241 1472 1291 τότε
1522 1239 1616 1291 τοῦ
1658 1256 1837 1306 παρα-

286 1331 487 1383 δείσου.
537 1330 598 1381 '0
631 1329 764 1396 γοῦν
792 1329 1040 1382 ἀπιστῶν
1074 1331 1141 1399 τῇ
1194 1331 1389 1403 γεέννῃ
1435 1329 1837 1397 ἀναλογιζέσθω

284 1422 352 1474 τά
413 1422 644 1489 Σόδομα,
681 1420 776 1474 καὶ
830 1421 973 1474 οὕτω
1024 1421 1122 1490 τὴν
1172 1420 1511 1490 ἀδδηφαγίαν
1556 1421 1835 1488 φευγέτω·

286 1510 511 1563 τοιαῦτα
542 1510 653 1579 γάρ
684 1510 872 1562 εῐωθεν
899 1509 1037 1580 αὕτη
1078 1509 1227 1578 πάθη
1254 1510 1469 1578 γεννᾷν.
1502 1510 1659 1562 Κατά
1689 1509 1840 1561 τοῦτο

286 1603 384 1656 καὶ
416 1602 444 1654 ὁ
474 1602 677 1668 Μωσῆς
700 1599 886 1667 ἔλεγεν
923 1600 999 1669 τῷ
1036 1601 1255 1669 Ἰσραήλ
1276 1615 1290 1629 ο
1318 1620 1336 1649 ι
1359 1598 1550 1665 Φαγὼν
1575 1600 1667 1651 καὶ
1705 1599 1842 1649 πιὼν

288 1693 523 1762 πρόσεχε
559 1690 790 1759 σεαυτῷ,
814 1691 1025 1761 μήποτε
1066 1691 1301 1762 ἐπιλήσῃ
1324 1690 1528 1759 Κυρίου
1577 1689 1670 1741 τοῦ
1705 1688 1842 1741 Θεοῦ

290 1800 452 1836 σου.»
503 1782 663 1834 Ἀλλά
718 1782 812 1834 καὶ
862 1782 889 1831 ὁ
932 1780 1028 1849 τὴν
1082 1781 1331 1848 ἰατρικὴν
1381 1783 1575 1848 τέχνην
1607 1779 1843 1849 ,ἀριστος

1935 612 2146 666 sissitna
2189 611 2481 677 persuasit,
2518 620 2575 663 ut
2615 611 2777 664 etiam
2837 612 2887 663 iu
2920 612 3136 680 angelos
3171 614 3315 681 ipsos
3346 629 3495 665 excr'

1935 715 2058 754 cere
2091 703 2422 769 proterriam
2481 716 2636 753 suam
2702 701 2941 762 vellent;
2995 704 3345 769 quamobrem
3409 704 3494 754 iu-

1934 791 2206 844 eXstincro
2237 792 2358 860 igne
2377 801 2503 844 sunt
2544 791 2738 859 puniti.
2786 792 2915 846 Nam
2946 794 3176 847 Sodoma
3202 797 3290 848 illa
3318 812 3493 864 quon-

1938 880 2059 933 dam
2101 882 2487 949 pulcherrima,
2518 898 2641 935 cum
2672 884 2847 937 adhuc
2869 894 3096 948 starent,
3127 902 3269 939 nunc
3304 903 3493 953 reapse

1939 968 2073 1022 nihil
2104 981 2229 1022 sunt
2261 969 2406 1022 aliud
2431 985 2593 1037 quam
2633 970 2795 1024 cinis.
2854 971 2961 1024 Aer
3013 973 3156 1024 enim
3217 974 3327 1039 ipse
3370 989 3493 1024 cum

1938 1058 2094 1125 aquis
2155 1058 2540 1121 inﬂammatur,
2584 1071 2957 1127 argumentum
3022 1062 3226 1115 illustre
3267 1064 3333 1115 de
3375 1079 3500 1130 pcr-

1939 1150 2325 1218 pctuiseorum
2358 1151 2657 1218 suppliciis.
2709 1150 2819 1202 Sita
2884 1162 3012 1204 sunt
3071 1162 3251 1205 autem
3309 1154 3361 1205 iu
3401 1152 3503 1204 Pa-

1941 1240 2168 1305 lzestina,
2201 1241 2343 1294 haud
2382 1242 2567 1309 procul
2597 1258 2623 1293 a
2653 1241 2791 1294 GJZII
2818 1251 2871 1294 et
2911 1243 3199 1304 Ascaloue,
3240 1244 3303 1296 ad
3325 1246 3504 1295 amnis

1940 1330 2187 1385 Iordanis
2220 1331 2378 1384 ostia.
2410 1331 2545 1384 Tum
2566 1331 2779 1399 quidem
2812 1334 3069 1400 temporis
3102 1334 3167 1385 ab
3198 1334 3314 1401 ipso
3340 1351 3499 1403 para—

1941 1420 2058 1474 diso
2088 1437 2194 1473 non
2220 1421 2557 1475 diil'ercbant.
2615 1423 2814 1487 Quodsi
2844 1423 2966 1490 quis
3005 1426 3265 1492 gebeunze
3301 1441 3487 1493 parum

1942 1509 2160 1562 adhibet
2184 1509 2329 1572 tidci,
2368 1524 2549 1563 secum
2588 1511 2697 1579 ipse
2749 1514 2813 1565 de
2843 1514 3091 1565 Sodomis
3143 1514 3359 1582 cogitet,
3407 1529 3493 1567 at-

1944 1614 2047 1668 que
2078 1598 2179 1652 hoc
2208 1600 2366 1652 modo
2398 1600 2582 1653 luxum
2627 1617 2842 1655 omnem
2873 1603 3035 1669 fugiat
3063 1622 3075 1666 ;
3112 1620 3233 1656 nam
3293 1606 3337 1656 is
3394 1607 3495 1656 bu—

1938 1687 2175 1756 jusmodi
2209 1685 2408 1757 ﬂagitia
2452 1688 2672 1757 gignere
2708 1689 3013 1743 consuevit.
3072 1690 3277 1743 Idcirco
3334 1689 3507 1741 Moses

1946 1778 2199 1830 lsraclitis
2228 1778 2469 1846 praecipit
2503 1797 2513 1830 :
2546 1797 2564 1830 ι
2598 1778 2696 1833 Ubi
2726 1780 3029 1831 comederis
3052 1795 3111 1833 ae
3137 1780 3357 1843 hiberis,
3424 1796 3516 1831 (‘a-

289 1872 525 1940 Γαληνὸς
556 1871 667 1923 τῶν
697 1870 953 1924 τοιούτων
978 1870 1166 1923 παθῶν
1204 1871 1382 1921 αἰτίαν
1408 1869 1577 1939 αὐτὴν
1606 1842 1844 1922 δείκνυσι
1878 1845 1916 1899 Β
1947 1886 1949 1892 ί

1878 1845 1916 1899 Β
1947 1878 2069 1922 veto
2093 1883 2160 1922 ne
2190 1842 2327 1922 forte
2360 1842 2568 1922 Domini
2605 1869 2694 1922 Dei
2730 1870 2802 1923 ttti
2835 1871 3253 1925 obliviscaris”.
3288 1890 3304 1920 ι
3340 1842 3509 1923 lilium

287 1964 387 2032 τὴν
421 1961 655 2032 τρυφὴν,
682 1963 836 2016 Κατά
858 1963 955 2032 τὴν
979 1961 1271 2031 ἡμετέραν,
1294 1961 1488 2028 λέγων,
1512 1962 1725 2014 Μυσίαν
1746 1961 1847 2027 τὴν

286 2056 486 2122 ὅμορον
545 2054 837 2125 Περγάμου
896 2053 1137 2116 σπανίως
1174 2054 1239 2106 ἄν
1295 2069 1377 2115 τις
1423 2050 1558 2122 εῦρῃ
1611 2053 1849 2119 γυναῖκα

297 2150 715 2217 μοιχευομένην,
764 2145 948 2198 ἔτιδὲ
1016 2145 1213 2214 ἄνδρας
1282 2144 1532 2210 ἀσελγεῖς
1602 2144 1849 2213 ἀπορρή-

287 2255 403 2303 τοις
452 2237 793 2308 ἀφροδισίοις
845 2235 1250 2305 ᾠκειωμένους,
1296 2233 1411 2286 ἀλλ’
1438 2235 1495 2284 ὲν
1529 2232 1719 2304 Ῥώμῃ
1763 2234 1851 2286 διὰ

237 2389 251 2401 ,
291 2330 393 2397 τὴν
427 2326 863 2390 ἐπιπολάζουσαν
890 2342 949 2376 τε
983 2326 1076 2378 καὶ
1102 2325 1303 2393 συνήθη
1328 2323 1538 2392 τρυφὴν
1565 2325 1659 2377 καὶ
1695 2325 1851 2394 ῥᾴδια

288 2418 485 2469 ταῦτα.
523 2416 584 2467 Εἰ
617 2415 696 2479 δὲ,
745 2414 889 2467 καθά
920 2429 1051 2483 φησι
1072 2412 1403 2480 Πτολεμαῖος
1440 2414 1520 2464 ὅτι
1565 2412 1651 2465 διὰ
1678 2413 1738 2466 τὸ
1768 2414 1851 2466 οι-

291 2505 574 2559 κειοῦσθαί
604 2522 757 2566 τινας
791 2505 927 2574 πρὸς
966 2503 1028 2555 τὸ
1057 2502 1151 2556 τοῦ
1179 2503 1447 2565 ζωδιακοῦ
1480 2503 1694 2573 πρῶτον
1728 2506 1844 2576 τρίς

292 2613 487 2662 γωνον,
518 2597 606 2648 τὸν
644 2594 795 2662 κριὸν
846 2592 1067 2663 δηλαδὴ,
1098 2592 1191 2644 τὸν
1239 2591 1429 2645 λέοντα
1460 2594 1553 2644 καὶ
1583 2595 1674 2645 τὸν
1702 2596 1855 2659 τοξὸ-

292 2704 417 2755 την,
440 2686 528 2737 διὰ
542 2683 696 2736 τοῦτο
723 2682 938 2751 ἇθεσμά
963 2698 1085 2734 τινα
1107 2683 1424 2749 πράττουσι,
1455 2684 1546 2735 καὶ
1574 2683 1855 2752 νομίζουσι

294 2777 465 2846 μηδέν
502 2793 556 2827 τι
606 2779 777 2828 ποιεῖν
823 2776 1193 2843 ἀποτρόπαιον
1230 2773 1326 2826 ἆτε
1366 2775 1470 2827 ὑπὸ
1504 2774 1667 2838 {diota
1704 2774 1855 2837 ὄντες

298 2870 369 2920 τά
389 2867 488 2935 μὲν
519 2868 823 2935 ἔμπροσθεν
854 2866 1249 2937 ἀρῤενούμενα,
1276 2866 1343 2917 τά
1366 2864 1420 2916 δὲ
1448 2865 1670 2918 ὄπισθεν
1698 2865 1858 2927 θηλυ-

296 2960 517 3029 νόμενα,
551 2956 659 3029 ἀρα
688 2958 764 3028 μὴ
801 2957 983 3020 ἄδικος
1015 2960 1042 3010 ὁ
1062 2958 1192 3020 θεὸς
1220 2960 1247 3010 ὁ
1266 2958 1353 3011 διὰ
1386 2958 1555 3026 πυρὸς
1584 2953 1859 3025 ἐκτεφρώ-

207 3082 210 3085 ~
299 3065 400 3112 σας
429 3050 495 3101 τά
522 3048 764 3116 mea;
804 3044 948 3100 Ἀλλ’
968 3045 1065 3098 οὐκ
1098 3044 1164 3098 ἄν
1192 3061 1321 3098 ποτε
1362 3048 1390 3097 ὁ
1425 3046 1629 3107 δίκαιος
1656 3044 1857 3102 ἀδικοῖ.

1947 1960 2429 2030 praestantissimus
2458 1960 2543 2012 ille
2594 1960 2924 2014 medicorum
2970 1959 3205 2014 Galenus
3260 1962 3507 2028 Volupta-

1951 2059 2058 2105 tem
2091 2067 2152 2105 ac
2176 2052 2398 2106 delicias
2425 2051 2662 2105 ostendit
2710 2067 2828 2105 esse
2895 2052 3199 2119 hujusmodi
3242 2055 3506 2106 srelerurn

1951 2153 2189 2203 causam,
2220 2156 2344 2193 cum
2377 2141 2450 2192 ait
2483 2156 2496 2192 :
2525 2141 2580 2192 lu
2613 2138 2777 2207 Mysia
2834 2151 3036 2200 nostra,
3076 2157 3194 2209 qua:
3245 2141 3508 2210 Pergamo

1952 2229 2179 2284 ﬁnitima
2213 2240 2314 2292 est,
2344 2245 2468 2283 raro
2501 2231 2623 2298 quis
2679 2230 2931 2283 feminam
2973 2230 3222 2284 adulterii
3274 2232 3512 2283 facinore

1953 2335 2013 2374 se
2036 2321 2464 2390 obstringentem
2502 2321 2757 2387 reperiat,
2789 2331 2843 2375 et
2885 2321 3059 2374 rarius
3084 2322 3245 2374 etiam
3304 2332 3512 2390 proter-

1952 2427 2050 2467 vos
2077 2411 2235 2483 134
2259 2413 2533 2479 homines,
2582 2414 2674 2482 qui
2716 2413 2883 2468 dediti
2934 2414 3045 2466 sint
3095 2413 3161 2466 iis
3215 2416 3514 2471 amoribus.

1952 2519 2184 2573 quorum
2244 2520 2317 2558 ne
2375 2519 2573 2557 nomen
2626 2504 2843 2571 quidem
2891 2504 3247 2572 aperiendum
3300 2515 3403 2558 Cal.
3452 2512 3520 2557 At

1954 2595 2139 2649 Romae
2170 2604 2388 2665 propter
2411 2594 2798 2648 abundantiam
2850 2595 3188 2661 deliciarum,
3228 2613 3348 2665 qua:
3398 2598 3521 2651 istic

1958 2686 2186 2739 minime
2246 2694 2380 2738 sunt
2438 2684 2759 2744 insidentes.
2808 2685 3044 2752 proclive
3079 2696 3161 2737 est
3217 2687 3520 2754 bujusmodi

1959 2786 2193 2845 patrare.
2224 2773 2420 2839 Quodsi
2445 2775 2510 2827 de
2544 2775 2815 2827 sententia
2847 2775 3117 2828 Ptolemaei
3146 2776 3360 2844 quidam
3395 2792 3523 2845 pro-

1961 2875 2170 2935 pterea,
2197 2866 2342 2933 quod
2369 2880 2556 2918 eor-um
2588 2875 2779 2918 natura
2824 2865 3002 2933 prituo
3040 2864 3258 2919 Zodiaci
3315 2866 3526 2936 trigono

1959 2964 2192 3026 cognata
2225 2959 2315 3022 sit,
2341 2971 2450 3024 quo
2483 2956 2649 3019 aries,
2690 2955 2797 3019 leo,
2818 2955 3129 3022 sagittarius
3153 2955 3522 3017 continentur,

1963 3048 2190 3100 nefanda
2222 3046 2465 3115 quaedam
2487 3047 2852 3109 committunt,
2878 3054 2934 3099 et
2952 3046 3318 3101 abominabile
3344 3060 3524 3101 tamen

308 3141 400 3193 Ἐν
470 3139 756 3208 πλησμονῇ
801 3137 906 3205 γὰρ
952 3137 1133 3204 ἀρτων
1185 3137 1233 3188 ot
1281 3134 1511 3187 τοιοῦτοι
1566 3135 1708 3189 κατὰ
1760 3134 1860 3202 τὴν
1888 3158 1968 3215 οι

1888 3158 1929 3215 ο
1965 3138 2188 3192 omnino
2217 3138 2353 3191 nihil
2406 3137 2693 3207 designare
2727 3152 2787 3191 se
2841 3147 3053 3206 putant,
3111 3147 3170 3192 ut
3216 3140 3309 3207 qui
3358 3141 3526 3208 signis

302 3230 525 3302 Γραφὴν
546 3228 944 3291 σπαταλῶντες,
971 3226 1032 3277 οὺ
1061 3225 1167 3293 μὴν
1199 3224 1302 3276 ὑπὸ
1333 3225 1592 3293 τρίγωνον
1621 3224 1859 3277 τοιοῦτον

296 3321 479 3383 ὅντες,
518 3316 811 3371 κάντεῦθεν
850 3318 929 3378 είς
978 3316 1247 3383 ἀθέσμους
1293 3316 1476 3378 κοίτας
1508 3316 1857 3383 ἐγκυλισθέν-

300 3425 413 3474 τες,
449 3409 619 3478 πυρὸς
650 3408 881 3468 εἰκότως
918 3407 1175 3473 γεγόνασι
1205 3407 1613 3477 παρανάλωμα.
1645 3408 1858 3460 Οὐκοῦν

302 3502 556 3554 ἐντεῦθεν
594 3501 942 3569 μανθάνομεν
978 3502 1059 3553 ὅτι
1100 3500 1221 3552 κατ’
1254 3501 1471 3569 ἐκείνην
1510 3503 1608 3565 τὴν
1640 3502 1859 3572 ἡμέραν

304 3597 353 3647 οἱ
390 3594 612 3659 δίκαιοι,
638 3594 893 3661 καθάπερ
949 3591 1185 3645 ἐνταῦθα
1202 3591 1325 3645 Νῶέ
1357 3606 1417 3645 τε
1462 3592 1553 3643 καὶ
1581 3592 1726 3655 Λὼτ,
1754 3593 1862 3644 τῶν

301 3683 551 3752 βασάνων
596 3683 856 3752 ἀνώτεροι
888 3682 1298 3753 εὑρεθήσονται,
1338 3685 1390 3736 ot
1419 3683 1476 3735 δὲ
1518 3684 1857 3754 ἁμαρτωλοὶ,

302 3775 407 3828 κᾶν
426 3774 573 3837 ἆπας
595 3769 707 3826 εἷεν
738 3774 766 3826 ὀ
795 3774 1021 3841 κόσμος,
1055 3774 1238 3842 σχεδὸν
1255 3775 1493 3835 αἰωνίοις
1520 3774 1864 3826 ὑποπεσοῦν-

302 3885 395 3919 ται
440 3867 723 3929 κολάσεσι,
759 3864 1013 3935 καθάπερ
1048 3852 1293 3917 ’ἐνταῦθα
1357 3863 1733 3932 κατακλυσμῷ
1772 3865 1867 3917 καὶ

307 3956 443 4025 πυρὶ
478 3956 856 4027 παρεδόθησαν
890 3954 1128 4018 ἅπαντες
1182 3954 1233 4007 ot
1285 3953 1354 4005 τὰ
1408 3954 1661 4023 χείριστα
1694 3953 1868 4023 πράτ-

302 4064 508 4109 τοντες.

1965 3228 2193 3296 subjecti
2216 3231 2328 3282 sint
2348 3228 2415 3280 al)
2445 3229 2620 3282 antica
2654 3239 2805 3296 parte
2836 3229 3113 3292 masculis,
3148 3244 3178 3282 a
3206 3230 3411 3298 postica
3445 3231 3526 3285 fc-

1969 3319 2186 3381 mineis,
2211 3320 2444 3387 iujustus
2471 3328 2556 3371 est
2585 3318 2746 3381 Deus,
2780 3318 2867 3385 qui
2940 3317 3173 3371 Sodoma
3204 3334 3300 3386 per
3349 3318 3524 3388 ignem

1969 3410 2021 3462 in
2046 3409 2259 3463 eineres
2299 3409 2521 3478 redegit.
2553 3408 2622 3463 At
2655 3409 2767 3463 ﬁeri
2797 3412 2987 3479 nequit
3008 3428 3240 3480 unquam
3262 3424 3313 3467 ut
3346 3416 3530 3484 justus

1970 3499 2061 3552 ille
2095 3497 2438 3567 sitiujustus.
2473 3498 2740 3553 Nimirum
2759 3500 3025 3567 ejusmodi
3076 3500 3323 3557 homines
3352 3504 3408 3556 in
3439 3520 3531 3557 sa-

1971 3592 2193 3644 turitate
2223 3605 2444 3657 panum,
2473 3590 2930 3657 quemadmodum
2987 3592 3202 3646 Littera:
3236 3609 3404 3648 sacra
3454 3595 3532 3648 lo-

1966 3682 2504 3750 quuntur,salaciter
2558 3679 2907 3745 luxuriaudo,
2965 3697 3071 3735 non
3124 3684 3266 3751 quod
3302 3685 3391 3738 tali
3452 3686 3534 3737 rei

1970 3772 2182 3843 trigono
2211 3771 2441 3837 subjecti
2497 3778 2703 3831 essent,
2755 3771 2821 3822 ad
2876 3772 3202 3825 concubitus
3267 3773 3534 3825 nefandos

1970 3860 2207 3914 devoluti
2236 3869 2291 3912 et
2314 3861 2381 3912 ab
2410 3860 2531 3928 igne
2565 3870 2694 3913 sunt
2718 3859 3012 3928 absumpti.
3048 3861 3222 3929 Atque
3258 3862 3386 3915 hinc
3446 3862 3534 3914 di-

1971 3953 2172 4005 scimus
2205 3951 2449 4004 etiamin
2503 3950 2592 4003 illa
2626 3949 2816 4017 judieii
2867 3950 2953 4003 die
2992 3951 3230 4003 futurum
3291 3963 3346 4005 ut
3400 3953 3534 4021 justi

1972 4057 2162 4112 pennas
2194 4053 2250 4095 et
2278 4048 2549 4094 tormenta
2574 4040 2857 4109 ellugiant,
2889 4040 2998 4093 Noe
3023 4056 3083 4095 ac
3118 4041 3236 4096 Loti
3267 4048 3535 4112 exemplo,

301 4157 431 4196 cum
467 4150 799 4211 peccatores,
850 4138 1062 4193 etiamsi
1095 4146 1240 4195 totus
1271 4140 1661 4210 propemodum
1710 4144 1948 4193 mundus
2010 4136 2276 4205 ejusmodi
2331 4135 2512 4200 fuerit,
2571 4134 2790 4189 retentis
2851 4126 3133 4203 suppliciis
3166 4137 3275 4190 sint
3328 4141 3536 4191 manci-

305 4236 492 4306 pandi,
522 4232 973 4302 quemadmodum
1000 4232 1090 4286 hic
1119 4246 1310 4287 omnes
1340 4233 1629 4287 facinerosi
1662 4232 1866 4287 diluvio
1904 4243 1959 4286 et
1981 4230 2088 4301 igni
2138 4230 2313 4299 puniti
2341 4238 2489 4285 sunt.

408 4328 452 4383 Ο
481 4331 666 4399 μέντοι
704 4326 950 4395 Ἀϐραὰμ
976 4326 1191 4395 ’Λῦράμ
1216 4329 1463 4379 ἐκαλεῖτο
1484 4327 1546 4379 τὸ
1576 4327 1864 4397 πρότερον,

304 4423 335 4474 ὃ
370 4422 589 4487 λέγεται
622 4420 902 4488 περάτηςο
935 4417 1054 4486 θείᾳ.
1087 4418 1215 4486 γὰρ,
1265 4416 1340 4479 ὡς
1394 4418 1589 4479 ἔοικεν,
1619 4420 1652 4487 ὴ
1688 4420 1867 4487 μήτηρ

307 4512 474 4565 αὐτοῦ
535 4508 845 4578 προμηθείᾳ
889 4504 1063 4570 οὕτως
1107 4507 1271 4559 αὐτὸν
1320 4509 1696 4577 ἐπωνόμασεν,
1748 4508 1871 4559 ἐπεὶ

307 4603 547 4671 περᾶσαι
587 4600 677 4654 τὸν
706 4600 997 4667 Εὐφράτην
1035 4598 1226 4666 ἔμελλε
1266 4599 1361 4651 καὶ
1400 4600 1478 4661 είς
1507 4599 1870 4668 Παλαιστίνην

304 4692 551 4760 οἰκῆσαι.
596 4688 760 4741 Ἑτῶν
781 4688 839 4740 δὲ
868 4684 936 4758 ἦν
968 4687 1336 4757 ἑϐδομήκοντα
1366 4689 1523 4740 πέντε
1542 4691 1570 4741 ὁ
1599 4689 1871 4756 Ἀϐραὰμ,

302 4787 395 4835 ὅτε
429 4783 522 4841 “ri;
574 4778 913 4845 ἐπαγγελίας
946 4778 1182 4846 ἐδέχετο.
1222 4778 1393 4847 Γεννᾷ
1419 4778 1475 4830 δὲ
1514 4780 1608 4830 τὸν
1645 4779 1872 4848 Ἰσμαὴλ

305 4873 446 4925 ὲτῶν
492 4869 568 4922 ὦν
628 4867 747 4933 πς’.
782 4868 974 4929 Ἡνίκα
1029 4868 1086 4919 δὲ
1141 4868 1368 4934 γέγονεν
1406 4870 1543 4920 ἐτῶν
1574 4869 1682 4935 ςθ’,
1714 4867 1872 4936 ὤφθη

306 4963 459 5032 αὐτῷ
487 4963 514 5013 ὁ
544 4960 675 5023 Θεὸς
698 4961 871 5026 λέγων
894 4975 907 4988 ⁸
940 4977 957 5009 ι
990 4957 1130 5023 Ἐγώ
1168 4960 1284 5026 εἰμι
1312 4959 1339 5010 ὀ
1370 4958 1525 5021 Θεός.
1553 4978 1571 5011 ι
1602 4960 1735 5012 Τότε
1764 4962 1877 5012 λοι-

308 5054 415 5105 πὸν
446 5052 834 5120 περιτέμνεται
867 5049 959 5102 καὶ
989 5051 1016 5101 ὁ
1042 5048 1268 5110 δίκαιος,
1307 5048 1490 5101 κανὼν
1540 5046 1729 5118 ὥσπερ
1762 5053 1873 5112 τοῖς

313 5146 452 5196 πᾶσι
476 5142 859 5210 προκείμενος.
887 5140 1012 5192 Ὀτι
1039 5140 1093 5191 δὲ
1117 5141 1275 5209 ἡτῶν
1300 5140 1440 5192 κατὰ
1468 5140 1623 5191 πόλιν
1649 5141 1876 5194 δικαίων

312 5232 599 5302 παρρησία
635 5232 733 5299 τῆς
759 5231 851 5282 τοῦ
880 5231 1016 5282 Θεοῦ
1051 5220 1436 5299 μακροθυμίας
1467 5231 1722 5294 πρόξενος
1747 5234 1877 5300 ἡμῖν

309 5324 493 5385 ἐστιν,
529 5321 588 5385 ἐξ
619 5308 789 5391 αὐτῆς
832 5321 1071 5389 μάνθανε
1105 5320 1204 5388 τῆς
1229 5321 1359 5389 περὶ
1395 5320 1463 5371 τὰ
1493 5320 1699 5389 Σόδομα
1739 5323 1879 5371 ἱστι-

305 5415 436 5483 ρίας
461 5429 476 5443 ·
518 5430 535 5462 ι
560 5413 687 5465 Ἐἀν
720 5412 850 5465 δέκα
874 5432 920 5477 ι,
955 5412 1063 5481 γάρ
1091 5429 1246 5482 φησι,
1284 5430 1303 5464 ι
1327 5411 1567 5472 δικαίους
1615 5411 1777 5475 εὕρω,
1813 5412 1875 5464 οὐ

308 5506 392 5574 μὴ
424 5503 679 5557 ἀπολέσω
725 5506 825 5567 τὰς
858 5505 1068 5567 πόλεις.
1106 5522 1124 5555 ι
1159 5504 1423 5565 Πολλάκις
1456 5504 1514 5557 δὲ
1546 5505 1640 5555 καὶ
1665 5504 1754 5556 διὰ
1780 5506 1877 5573 τὴν

306 5596 422 5647 τῶν
473 5596 934 5665 τετελευτηκότων
990 5595 1192 5665 ἀρετὴν
1248 5594 1281 5662 ἢ
1321 5595 1417 5647 καὶ
1468 5593 1639 5664 αὐτὴν
1673 5594 1771 5663 τὴν
1798 5596 1874 5645 οἰ-

2056 4327 2325 4381 Czeterum
2370 4325 2715 4379 Abraltamus
2749 4325 2907 4378 initio
2938 4339 3133 4378 nomen
3182 4328 3395 4379 Abrami
3438 4330 3535 4382 ba-

1977 4418 2156 4479 bebat,
2188 4426 2246 4468 ut
2283 4415 2456 4468 sacris
2481 4424 2564 4469 est
2618 4415 2668 4466 in
2704 4413 2946 4477 Litteris,
3002 4414 3228 4468 inditum
3271 4417 3374 4470 sibi
3419 4433 3537 4470 ma—

1978 4507 2076 4560 tris
2106 4506 2336 4574 quadam
2366 4505 2759 4575 praesagitione,
2791 4520 2891 4558 ceu
2924 4505 3070 4557 credi
3119 4521 3213 4572 par
3238 4517 3343 4566 est.
3392 4510 3535 4574 quod

1978 4594 2306 4664 Euphratem
2350 4595 2683 4662 trajecturus
2701 4609 2763 4648 ac
2795 4594 2849 4646 in
2890 4594 3230 4647 Palaestinam
3277 4596 3539 4665 migratu-

1980 4701 2070 4739 rus
2100 4695 2264 4738 esset.
2297 4685 2429 4738 Cum
2462 4687 2734 4752 acciperet
2791 4684 2971 4736 dit‘illzt
3042 4685 3328 4752 promissa,
3384 4695 3541 4739 natus

1976 4775 2393 4828 eratauuos'ifi.
2445 4774 2730 4827 lsmaelum
2787 4790 2931 4826 anno
2989 4775 3164 4825 aetatis
3195 4777 3541 4841 Stiprocrea—

1978 4864 2073 4917 vit.
2097 4865 2230 4916 tium
2258 4879 2459 4916 annum
2497 4864 2563 4917 99
2585 4873 2786 4931 ageret.
2826 4865 3076 4931 apparuit
3099 4863 3150 4916 ei
3196 4864 3358 4923 Deus.
3389 4872 3441 4917 et
3465 4867 3546 4916 his

1978 4953 2159 5007 verbis
2192 4969 2318 5006 usus
2339 4964 2422 5007 est
2456 4968 2469 5004 :
2505 4972 2522 5004 ι
2556 4952 2665 5022 Εεο
2696 4969 2815 5007 sum
2840 4953 2981 5007 Deus
3025 4955 3113 5007 ille
3141 4964 3265 5007 tuus
3285 4955 3383 5005 ".r
3423 4956 3545 5019 Quo

1978 5043 2315 5111 factojustus
2351 5045 2437 5097 hic
2469 5046 2553 5097 vir
2583 5054 2636 5098 et
2667 5045 2920 5098 erunibus
2942 5045 3114 5098 instar
3146 5046 3545 5113 regulateujus-

1982 5138 2100 5188 dant
2127 5136 2436 5204 propesitus
2463 5137 2887 5190 circumciditur.
2928 5138 3001 5191 Ac
3028 5137 3299 5205 justorum
3331 5137 3546 5205 quidem

1984 5230 2399 5298 bornimtm,qui
2445 5230 2644 5284 alicubi
2686 5239 2813 5282 sunt
2864 5245 2959 5297 per
3015 5230 3211 5292 urbes,
3243 5229 3545 5282 libertatem

1981 5322 2138 5375 nobis
2174 5320 2264 5374 Dei
2299 5322 2559 5390 prolixam
2590 5321 3061 5373 mansuetudinem
3090 5335 3298 5389 parere,
3331 5320 3455 5373 licet
3479 5338 3545 5372 ex

1982 5411 2082 5464 hac
2114 5413 2224 5481 ipsa
2251 5412 2317 5465 de
2340 5412 2591 5465 Sodomis
2620 5413 2841 5464 historia
2861 5426 3170 5480 cognoscas.
3214 5410 3299 5462 «Si
3333 5411 3545 5468 decem.

1980 5502 2154 5571 inquit
2196 5502 2354 5564 Deus,
2388 5504 2564 5571 justos
2604 5504 2852 5556 homines
2875 5517 3149 5569 reperere,
3212 5502 3325 5553 haec
3354 5502 3549 5568 oppida

1979 5608 2090 5649 non
2118 5603 2355 5648 evertam
2376 5596 2475 5649 “.r
2504 5596 2888 5662 Sa'peuumcro
2906 5594 3064 5647 etiam
3085 5600 3302 5661 propter
3336 5592 3549 5645 illorn.n

385 5762 437 5794 “
474 5758 627 5814 Deut.
660 5775 731 5822 vr,
779 5760 859 5812 l5.
940 5760 983 5791 ’λ
1018 5761 1154 5814 Gen.
1201 5777 1326 5821 uti,
1363 5760 1410 5813 ι.
1489 5760 1530 5789 ’⁷
1560 5760 1693 5813 Gen.
1725 5774 1878 5820 xvm,
1906 5757 1991 5811 3‘2.
