4204 6450
259 376 361 444 265

1480 378 1883 440 ANNALIUM
1924 382 2114 439 PARS
2160 379 2240 436 ll.

3360 372 3465 433 966

261 490 293 553 ἡ
323 486 629 556 περίφημος
670 486 1044 555 Ἰερουσαλήμ.
1088 488 1181 538 Ἐκ
1228 484 1417 553 γένους
1462 486 1517 538 δὲ
1566 488 1865 547 τοιούτουλ

1959 488 2003 538 la
2027 486 2382 546 Jerusalema,
2408 484 2639 551 quadam
2668 482 2974 549 adiectione
2998 481 3297 532 litterarum
3325 486 3458 533 laeta

264 574 458 639 μιαροῦ
489 574 858 641 καταγόμενον
904 573 1113 640 ἀφῆκεν
1143 574 1175 643 ή
1209 574 1400 643 Γραφὴ
1450 575 1814 643 ἀγενεαλόγηο

261 681 370 725 τον,
390 666 437 717 εί
457 666 549 716 καί
568 682 709 727 τινες
731 665 860 716 Θεόν
884 665 1043 717 αὑτὸν
1060 666 1312 734 ἐνόμισαν
1329 664 1401 725 ὡς
1423 665 1658 732 ἄναρχον
1680 666 1817 733 τάχα

261 756 752 824 καΥάτελεύτητον,
794 758 888 810 τοῦ
914 757 1077 828 ῥητοῦ
1104 760 1198 810 καὶ
1225 757 1426 828 μᾶλλον
1466 757 1561 810 τοῦ
1594 758 1821 809 61:05:0-

262 845 415 898 λικοῦ
438 846 763 914 δραξάμενοι
794 846 887 899 τοῦ
911 846 1182 914 λέγοντος·
1223 866 1242 898 ι
1263 847 1542 916 ⁸Λπάτωρ,
1567 849 1819 915 ἀμήτωρ,

264 938 711 1006 ἀγενεαλόγητος,
770 939 907 1009 μήτε
940 939 1113 1009 ἀρχὴν
1141 940 1368 1008 ἡμερῶν
1398 938 1537 1007 ἔχων
1572 939 1707 1008 μήτε
1734 938 1823 991 τέ-

262 1028 352 1090 ).ος
382 1030 547 1098 ζωῆς.
578 1049 594 1080 ι
631 1031 786 1082 Κατὰ
819 1029 976 1082 τοῦτο
1007 1031 1100 1081 καὶ
1129 1030 1461 1098 ἀφομοίωμα
1491 1030 1706 1093 λέγεται
1738 1028 1823 1081 τοῦ

264 1121 500 1187 Χριστοῦ
524 1121 618 1173 τοῦ
656 1122 930 1190 ἀμήτορος
965 1122 1061 1190 μὲν
1092 1122 1154 1173 τὸ
1181 1123 1446 1191 πρότερον
1477 1121 1745 1189 ἁπάτορος
1771 1120 1825 1171 δὲ

262 1213 322 1263 τι
350 1212 626 1280 δεύτερον,
659 1214 752 1264 καὶ
796 1214 876 1266 ὅτι
908 1213 1005 1282 τὴν
1037 1213 1371 1279 ἀναίμακτον
1406 1210 1595 1264 θυσίαν
1624 1210 1692 1280 ἢν
1731 1210 1829 1261 αύ-

264 1302 351 1365 τὲς
393 1304 422 1354 6
475 1304 705 1372 Χριστὸς
740 1306 850 1365 τοῖς
902 1306 1171 1373 μαθηταῖς
1227 1303 1631 1372 παραδέδωκεν,
1666 1300 1826 1362 αὐτὸς

266 1392 527 1444 ἀνέκαθεν
555 1393 918 1461 προεικὸνιζε.
967 1396 1073 1447 Καὶ
1110 1394 1339 1448 ἄκουσον
1380 1396 1433 1446 τί
1467 1394 1597 1462 περὶ
1637 1392 1828 1444 τούτου

266 1486 431 1550 φησὶν
460 1486 487 1535 6
525 1485 621 1555 τὴν
650 1486 893 1553 γλῶτταν
924 1485 1192 1556 Χρυσοῦς.
1227 1505 1245 1537 ι
1285 1484 1621 1555 Προμηνύων
1644 1487 1669 1537 6
1701 1483 1832 1545 Θεὸς

264 1575 363 1641 τὴν
386 1574 677 1627 κατάλυσιν
706 1576 802 1644 τῆς
835 1576 1062 1644 νομικῆς
1089 1575 1387 1644 ἱερωσύνης
1412 1574 1599 1642 εἴρηκε
1628 1573 1713 1626 διὰ
1736 1570 1830 1623 τοῦ

266 1661 429 1715 Δαόίδ
460 1678 473 1692 ⁸
513 1682 531 1712 ι
566 1665 636 1716 Σὺ
676 1664 851 1732 ἱερεὺς
902 1666 981 1725 εἰς
1012 1666 1101 1717 τὸν
1136 1663 1309 1715 αἱῶνα
1349 1663 1490 1715 κατὰ
1538 1661 1635 1729 τὴν
1684 1661 1833 1722 τάξιν

274 1773 291 1803 ι
329 1754 680 1822 Μελχισεδὲκ,
715 1774 732 1805 ι
767 1755 823 1815 ὃς
854 1755 911 1807 οὗ
960 1754 1151 1817 θυσίας
1196 1756 1423 1822 νομικὰς
1460 1755 1667 1824 ἱέρευεν
1718 1751 1832 1804 ἀλλ’

1922 578 1983 631 Ει
2020 578 2145 645 quia
2183 575 2612 628 Melchisedccus
2649 589 2715 627 ex
2755 573 2957 625 familia
2996 582 3102 624 tam
3146 574 3355 639 impura
3392 588 3486 624 ia-

1923 676 2008 721 tus
2033 675 2170 728 erat,
2200 666 2403 720 idcirco
2426 664 2643 718 Littera:
2670 678 2840 718 sacra:
2863 663 3076 732 generis
3103 662 3271 730 ipsius
3290 663 3485 715 sei-imo

1922 772 2028 811 non
2058 767 2470 811 recensuerunt.
2495 756 2668 810 Fuere
2701 766 2877 809 tamen
2920 755 3166 807 nonnulli
3201 756 3290 821 qui
3323 756 3487 807 lletl'n

1923 846 2093 900 fuisse
2114 857 2449 901 censuerunt
2481 855 2737 915 tanquam
2766 845 3016 915 principii
3050 861 3111 897 ac
3140 844 3264 897 ﬁnis
3295 861 3488 910 esper-

1928 950 2058 1001 tem,
2097 941 2217 1009 plus
2246 955 2403 1008 (equo
2440 939 2619 992 verbis
2651 939 2736 991 his
2770 937 3085 1005 apostolicis
3123 937 3489 989 inhaerentes:

1934 1050 1951 1080 ι
1995 1031 2124 1082 Sine
2156 1041 2333 1098 patre,
2374 1029 2494 1083 sine
2521 1037 2718 1091 matre,
2749 1028 2868 1080 sine
2908 1028 3232 1095 majoribus,
3264 1041 3366 1078 nec
3396 1026 3495 1076 a-vi

1930 1121 2260 1190 principium
2293 1134 2396 1173 nec
2429 1120 2551 1172 vitae
2594 1120 2753 1171 tinem
2798 1118 3001 1171 habens
3021 1118 3087 1170 ".
3121 1137 3137 1168 ι
3180 1116 3296 1183 Quo
3331 1117 3496 1169 etiam

1931 1213 2152 1266 nomine
2187 1212 2365 1280 imago
2397 1221 2452 1265 et
2491 1210 2793 1263 similitudo
2825 1209 3028 1263 Christi
3059 1209 3279 1267 dicitur.
3315 1218 3372 1261 ut
3408 1209 3496 1277 qui

1932 1304 2081 1372 prius
2124 1302 2343 1369 quidem
2392 1311 2507 1355 etat
2556 1303 2762 1370 absque
2817 1312 3011 1364 matre,
3063 1302 3322 1369 deinceps
3372 1318 3501 1354 vero

1933 1396 2138 1460 absque
2167 1404 2340 1461 patre.
2369 1393 2512 1446 [dem
2538 1403 2590 1445 et
2618 1395 2963 1447 incruentum
2991 1392 3119 1444 illud
3146 1393 3499 1453 sarritirium,

1934 1482 2075 1550 quod
2108 1481 2361 1534 Christus
2397 1483 2511 1547 ipse
2559 1482 2840 1549 discipulis
2879 1481 3120 1544 tradidit,
3173 1482 3330 1549 longe
3379 1491 3503 1533 ante

1938 1573 2362 1639 repraesentavit.
2400 1573 2536 1626 Audi
2578 1573 2709 1640 quid
2756 1572 2857 1625 hac
2890 1574 2943 1625 in
2995 1582 3147 1640 parte
3185 1572 3505 1640 Chrysosto-

1937 1677 2058 1715 mus
2095 1662 2289 1715 tradat.
2340 1681 2356 1712 ι
2387 1662 2521 1715 Cum
2554 1664 2737 1727 vellet,
2770 1664 2968 1731 inquit,
3012 1670 3151 1717 Deus
3185 1663 3351 1716 multo
3380 1673 3506 1715 ante

1935 1754 2225 1807 sacerdotii
2265 1753 2453 1824 legalis
2492 1755 2841 1808 abolitionem
2878 1756 3191 1819 ostendere,
3221 1772 3315 1822 per
3350 1754 3507 1806 Davi-

270 1844 433 1912 εὐχὰς
461 1846 554 1895 καὶ
584 1845 777 1915 ἄρτους
809 1847 901 1899 καὶ
934 1843 1096 1908 οἶνον,
1131 1846 1205 1907 ὡς
1252 1846 1463 1915 ίστορία
1507 1845 1769 1897 διδάσκει.
1808 1861 1827 1893 ι

1954 1845 2061 1898 lem
2091 1846 2267 1913 inquit
2297 1865 2309 1899 :
2356 1865 2373 1897 ι
2407 1845 2488 1899 Tu
2521 1849 2780 1901 sacerdos
2811 1865 2870 1901 es
2905 1849 2956 1902 in
2996 1859 3283 1907 mternum,
3313 1862 3510 1901 secun-

271 1937 429 1990 Κατὰ
452 1936 609 1989 τοῦτο
642 1938 734 1990 καὶ
772 1940 950 2008 ἱερεὺς
998 1939 1091 1990 τοῦ
1126 1938 1263 1990 Θεοῦ
1304 1937 1396 1989 τοῦ
1424 1937 1649 2005 ὑᾲίττου
1684 1936 1835 2004 παρᾶ

270 2030 337 2095 τῇ
388 2028 576 2097 Γραφῇ
619 2015 877 2096 ἷέγεται,
925 2029 1101 2095 ἱερεὺς
1149 2028 1679 2099 αὐτοχειροτὸνητος,
1709 2026 1783 2088 ὡς
1812 2027 1838 2078 6

270 2120 695 2189 Χρυσορῤήμων
726 2119 894 2189 φησί·
930 2120 1163 2172 τοιοῦτοι
1204 2123 1299 2173 καὶ
1342 2121 1449 2189 γὰρ
1494 2118 1571 2187 τῷ
1614 2119 1734 2170 τότε
1787 2118 1837 2169 οἱ

273 2214 463 2278 ἱερεῖς.
508 2211 576 2262 Ἢ
612 2213 744 2264 καθὸ
771 2211 913 2265 θύων
960 2208 1027 2282 ἦν
1068 2211 1143 2275 ὡς
1177 2212 1362 2278 Ἀδελ,
1396 2211 1469 2275 ὡς
1509 2211 1629 2265 Νῶε
1666 2211 1760 2263 καὶ
1788 2209 1838 2261 οἱ

270 2302 472 2355 λοιποί.

1941 1937 2067 1990 dum
2095 1938 2342 1991 ordinem
2383 1937 2764 1995 Melchisedeei
2792 1942 2858 1995 ³ο.
2897 1960 2914 1992 ›
2954 1939 3054 2007 Qui
3098 1940 3352 1995 videlicet
3402 1956 3507 1992 non

1936 2028 2133 2098 legales
2165 2029 2369 2085 hostias
2396 2030 2738 2094 sacriﬁcavit,
2774 2034 2866 2085 sed
2897 2042 3039 2095 vota,
3073 2048 3290 2101 panem,
3324 2034 3509 2084 vinum

1936 2124 2153 2188 obtulit,
2185 2124 2641 2193 quemadmodum
2665 2126 2777 2193 ipsa
2803 2126 2959 2179 docet
2994 2125 3233 2178 historia.
3255 2143 3273 2176 ι
3310 2126 3512 2178 Idcirco

1938 2216 2108 2270 sacris
2152 2217 2205 2269 in
2242 2217 2461 2271 Litteris
2482 2218 2523 2249 ³¹
2558 2219 2799 2285 supremi
2843 2217 2932 2269 Dei
2976 2218 3231 2271 sacerdos
3266 2218 3511 2285 appella-

1942 2314 2051 2366 tur,
2080 2306 2338 2360 sacerdos
2388 2308 2456 2359 ab
2508 2307 2805 2376 semetipso
2848 2308 3204 2367 constitutus,
3240 2317 3299 2360 ut
3346 2308 3514 2374 (11ης-

273 2407 551 2453 sostomus
578 2400 851 2469 loquitur;
899 2410 1057 2455 erant
1093 2400 1241 2455 enim
1283 2399 1596 2454 sacerdotes
1664 2396 1716 2450 id
1785 2399 2047 2466 temporis.
2074 2400 2227 2454 tales.
2295 2401 2385 2455 Vel
2436 2412 2707 2471 quatenus
2756 2401 3080 2457 saeriﬁcimn
3116 2401 3398 2464 olIerebat,
3462 2409 3519 2453 ut

272 2492 500 2552 Abelus,
533 2493 665 2557 Noe,
695 2495 899 2549 cmteri.
948 2514 965 2545 ι

346 2587 410 2639 Et
433 2588 489 2640 δὲ
511 2591 603 2641 καὶ
625 2589 913 2658 ἅνθρωπος
939 2587 1004 2660 ἦν
1031 2592 1059 2643 6
1090 2591 1444 2660 Μελχισεδὲκ,
1477 2590 1593 2652 πῶς
1623 2589 1841 2656 λέγεται

276 2680 418 2747 μήτε
451 2679 621 2749 ἀρχὴν
657 2682 793 2750 μήτε
824 2682 975 2745 τέλος
1015 2682 1159 2751 ἔχειν
1186 2699 1199 2745 ;
1234 2684 1342 2735 Καὶ
1369 2682 1517 2733 ἐστιν
1552 2682 1728 2731 εἰπεῖν
1758 2680 1841 2732 ὅτι

276 2774 401 2832 τοὺς
429 2772 535 2823 ἀπὸ
561 2771 665 2840 Σὴθ
708 2774 1116 2841 καταγομένους
1151 2773 1549 2839 γενεαλογοῦσα
1588 2773 1620 2841 ἡ
1653 2770 1842 2840 Γραφὴ

274 2862 452 2927 οὕτως
493 2867 656 2918 ποιεῖ.
721 2865 782 2917 Ὀ
816 2865 985 2933 Ἀδὰμ
1028 2866 1199 2918 τόσων
1246 2865 1533 2933 γενόμενος
1582 2860 1842 2913 ἐνιαυτῶν

276 2957 443 3026 γεννᾷ
477 2956 566 3008 τὸν
589 2956 717 3026 Σὴθ,
760 2959 787 3009 6
816 2958 872 3010 δὲ
904 2957 1010 3028 Σὴθ
1046 2957 1203 3011 πάλιν
1246 2957 1418 3008 τόσων
1445 2955 1651 3025 χρῦνων
1696 2953 1846 3020 γενο-

196 3035 203 3040 ’
283 3064 443 3115 μενος
468 3049 576 3101 τῶν
614 3043 713 3101 ὦδε
751 3050 1066 3117 ἀφίσταται.
1097 3050 1241 3118 Δήλη
1280 3044 1373 3101 οὖν
1403 3046 1647 3099 ἐντεῦθεν
1683 3045 1776 3096 καὶ
1808 3046 1839 3113 ἡ

278 3139 425 3207 ἁρχὴ
451 3140 557 3192 τῶν
586 3142 808 3209 ἡμερῶν
855 3142 950 3195 τοῦ
986 3142 1093 3211 Σὴθ
1127 3143 1221 3194 καὶ
1259 3143 1319 3192 τὸ
1366 3139 1517 3199 τέλος
1558 3140 1656 3205 τῆς
1701 3137 1844 3203 ζωῆς

2018 2584 2089 2637 At
2132 2600 2263 2639 vero
2311 2586 2358 2640 si
2402 2586 2832 2641 Melchisedecus
2877 2596 2996 2641 erat
3053 2589 3232 2650 homo,
3284 2605 3518 2657 quionam

1947 2686 2109 2747 pacto
2148 2677 2351 2730 dicitur
2386 2692 2511 2731 cum
2568 2694 2669 2731 nec
2716 2678 3047 2748 principium
3088 2694 3187 2731 nec
3233 2680 3390 2733 ﬁnem
3431 2683 3521 2734 ha—

1947 2768 2173 2823 buisse?
2207 2767 2664 2836 Respondendqu
2703 2767 2936 2823 Litteras
2976 2785 3164 2824 sacras
3203 2772 3400 2824 seriem
3429 2788 3523 2842 ge-

1948 2862 2098 2915 neris
2159 2870 2502 2929 posterorum
2562 2859 2714 2913 Sethi
2777 2872 3127 2915 recensentes
3188 2863 3288 2916 hac
3348 2863 3521 2917 forma

1948 2952 2214 3007 orationis
2246 2953 2322 3007 uti
2354 2971 2366 3006 :
2405 2953 2646 3007 Adamus
2674 2968 2797 3005 cum
2837 2962 2915 3006 tot
2959 2969 3021 3006 ac
3063 2964 3147 3007 tot
3174 2963 3334 3007 natus
3377 2966 3523 3008 esset

1950 3061 2144 3109 annos,
2180 3045 2407 3099 Setbum
2438 3045 2664 3113 genuit;
2700 3043 2903 3097 Sethus
2936 3060 3149 3098 rursum
3192 3061 3313 3099 cum
3351 3057 3425 3100 tot
3458 3063 3523 3102 ac

1953 3148 2031 3190 tot
2062 3153 2236 3191 annos
2271 3136 2503 3191 vivendo
2542 3137 2837 3205 explesset,
2870 3152 2899 3189 e
2931 3136 3089 3191 terris
3135 3138 3383 3192 sublatus
3418 3149 3525 3193 est.

275 3201 467 3282 aias.
534 3201 655 3284 Ἐἑέι
700 3201 764 3285 ’δὲ
822 3232 916 3286 τοῦ
970 3201 1307 3301 Μελχισεδὲκ
1371 3231 1539 3300 μηδὲν
1607 3201 1849 3281 τοιοῦτον

1955 3229 2092 3282 lliue
2135 3241 2191 3282 et
2234 3228 2560 3297 principium
2613 3231 2736 3281 vitm
2786 3226 2937 3281 Sethi
2991 3239 3046 3281 et
3103 3229 3224 3282 linis
3273 3234 3526 3298 cognosci

280 3322 558 3391 ποιήσασα
609 3322 916 3392 παρέπεισὲ
966 3340 1121 3386 τινας
1172 3323 1409 3393 ἄναρχον
1458 3322 1619 3374 αὑτὸν
1667 3321 1849 3387 λέγειν

278 3411 375 3464 καὶ
405 3413 781 3481 ἀτελεύτητον,
808 3413 1106 3469 κάντεῦθεν
1141 3414 1372 3483 δύναμιν
1405 3408 1647 3480 μεγάλην
1685 3411 1849 3463 αὐτὸν

280 3504 489 3557 οῐεσθαι
520 3504 614 3557 τοῦ
648 3504 807 3560 Θεοῦ.

356 3774 622 3835 Βασιλεὺς
661 3774 760 3842 μὲν
811 3772 904 3825 οὖν
951 3773 1062 3826 καὶ-
1086 3771 1264 3842 ἱερεὺς
1302 3773 1329 3823 6
1373 3770 1730 3839 Μελχισεδὲκ,
1777 3769 1851 3831 ὡς

275 3870 491 3924 ἄνωθεν
521 3869 757 3936 εἴρηται,
803 3864 886 3919 ὅτι
920 3865 1016 3917 καὶ
1048 3863 1217 3927 τύπος
1271 3860 1338 3933 ἦν
1385 3866 1480 3917 καὶ
1524 3862 1855 3932 ἀφομοίωμα

274 3964 379 4016 τοῦ
415 3960 676 4030 Χριστοῦ.
709 3959 873 4013 Ὅθεν
907 3959 956 4010 εί
987 3957 1183 4023 θέλεις,
1213 3956 1488 4025 ἀγαπητὲ,
1532 3954 1725 4025 μαθεῖν
1755 3956 1853 4024 ὅση

276 4061 385 4125 τῆς
424 4054 544 4108 καθ’
583 4053 731 4122 ἡμᾶς
763 4050 1066 4122 ἱερωσύνης
1102 4052 1135 4118 ἠ
1170 4047 1430 4118 ὑπεροχὴ,
1471 4047 1547 4117 τῷ
1606 4048 1859 4119 Χρυσορ-

277 4145 785 4217 ρήμονιπρόσσχες
821 4142 1067 4213 Ἰωάννῃ.
1104 4142 1196 4194 Ἐν
1248 4142 1356 4209 γὰρ
1405 4139 1485 4209 τῷ
1537 4138 1679 4193 κατὰ
1728 4138 1859 4191 Ἰου-

272 4243 453 4296 δαίων
484 4239 718 4307 πέμπτῳ
747 4236 890 4306 λόγῳ
920 4235 1083 4305 φησὶν
1120 4235 1202 4286 ὅτι
1233 4232 1328 4286 καὶ
1365 4234 1424 4285 ἒν
1454 4234 1568 4295 τοῖς
1599 4232 1789 4294 τύποις
1825 4234 1858 4299 ἡ

272 4329 412 4389 καθ’
467 4332 614 4401 ἡμᾶς
666 4329 910 4398 ὑπεροχὴ
958 4327 1056 4395 τῆς
1102 4325 1401 4396 ἱερωσύνης
1450 4322 1753 4377 δείκνυται.
1801 4325 1857 4375 '0

273 4428 400 4495 γὰρ
468 4420 720 4488 Ἀδραὰμ
745 4418 840 4471 τοῦ
882 4418 1066 4470 Ἰσαὰκ
1097 4416 1279 4486 πατὴρ
1302 4410 1367 4487 ἦν
1397 4414 1491 4466 καὶ
1529 4413 1622 4466 τοῦ
1666 4412 1859 4466 Ἰακὼϐ

273 4517 514 4575 πάππος
548 4514 643 4565 καὶ
686 4509 781 4563 τοῦ
819 4505 951 4561 Astii
999 4506 1297 4577 πρόγονος⁹
1351 4503 1445 4557 τοῦ
1501 4504 1611 4573 γὰρ
1664 4502 1861 4555 Ἰακὼὸ

494 4562 655 4666 λέυτν,
702 4562 816 4655 νὰπδ
860 4600 916 4652 δὲ
970 4562 1064 4650 τοῦ
1117 4562 1327 4664 devii)
1383 4562 1653 4664 ἱερωσύνη
1710 4594 1862 4662 παρὰ.
1896 4562 1939 4618 D

287 4701 577 4762 Ἰουδαίοις
605 4698 703 4768 τὴν
742 4694 916 4764 ἀρχὴν
947 4691 1161 4763 ἐλαϐεν.
1206 4688 1343 4742 Ἀλλ’
1365 4680 1517 4749 οὗτος
1545 4687 1573 4739 6
1610 4684 1861 4753 ’Λϐραὰμ

267 4802 305 4853 ὁ
354 4796 622 4863 πρόγονος
669 4788 777 4842 τῶν
829 4784 1095 4845 Λευῖτῶν,
1144 4782 1254 4834 τῶν
1296 4778 1604 4833 Ἰουδαϊκῶν
1660 4776 1863 4846 δηλαδὴ

270 4889 511 4959 ἱερέων.
555 4884 644 4936 ὲπλ.
680 4879 774 4933 τοῦ
811 4877 1168 4944 Μελχισεδὲκ,
1216 4873 1275 4934 ὃς
1305 4869 1371 4944 ἦν
1402 4872 1576 4932 τύπος
1607 4871 1703 4938 τῆς
1740 4869 1864 4922 καθ’

270 4986 310 5049 ἡ
324 4981 443 5048 μᾶς
482 4972 802 5044 ἱερωσύνης,
826 4968 1018 5022 λαῖκοῦ
1061 4966 1214 5029 τάξιν
1242 4965 1446 5031 ἐπεῖχε.
1475 4963 1584 5014 Καὶ
1620 4960 1774 5012 τοῦτο
1797 4960 1864 5013 δι’

270 5069 623 5139 ἀμφοτέρων
662 5062 920 5130 ἐδήλωσε,
975 5059 1074 5110 καὶ
1122 5054 1210 5108 διά
1259 5053 1350 5105 τοῦ
1387 5050 1568 5104 δοῦναι
1611 5049 1863 5111 δεκάτας,

266 5164 388 5220 καὶ
442 5160 526 5212 ὅτι
558 5154 837 5226 ηὐλογήθη
894 5150 1024 5219 παρ’
1063 5146 1258 5201 αὐτοῦ·
1301 5146 1349 5197 οἱ
1397 5142 1505 5212 γὰρ
1557 5141 1733 5193 λαῖκοὶ
1775 5141 1868 5193 καὶ

265 5255 532 5312 δεκάτας
562 5250 765 5302 διδόασι
800 5250 910 5306 τοῖς
958 5240 1161 5311 ἱερεῦσι
1194 5240 1290 5291 καὶ
1328 5235 1457 5305 παρ’
1507 5234 1687 5287 αὐτῶν
1719 5234 1870 5285 εὐλο-

266 5346 545 5418 γοῦνται.
610 5337 773 5391 Ἀλλὰ
836 5335 928 5387 καὶ
981 5332 1073 5385 τοῦ
1139 5327 1477 5397 Μελχισεδὲκ
1536 5324 1775 5376 ἐλάσσων
1843 5325 1870 5375 ὁ

282 5414 569 5505 ;Α6ραὰμ
612 5434 639 5483 6
679 5429 773 5485 τὰς
816 5421 1150 5490 ἐπαγγελίας
1197 5418 1509 5485 δεξάμενος.
1554 5414 1664 5467 Καὶ

264 5534 379 5584 ὅτι
411 5501 473 5576 το
498 5501 721 5573 ἔλασσον
745 5516 849 5568 ὑπὸ
877 5514 969 5564 τοῦ
1002 5510 1312 5579 κρείττονος
1341 5505 1665 5571 εὐλογεῖται.
1707 5501 1869 5555 ’Λλλᾶ

268 5616 395 5677 καὶ
428 5617 456 5669 6
498 5613 725 5673 δεκάτας
765 5606 1057 5678 λαμϐάνων
1113 5599 1244 5655 Λευῒ
1296 5597 1681 5659 δεδεκᾲτωται,
1717 5595 1788 5658 ὡς
1845 5596 1873 5646 ὁ

365 5780 418 5811 ”
453 5775 619 5831 Hebr.
658 5793 748 5841 vn,
787 5775 831 5826 l.
910 5773 950 5802 ³ο
986 5767 1127 5824 I'sal.
1163 5780 1266 5827 cxx,
1312 5764 1351 5817 ί,

1433 5764 1470 5790 ³¹
1507 5761 1640 5814 Gen.
1678 5776 1787 5822 xlv,
1834 5759 1915 5813 l8.

1955 3327 2166 3390 potest;
2197 3334 2319 3373 cum
2343 3329 2525 3373 autem
2555 3319 2605 3371 in
2631 3317 3017 3373 Melcltiscdcco
3042 3319 3172 3371 nihil
3194 3320 3295 3373 tale
3327 3321 3524 3375 factum

1953 3411 2043 3473 sit,
2096 3411 2175 3463 in.
2206 3425 2323 3463 eam
2376 3410 2789 3478 persuasionem
2842 3409 3086 3462 nonnulli
3129 3420 3420 3473 venerunt,
3471 3390 3530 3465 ui.

1954 3499 2407 3554 Melchisedccum
2441 3500 2695 3569 principii
2729 3515 2791 3553 ac
2828 3501 2950 3552 ﬁnis
2994 3511 3270 3567 expertem
3319 3512 3528 3555 statue-

1954 3601 2095 3655 rent,
2150 3591 2512 3659 eamdemque
2566 3606 2818 3660 magnam
2870 3606 2992 3644 csse
3050 3590 3140 3643 Dei
3206 3601 3528 3659 potestatem

1956 3691 2229 3749 putarent.

2031 3772 2140 3826 “ex
2178 3774 2395 3843 quidem
2430 3775 2540 3839 ille,
2576 3790 2674 3829 ceu
2706 3791 2869 3847 supra
2904 3778 3163 3842 diximus,
3195 3787 3251 3831 et
3276 3776 3531 3830 sacerdos

1956 3876 2096 3927 erat,
2143 3864 2312 3935 ﬁgura
2352 3876 2407 3920 et
2453 3867 2755 3922 similitudo
2802 3870 3025 3925 Christi.
3064 3871 3430 3936 Quamobrem
3486 3870 3529 3924 si

1957 3971 2292 4025 cognoscere
2318 3960 2488 4025 voles,
2525 3960 2723 4015 dilecte
2758 3962 2854 4026 ﬁli,
2890 3974 3092 4031 quanta
3132 3964 3203 4018 sit
3238 3965 3558 4031 nostri-sa-_

1959 4049 2188 4103 cerdotii
2232 4054 2592 4118 .przestantia,
2654 4053 2814 4123 136
2876 4054 3105 4110 Joannis
3159 4056 3533 4124 Chrysostomi

1960 4142 2142 4195 verbis
2165 4141 2404 4195 animum
2436 4142 2728 4206 advertito,
2765 4145 2859 4215 qui
2908 4145 2960 4198 iu
2994 4146 3243 4199 oratione
3270 4144 3533 4198 adversus

1959 4232 2177 4296 Jaidaios
2224 4232 2413 4300 quinta
2438 4234 2637 4303 inquit,
2670 4238 2833 4288 etiam
2864 4236 2918 4289 in
2943 4236 3076 4307 ipsis
3111 4236 3296 4306 ﬁguris
3322 4236 3536 4290 ostendi

1960 4335 2223 4393 quantum
2259 4340 2287 4377 a
2321 4333 2510 4380 nostro
2550 4327 2917 4381 Sacerdotium
2960 4329 3087 4381 illud
3122 4339 3276 4383 vetus
3311 4343 3537 4398 supere-

1966 4424 2070 4467 tur.
2098 4414 2441 4469 Abrahamus
2486 4418 2630 4471 enim
2679 4427 2834 4487 pater
2876 4418 3044 4473 lsaaci
3079 4430 3134 4473 ct
3173 4419 3357 4473 Jacobi
3408 4435 3540 4475 avus

1963 4516 2104 4566 erat,
2144 4507 2295 4561 Levii
2328 4524 2585 4577 proavus,
2624 4519 2683 4563 ut
2708 4510 2802 4576 qui
2826 4510 3014 4565 Jacobi
3052 4512 3196 4566 ﬁlius
3226 4513 3536 4566 exsisteret.

1966 4596 2035 4650 At
2058 4598 2201 4651 enim
2229 4600 2596 4667 sacerdotium
2626 4602 2753 4656 illud
2784 4601 3073 4656 Judaieum
3103 4603 3156 4655 in
3188 4602 3357 4657 Levio
3391 4605 3541 4669 prin-

1965 4685 2168 4751 cipium
2232 4686 2450 4741 habuit.
2505 4688 2875 4743 Nihilominus
2926 4690 3268 4744 Abrahamus
3323 4690 3540 4759 S‘meris

1967 4775 2279 4830 Levitarum
2309 4790 2517 4841 auctor,
2546 4779 2649 4833 hoc
2674 4790 2758 4834 est
2778 4779 3134 4835 Judaicorum
3166 4782 3539 4843 sacerdotum,

1968 4866 2070 4920 sub
2113 4867 2532 4935 Melchisedeco,
2584 4872 2676 4939 qui
2734 4873 2907 4926 nostri
2964 4872 3255 4927 sacerdotii
3318 4876 3540 4941 ﬁguram

1967 4962 2416 5029 reprmseutabat,
2455 4978 2553 5029 pro
2600 4964 2744 5017 laico
2784 4979 2908 5019 sese
2949 4965 3192 5035 gerebat.
3224 4965 3401 5031 Atque
3442 4966 3543 5018 hoc

1972 5050 2150 5117 ipsum
2187 5050 2402 5105 duabus
2437 5051 2606 5106 rebus
2645 5052 3002 5122 signiﬁcabat,
3042 5036 3155 5107 tum
3192 5054 3333 5122 quod
3374 5055 3543 5108 decu-

1972 5155 2086 5193 mas
2119 5141 2295 5202 daret,
2326 5149 2442 5195 tum
2481 5146 2626 5211 quod
2670 5144 3060 5199 ominationem
3091 5146 3159 5198 ab
3199 5160 3265 5199 eo
3311 5146 3541 5199 faustam

1970 5233 2266 5300 acciperet.
2290 5231 2422 5286 Nam
2447 5234 2571 5288 laici
2589 5234 2848 5289 decumas
2871 5237 3251 5291 sacerdotibus
3276 5236 3542 5304 pendunt,

1972 5333 2025 5376 et
2077 5323 2394 5377 corumdem
2447 5326 2705 5393 precibus
2766 5327 3125 5380 fclicitanlur.
3174 5327 3318 5392 Quin
3381 5328 3542 5381 edam

1975 5414 2338 5478 Abrahamus,
2395 5432 2705 5485 quanquam
2768 5418 3055 5485 promissis
3102 5417 3305 5471 diiinis
3354 5418 3545 5471 beatus

1974 5515 2141 5565 esset.
2176 5504 2535 5561 nihilominus
2570 5506 2968 5563 Melcliiscdeco
3012 5510 3190 5562 minor
3235 5515 3373 5561 erat.
3414 5507 3543 5572 Qui-

1976 5612 2100 5650 nam
2127 5597 2305 5651 istuc?
2332 5596 2467 5664 Quia
2502 5598 2699 5652 minori
2739 5599 2908 5667 major
2944 5599 3239 5653 benedicit.
3278 5596 3541 5652 l'ricterea
