4204 6450
735 416 837 477 ἓὸἹ

1980 421 2395 480 MICHAEHS
2433 419 2688 481 GLYCE

3845 419 3953 481 558

732 526 931 579 Levius
984 527 1118 595 ipse,
1167 525 1251 579 cui
1297 525 1645 580 decumarum
1688 526 1775 595 jus
1822 540 2139 583 concessum
2187 542 2288 596 est,
2322 538 2364 591 Α

2322 538 2364 591 Α
2393 530 2604 591 Παῦλός
2639 541 2805 599 φησι·
2843 548 2860 579 ι
2912 530 3149 590 Δεκατας
3196 528 3304 596 γὰρ
3335 528 3501 579 ἔδωκε
3542 528 3633 579 καὶ
3681 528 3844 591 αὐτὸς
3878 530 3956 594 τῷ

734 618 821 669 hic
850 617 1170 669 decumatus
1213 614 1331 678 fuit,
1363 616 1823 684 quemadmodum
1870 619 2069 672 Paulus
2119 620 2294 687 loqui-

733 708 905 760 tur”.
940 706 1071 759 Nam
1120 716 1174 761 et
1209 707 1324 777 ipse
1373 706 1764 776 Melchisedeco
1805 724 1903 777 per
1926 710 2294 763 Abrahammn

732 808 940 865 patrem
973 796 1231 851 decumas
1278 797 1464 859 solvit,
1497 801 1711 853 tametsi
1763 801 1992 853 necdum
2024 801 2204 855 editus
2242 800 2292 853 in

731 889 905 942 lucem
959 887 1147 943 foret:
1189 889 1386 956 quippe
1435 890 1611 944 adhuc
1658 891 1712 944 in
1763 891 2056 950 Abrahami
2094 891 2295 946 lumbis

731 990 868 1040 erat,
902 994 1025 1032 cum
1066 980 1464 1035 Melchisedcco
1487 981 1531 1033 is
1561 990 1898 1036 occurreret.
1933 983 2009 1035 De
2038 996 2144 1050 quo
2169 982 2298 1036 licet

732 1071 1004 1140 intelligas
1038 1072 1200 1126 hasce
1238 1071 1492 1126 Judaicas
1528 1087 1612 1125 res
1656 1087 1765 1125 non
1811 1072 1910 1126 nisi
1950 1072 2197 1126 umbram
2240 1080 2295 1126 et

732 1164 953 1229 ﬁguram
1006 1164 1294 1230 quamdam
1344 1164 1531 1217 fuisse.
1586 1162 1722 1217 Nam
1774 1163 1818 1217 si
1865 1178 1965 1232 per
2008 1163 2292 1218 Judaicum

731 1252 1093 1304 sacerdotium
1128 1252 1518 1321 perfectionem
1557 1253 1801 1307 licuisset
1826 1252 2067 1319 assequi,
2102 1252 2294 1321 ecquid

731 1357 909 1395 causze
957 1342 1118 1405 foret,
1170 1343 1523 1411 quamobrem
1557 1344 1816 1396 constitui
1866 1344 2119 1396 sacerdos
2157 1342 2296 1395 alius

732 1432 1033 1485 secundum
1093 1433 1341 1486 ordinem
1398 1432 1800 1495 Melehisedeei,
1866 1446 1973 1484 non
2039 1431 2291 1493 Aarouis,

732 1524 1203 1578 dieeretur?Cum
1243 1540 1373 1594 ergo
1419 1523 1784 1578 sacerdotium
1842 1523 1986 1575 aliud
2034 1524 2298 1578 subsecu-

732 1626 915 1669 turum
950 1624 1116 1678 esset,
1153 1616 1379 1669 omnino
1404 1616 1774 1670 necessarium
1812 1625 1929 1667 erat
1957 1616 2120 1667 alium
2160 1631 2298 1683 quo-

733 1722 835 1774 que
870 1722 1049 1759 rerum
1091 1716 1290 1760 statum
1336 1705 1614 1771 snbsequi.
1648 1704 1802 1770 Quod
1842 1705 2058 1771 quidem
2100 1703 2299 1758 Paulus

2402 618 2733 687 Μελχισεδὲκ
2787 616 2853 670 δι’
2921 617 3167 686 Ἀϐραὰμ
3207 615 3297 669 τοῦ
3359 616 3565 685 πατρὸς
3617 615 3806 680 αὐτοῦ,
3862 618 3958 668 καὶ

2406 709 2571 778 μήπω
2644 706 2962 776 γεννηθείς”
3022 726 3040 757 ι
3098 706 3176 758 ἔτι
3230 706 3338 774 γὰρ
3411 708 3466 757 ὲν
3518 709 3582 773 τῇ
3639 705 3803 771 ὀσφύῖ
3862 705 3957 757 τοῦ

2413 801 2661 870 Ἀϐραὰμ
2686 796 2776 870 ἦν,
2805 801 2892 852 ὅτε
2926 801 3253 869 συνήντησεν
3272 801 3301 851 ό
3329 799 3681 869 Μελχισεδέκ.
3721 798 3958 865 Πρόσεχε

2403 886 2495 944 οὖν
2528 891 2610 943 ὅτι
2649 891 2776 943 σκιὰ
2812 890 2905 943 καὶ
2941 890 3109 952 τύπος
3138 885 3278 959 ἦσαν
3309 891 3377 941 τὰ
3431 888 3718 941 Ἰουδαϊκά.
3761 890 3823 940 Ei
3854 890 3961 956 γὰρ

2402 982 2486 1035 διὰ
2516 981 2611 1050 τῆς
2656 981 2950 1049 Ἰουδαϊκῆς
2988 980 3229 1051 ἱστορίας
3271 980 3366 1032 καὶ
3412 978 3713 1049 ἱερωσύνης
3747 978 3965 1031 τελείω-

2402 1091 2485 1133 σις
2527 1069 2617 1142 ἦν,
2649 1073 2729 1135 τίς
2779 1072 2859 1125 ἔτι
2921 1073 3081 1143 χρεία
3117 1072 3256 1124 κατὰ
3292 1070 3390 1141 τὴν
3430 1070 3584 1135 τάξιν
3632 1071 3967 1138 Μελχισεδὲκ

2397 1163 2721 1218 ἀνίστασθαι
2759 1164 2950 1232 ἕτερον
3006 1164 3155 1233 ἱερέα
3213 1162 3306 1215 καὶ
3358 1163 3418 1214 ού
3478 1161 3618 1215 κατὰ
3665 1161 3761 1230 τὴν
3814 1160 3967 1225 τάξιν

2412 1254 2625 1324 Ἀαρὼν
2662 1255 2919 1321 λέγεσθαι
2944 1271 2958 1319 ;
3005 1255 3154 1307 Ἐπεὶ
3185 1251 3277 1306 οὖν
3307 1253 3470 1323 ἑτέρα
3496 1252 3766 1320 ἱερωσύνη
3793 1250 3966 1302 ἐλθεῖν

2400 1345 2642 1414 ἔμελλεν,
2678 1345 2889 1414 ἀνάγκη
2926 1346 3076 1399 πᾶσα
3101 1346 3196 1397 καὶ
3218 1345 3496 1397 πολιτείαν
3519 1344 3712 1412 ἑτέραν
3740 1359 3957 1393 συνεισο

2399 1437 2592 1489 ελθεῖν.
2647 1436 2755 1489 Kal.
2800 1435 2961 1488 τοῦτο
2994 1436 3169 1505 δηλῶν
3207 1437 3234 1487 6
3269 1434 3480 1497 Παῦλος
3514 1434 3698 1502 ἔλεγεν
3743 1434 3825 1486 ὅτι
3872 1432 3969 1499 τῆς

2403 1525 2702 1595 ἱερωσύνης
2762 1522 3192 1595 μετατιθεμένης
3242 1525 3303 1589 ἐξ
3358 1527 3602 1593 ἀνάγκης
3654 1524 3747 1576 καὶ
3800 1524 3968 1590 νόμου

2404 1614 2690 1685 μετάθεσις
2728 1616 2957 1683 γίνεται.
3014 1616 3123 1668 Ka‘t
3175 1615 3345 1668 ταῦτα
3396 1614 3494 1685 μὲν
3528 1615 3556 1667 6
3600 1612 3699 1681 τὴν
3728 1612 3971 1679 γλῶτταν

2402 1725 2656 1777 χρυσους.

735 1799 977 1852 indicare
1004 1799 1194 1853 volens
1227 1800 1303 1852 ait
1332 1819 1344 1852 :
1395 1818 1412 1850 ‹
1447 1798 1734 1851 Translata
1770 1798 2077 1851 sacerdotio
2111 1799 2420 1852 necessario
2451 1816 2667 1870 quoque
2720 1802 2855 1872 legis
2926 1801 2981 1855 fit
3058 1800 3341 1855 translatio
3393 1801 3460 1857 ³³,
3491 1818 3511 1854 ι
3553 1798 3675 1854 Ηαιο
3702 1799 3813 1851 .ita
3847 1803 3971 1849 sunt

735 1915 765 1950 a
795 1895 1187 1965 Chrysostomo
1220 1896 1435 1949 tradita.

804 1993 1074 2045 Caeterum
1098 2006 1219 2043 cum
1248 2006 1536 2059 precamur
1554 2005 1653 2043 ncc
1673 1988 1938 2043 continuo
1959 1990 2303 2051 cxaudimur,
2338 1996 2378 2048 Β

2338 1996 2378 2048 Β
2482 1988 2959 2059 Προσευχομένους
2988 1989 3042 2042 δὲ
3071 1990 3216 2058 ἡμᾶς
3241 1990 3331 2040 καὶ
3364 1986 3438 2057 μὴ
3468 1987 3665 2048 εὐθέως
3694 1988 3971 2039 είσακουο-

739 2085 1157 2152 haudquaquam
1185 2082 1527 2151 despondere
1568 2082 1811 2135 animum
1853 2082 2137 2134 debemus.
2165 2080 2300 2134 Nam

736 2188 791 2231 et
822 2176 1041 2232 lsaacus
1072 2178 1141 2230 ob
1174 2192 1323 2230 suam
1366 2175 1722 2245 conjugisque
1751 2174 2090 2227 sterilitatem
2135 2173 2301 2226 Deum

738 2280 882 2324 totos
914 2270 983 2324 20
1033 2285 1208 2323 annos
1242 2269 1497 2337 precibus
1544 2268 1788 2335 urgebat.
1835 2266 1971 2319 Sunt
2008 2268 2153 2319 enim
2192 2267 2304 2320 hwc

739 2377 1018 2417 sacrarunt
1078 2360 1408 2414 Litterarum
1455 2358 1660 2412 verba:
1706 2375 1723 2408 ι
1756 2356 2091 2411 Obsecrabat
2140 2357 2303 2410 Deum

743 2453 1008 2508 liebeecte
1058 2454 1244 2507 uxoris
1298 2451 1537 2516 nomine,
1591 2465 1711 2519 qua:
1766 2450 1970 2504 sterilis
2023 2460 2137 2505 erat
2168 2450 2230 2502 ³³.
2283 2469 2300 2499 ι

741 2543 937 2598 Postea
963 2558 1085 2597 eum
1115 2543 1392 2607 Rebeccae,
1420 2556 1542 2611 quae
1570 2541 1765 2593 Esaum
1792 2549 1846 2593 et
1869 2538 2127 2593 Jacobum
2154 2552 2310 2594 uteto

741 2638 1011 2705 gestabat.
1046 2651 1186 2705 aegre
1245 2642 1411 2697 esset,
1467 2632 1612 2702 quod
1679 2632 1829 2686 fetus
1886 2632 1938 2685 in
1995 2642 2154 2686 utero
2201 2644 2307 2683 non

749 2724 1100 2779 mediocriter
1157 2724 1525 2777 subsultarent
1557 2764 1572 2785 ,
1614 2722 1938 2787 indicantes,
1977 2721 2051 2774 uti
2090 2721 2308 2788 quidem

745 2818 895 2873 credi
934 2833 1028 2885 par
1066 2826 1183 2879 est,
1217 2815 1499 2869 dissidium
1540 2814 1667 2867 illud
1717 2813 1859 2881 quod
1910 2812 2171 2879 deinceps
2223 2810 2312 2863 in-

745 2919 831 2964 ter
878 2911 1025 2976 ipsos
1082 2908 1406 2961 exstitnrum
1451 2915 1590 2964 erat.
1618 2906 1700 2958 his
1724 2904 1904 2958 verbis
1937 2902 2078 2955 Deus
2103 2902 2309 2954 utitur:

755 3019 775 3051 ε
823 3000 949 3053 Duae
1000 3008 1190 3065 gentes
1236 3012 1300 3051 ex
1352 3007 1507 3050 utero
1558 3008 1650 3049 tuo
1699 2994 2035 3058 dividentur,
2079 3006 2311 3060 quorum

746 3092 915 3145 altera
965 3090 1085 3158 plus
1119 3090 1285 3142 altera
1339 3087 1559 3155 poterit,
1607 3085 1888 3153 majorque
1945 3083 2136 3136 minori
2195 3098 2313 3137 ser-

748 3186 862 3239 Viet
885 3184 948 3236 ³⁵.
985 3201 1001 3233 ι
1039 3180 1248 3246 Quibus
1281 3179 1333 3231 in
1364 3178 1546 3233 verbis
1581 3176 1953 3230 animadverte
1984 3174 2154 3227 Deum
2188 3188 2313 3242 pcr-

748 3274 941 3344 spicue
979 3272 1240 3326 rationem
1270 3270 1450 3340 populi
1470 3267 1681 3322 Judaici
1705 3278 1762 3321 et
1783 3267 2000 3336 gentilis
2020 3265 2312 3319 indicasse.

2410 2080 2601 2147 μένους
2648 2079 2707 2131 οὐ
2759 2078 2876 2130 δέον
2925 2078 3182 2130 ἐκκακεῖν
3213 2093 3226 2107 ·
3266 2078 3386 2129 ἐπεὶ
3442 2075 3537 2128 καὶ
3582 2076 3609 2126 6
3653 2074 3841 2127 Ἰσαὰκ
3879 2074 3973 2140 ἔτη

2406 2173 2577 2224 εἴκοσι
2635 2170 2728 2222 τοῦ
2785 2169 2917 2223 Θεοῦ
2967 2170 3144 2222 ἐδέετο
3195 2168 3281 2221 διὰ
3310 2168 3409 2237 τὴν
3460 2168 3718 2219 ἀπαιδίαν
3773 2164 3971 2217 αὐτῶν.

2419 2263 2628 2315 Ἐδέετο
2677 2262 2804 2329 γὰρ,
2840 2263 2973 2329 φησὶ
3000 2299 3014 2322 ,
3076 2259 3169 2312 τοῦ
3225 2258 3359 2311 Θεοῦ
3413 2258 3543 2327 περὶ
3581 2256 3839 2316 Ῥεϐέκας
3879 2253 3974 2321 τῆς

2407 2355 2663 2419 γυναικὸς
2697 2354 2884 2414 αὐτοῦ.
2918 2352 2999 2405 ὅτι
3031 2350 3220 2418 στείρα
3248 2346 3336 2420 ἦν.
3362 2348 3803 2418 Δυσχεραινούσῃ
3831 2346 3885 2398 δὲ
3910 2346 3972 2411 τῇ

2416 2447 2644 2515 Ῥεϐέκᾳ
2672 2447 2833 2516 ἡνίκα
2856 2444 3233 2513 ἐγκυμονοῦσα
3261 2438 3329 2511 ἦν
3352 2443 3443 2493 τόν
3473 2457 3533 2493 τε
3571 2436 3738 2492 Ἦσαῦ
3768 2439 3862 2489 καὶ
3889 2436 3977 2486 τὸν

2420 2538 2618 2593 Ἰακὼϐ
2656 2538 2734 2608 (οὐ
2773 2536 2984 2607 μικρῶς
3017 2537 3127 2606 γὰρ
3158 2532 3425 2602 ἐσκίρτων
3449 2533 3516 2585 ,ὲν
3550 2533 3615 2601 τῇ
3662 2527 3842 2597 κοιλίᾳ
3882 2523 4002 2578 αἷμ’

2409 2633 2529 2700 τῆς,
2577 2629 2864 2696 μηνύοντε,
2915 2627 2989 2687 ὡς
3037 2628 3206 2690 ἔοικε,
3264 2626 3362 2691 τὴν
3421 2610 3693 2693 ἐσομένην
3752 2620 3979 2687 ὕστερον

2414 2723 2577 2792 μέσον
2611 2721 2784 2773 αὐτῶν
2807 2718 3099 2788 διαμάχηνὶ
3125 2718 3227 2787 ἔφη
3264 2718 3290 2769 δ
3318 2714 3523 2784 Κύριος
3544 2731 3557 2744 ο
3588 2732 3607 2764 ‹
3632 2712 3734 2765 Δύο
3770 2711 3889 2762 λαοὶ
3916 2711 3977 2761 ὲκ

2413 2814 2509 2881 τῆς
2545 2811 2749 2873 κοιλίας
2773 2828 2867 2863 σου
2891 2809 3361 2875 διασταλήσονται,
3390 2809 3481 2859 καὶ
3508 2805 3633 2867 λαδς
3658 2803 3789 2855 λαοῦ
3814 2803 3983 2869 ὑπερ.

2415 2905 2547 2969 ἐξει,
2572 2905 2668 2957 καὶ
2694 2905 2721 2956 6
2752 2901 2954 2970 μείζων
2981 2901 3253 2953 δουλεύσει
3282 2899 3357 2968 τῷ
3389 2898 3655 2951 ἐλάσσονι.
3688 2914 3706 2945 ι
3741 2894 3981 2961 Πρόσεχε

2414 2994 2543 3048 οὖν’
2589 2994 2779 3062 σαφῶς
2829 2993 2939 3062 γὰρ
2988 2991 3259 3061 ἐδήλωσεν
3310 2992 3336 3043 ό
3384 2989 3512 3051 Θεὸς
3551 2986 3619 3040 τὰ
3666 2984 3811 3037 κατὰ
3871 2983 3981 3034 τῶν

2429 3087 2735 3142 Ἰουδαϊκῶν
2766 3085 2911 3139 λαῶν
2940 3083 3034 3137 καὶ
3068 3083 3174 3136 τῶν
3214 3080 3464 3136 ἐθνικῶν.

823 3365 996 3434 llujus
1029 3363 1194 3417 lsaaei
1229 3373 1469 3431 tempore
1498 3361 1669 3414 fames
1696 3360 1801 3413 alia
1830 3359 1952 3421 fuit,
1977 3357 2132 3427 cujus
2159 3370 2319 3409 causa
2347 3332 2390 3389 θ

2347 3332 2390 3389 c
2494 3345 2663 3412 Λιμὸς
2693 3342 2945 3413 δεύτερος
2970 3340 3064 3394 ἐπὶ
3092 3338 3187 3393 τοῦ
3236 3338 3424 3391 ’ῐσαάκ
3457 3336 3690 3405 γίνεται,
3726 3331 3812 3401 ἐφ’
3842 3325 3885 3399 ᾧ
3928 3332 3986 3384 ὲν

750 3457 971 3516 lsaacus
1002 3471 1059 3510 se
1082 3455 1282 3511 Gerara
1323 3454 1577 3510 contulit.
1612 3454 1906 3519 quominus
1942 3451 1996 3504 in
2028 3448 2320 3518 Egyptum

751 3547 1223 3617 proﬁcisceretur,
1285 3546 1352 3599 ab
1414 3545 1533 3614 ipso
1594 3545 1747 3613 137
1821 3544 1932 3597 Deo
1991 3538 2321 3610 prohibitus.

753 3640 1073 3709 Quanquam
1108 3637 1252 3692 enim
1288 3637 1332 3691 is
1367 3624 1677 3690 Abrahamo
1707 3640 2052 3688 concesserat
2086 3640 2142 3682 ut
2172 3644 2236 3683 eo
2265 3642 2324 3681 se

754 3732 1051 3795 conferret,
1089 3744 1267 3783 tamen
1298 3728 1348 3781 id
1384 3727 1487 3779 alia
1517 3726 1659 3778 nulla
1690 3724 1757 3777 de
1788 3738 1949 3776 causa
1992 3720 2191 3777 factum
2222 3716 2325 3770 fuit

754 3840 916 3894 quam
954 3834 1013 3877 ut
1046 3823 1166 3876 istis
1204 3823 1365 3874 etiam
1405 3818 1718 3871 hominibus
1752 3815 1926 3868 virtus
1961 3811 2134 3881 ipsius
2166 3811 2321 3862 inno-

756 3926 1010 3971 tesceret.
1035 3913 1252 3966 Isaacus
1274 3922 1455 3964 autem
1483 3907 1664 3961 hordei
1692 3914 1988 3960 sementem
2010 3901 2160 3963 fecit,
2179 3901 2322 3968 quod

756 4006 1005 4067 inaudito
1031 4005 1263 4072 quodam
1300 4001 1462 4055 modo
1503 3988 1741 4052 fructum
1776 3995 2090 4062 centuplum
2126 3991 2323 4045 edidit.

756 4093 962 4160 Quodsi
1015 4092 1289 4160 dejectum
1344 4088 1473 4142 illud
1509 4101 1696 4141 semen
1728 4086 1783 4138 in
1834 4100 1893 4139 se
1933 4094 2075 4138 terra
2112 4083 2323 4137 ratione

757 4186 1010 4254 centupla
1046 4182 1303 4246 reddidit,
1330 4169 1566 4249 quonam
1596 4179 1709 4232 ﬁeri
1749 4185 1907 4244 pacto
1944 4186 2121 4245 potest
2150 4185 2208 4228 ut
2234 4173 2325 4243 qui

760 4282 1150 4349 benignitatem
1194 4276 1247 4329 in
1282 4284 1506 4344 egenus
1540 4286 1606 4324 ex
1641 4268 2122 4325 commiseratione
2161 4267 2327 4323 animi

2419 3441 2680 3510 Γεράροις
2709 3436 3036 3505 κατέρχεται
3058 3451 3072 3467 ο
3094 3435 3175 3497 είς
3199 3432 3475 3499 Αἴγυπτον
3507 3429 3692 3499 μέντοι
3726 3424 3989 3477 ἀπελθεῖν

2420 3535 2480 3586 ού
2520 3532 2887 3600 συγχωρεῑται
2923 3525 3077 3596 παρὰ
3104 3523 3262 3578 Θεοῦ.
3297 3524 3359 3575 Ei
3385 3522 3492 3591 γὰρ
3516 3520 3609 3573 καὶ
3634 3514 3990 3586 συνεχωρήθη

2422 3623 2706 3679 κατελθεῖν
2742 3622 2770 3673 6
2818 3619 3092 3688 Ἀϐραὰμ,
3137 3616 3273 3670 ἀλλὰ
3306 3616 3467 3685 χάριν
3502 3610 3715 3666 καὶτοῦ
3745 3608 3996 3676 γνωσθῆ-

2423 3733 2512 3769 ναι
2544 3715 2767 3771 καὶτοῖς
2800 3713 2980 3765 ἐκεῖσε
3032 3709 3129 3777 τὴν
3177 3704 3341 3759 αὑτοῦ
3394 3703 3615 3772 ἀρετήν.
3661 3696 3885 3766 Σπείρει
3935 3697 3995 3747 δὲ

2431 3806 2626 3875 κριθὴν
2667 3805 2696 3856 ὁ
2740 3802 2949 3863 Ἰσαὰκ.
2994 3799 3089 3851 καὶ
3137 3795 3460 3867 παραδόξως
3496 3789 3868 3845 ὲκατοστεύει.
3931 3786 3996 3838 Εἰ

2426 3900 2485 3952 δὲ
2515 3900 2574 3951 τὸ
2608 3892 2947 3962 καταϐληθὲν
2978 3892 3057 3952 είς
3089 3887 3282 3941 ἑκατὸν
3320 3884 3639 3955 παρέδωκεν
3669 3882 3703 3950 ἡ
3743 3879 3839 3948 γῆ,
3876 3878 3999 3936 πῶς

2428 3992 2457 4043 6
2497 3987 2669 4041 ποιῶν
2700 3982 3071 4053 ἐλεημοσύνην
3116 3980 3211 4034 καὶ
3244 3980 3364 4040 ταῖς
3392 3975 3486 4029 τοῦ
3528 3972 3664 4027 Θεοῦ
3702 3971 3860 4040 χερσὶ
3893 3985 4003 4019 πα-

2437 4079 2675 4150 ρατιθεὶς
2711 4077 2772 4129 τὸ
2804 4075 3082 4144 διδόμενον
3117 4067 3646 4124 ἑκατονταπλασίονα
3682 4063 3774 4116 τὸν
3802 4060 4000 4131 μισθὸν

2435 4175 2496 4228 οὗ
2552 4170 2818 4239 λήψεταις
2868 4168 2917 4219 εἰ
2972 4165 3080 4236 γὰρ
3117 4161 3352 4217 ἐνταῦθα
3398 4160 3458 4213 τὸ
3507 4158 3567 4215 ἓν
3622 4152 4003 4216 ἑκατοστεύει,

2436 4263 2616 4331 πολλῷ
2656 4260 2858 4331 μᾶλλον
2882 4259 3087 4310 Δἐκεῖσε.

756 4382 974 4428 exercet
1018 4386 1082 4424 ac
1131 4383 1333 4424 munus
1378 4366 1558 4434 ipsum
1608 4365 1661 4417 in
1698 4376 1892 4415 manus
1943 4359 2034 4413 Dei
2070 4358 2318 4428 deponit,
2360 4356 2667 4413 mercedem
2732 4352 2992 4420 centuplo
3022 4349 3282 4418 majorem
3315 4360 3423 4400 non
3493 4341 3759 4412 accipiat?
3787 4338 3922 4393 Nam
3957 4340 4006 4392 si

760 4484 927 4526 unum
969 4467 1060 4522 hic
1090 4465 1324 4519 fructum
1358 4462 1463 4517 fert
1489 4460 1828 4528 centuplum,
1860 4455 2031 4509 multo
2070 4454 2239 4524 magis
2272 4464 2326 4507 et
2367 4453 2491 4508 istic
2518 4452 2658 4505 idem
2696 4447 3001 4502 usuveniet.

830 4566 1096 4618 therum
1129 4574 1254 4614 cum
1289 4556 1505 4611 lsaacus
1533 4551 1737 4607 Jacobo
1760 4551 2075 4606 felicissima
2096 4562 2329 4617 qumque

759 4663 1099 4726 precaretur,
1138 4662 1312 4701 annos
1361 4645 1461 4699 1ου
1492 4644 1613 4713 plus
1648 4642 1830 4694 minus
1877 4648 2037 4692 natus
2067 4646 2205 4705 erat,
2260 4634 2330 4688 ob

2518 4546 2577 4596 '0
2599 4544 2654 4596 δὲ
2705 4542 2889 4596 Ἰσαὰκ
2914 4541 3000 4593 ὅτε
3022 4538 3113 4592 τὸν
3150 4534 3343 4590 Ἰακὼϐ
3366 4534 3689 4603 ηὐλόγησεν,
3712 4530 3842 4583 ὡσεὶ
3874 4530 4010 4580 ἐκα-

2437 4639 2530 4690 τὸν
2563 4636 2768 4706 χρόνων
2798 4629 2865 4703 ἦν
2887 4649 2901 4664 ·
2935 4631 3020 4684 διὰ
3053 4631 3161 4700 γὰρ
3207 4628 3361 4681 τοῦτο
3401 4628 3495 4680 καὶ
3522 4625 3649 4686 τοὺς
3688 4621 4007 4689 ὀφθαλμοὺς

758 4707 921 4815 quam
955 4745 1126 4813 ipsam
1158 4739 1333 4794 aetatis
1364 4734 1777 4805 provectionem
1806 4730 1924 4801 ejus
1948 4728 2089 4782 oculi
2126 4726 2325 4795 ealiga-
2359 4712 2402 4765 Ῑ)

2359 4712 2402 4765 D
2439 4727 2787 4794 ιπεπήρωτο.
2830 4721 2893 4774 Ἦ
2934 4721 3118 4790 μέντοι
3156 4717 3386 4773 Ῥεϐἐκα
3412 4714 3549 4784 μετὰ
3579 4714 3680 4781 τὴν
3713 4707 4010 4776 ἐπαινετὴν

761 4841 975 4888 verant.
1008 4829 1253 4884 Rebecca
1280 4834 1405 4895 post
1429 4821 1757 4877 laudabilem
1794 4821 1934 4873 hanc
1962 4815 2331 4872 felicitationis

762 4923 1214 4981 inter-versionem
1249 4918 1300 4973 id
1332 4914 1766 4971 eonsiliiJacobo
1790 4911 1970 4976 dedit,
2007 4920 2065 4964 ut
2099 4908 2333 4979 ﬂagran-

765 5023 834 5072 tis
864 5018 1045 5072 adhuc
1075 5012 1200 5067 Εςεί
1233 5010 1435 5064 furoris
1491 5007 1664 5077 gratia
1722 5012 1899 5059 semet
1944 5003 2011 5057 ad
2055 5002 2330 5056 Labanem

767 5108 1055 5177 reciperet.
1094 5102 1459 5170 Quamobrem
1484 5098 1722 5156 Jacobus
1762 5104 1977 5164 arrepta
2035 5093 2182 5162 fuga,
2249 5092 2330 5145 vi-

769 5200 919 5253 tandi
951 5196 1069 5261 lisai
1107 5208 1290 5256 causa,
1327 5191 1536 5260 sOpitus
1564 5194 1616 5243 in
1650 5189 1847 5241 itinere
1873 5186 2142 5240 sonmium
2180 5182 2333 5236 vidit.

769 5292 903 5347 Nam
960 5289 1100 5344 scala
1136 5284 1382 5357 quaedam
1415 5292 1570 5335 terrae.
1622 5278 1804 5333 innixa
1848 5286 1985 5339 erat,
2036 5276 2192 5343 cujus
2220 5289 2339 5326 ver-

771 5399 855 5442 tex
910 5383 1108 5438 caelum
1147 5379 1461 5446 attingeret,
1528 5386 1591 5426 ac
1650 5368 1822 5424 divini
1860 5367 2035 5435 angeli
2076 5382 2170 5435 per
2220 5380 2339 5419 eam

770 5475 1140 5531 ascendebant
1162 5485 1227 5525 ac
1253 5468 1492 5522 viciss‘m
1517 5459 1936 5518 descendebant.
1957 5454 2341 5523 Eidemlimmi-

772 5584 908 5624 nens
936 5568 1077 5621 Deus
1109 5564 1186 5617 sic
1220 5560 1546 5629 loquebatur
1582 5572 1596 5609 :
1636 5553 1777 5623 «Ego
1811 5561 1988 5605 tecum
2030 5564 2148 5600 srnn
2180 5564 2192 5600 :
2228 5561 2338 5598 non

774 5671 855 5715 est
906 5655 1345 5727 quod'l'ormides
1364 5652 1428 5705 ³⁸.
1471 5669 1487 5701 ι
1535 5649 1708 5717 Atque
1759 5645 1808 5698 hi
1846 5653 1953 5697 tam
1983 5642 2341 5696 ascendentes

846 5838 887 5875 :2
916 5835 1077 5894 Ηρδιι,
1117 5850 1207 5896 κἰι,
1235 5834 1288 5883 9.
1368 5831 1409 5861 ³³
1443 5830 1571 5882 ihEd.
1607 5830 1685 5883 12.

1766 5832 1807 5861 ³⁵
1843 5830 1978 5883 (ιι-ιι.
2016 5841 2135 5880 xw.
2172 5825 2260 5877 Ἥ.
2296 5824 2334 5854 ³⁵
2371 5818 2499 5871 ibid.
2539 5808 2627 5868 ‘23.

2439 4817 2539 4883 τῆς
2569 4813 2818 4879 εὐλογίας
2857 4809 3064 4876 κλοπὴν
3090 4805 3478 4861 συνεϐούλευσε
3512 4804 3589 4871 τῷ
3635 4800 3831 4855 Ἰακὼϐ
3866 4800 4011 4868 πρδς

2442 4905 2628 4959 Λάϐαν
2657 4902 2935 4964 ἀπελθεῖν,
2966 4902 3109 4960 ὅπως
3160 4899 3219 4951 τὸ
3259 4897 3494 4965 ἀκμαῖον
3540 4895 3637 4962 τῆς
3689 4890 3779 4942 τοῦ
3832 4888 4011 4941 Ἡσαῦ

2440 4997 2658 5066 ἐκφύγῃ
2715 4993 2933 5063 μανίας.
2985 4988 3421 5059 Ἀποδιδράσκων
3477 4984 3570 5038 οὖν
3625 4984 3716 5035 τὸν
3762 4980 3939 5034 Ἡσαῦ
3982 4982 4013 5031 6

2454 5086 2649 5143 Ἰακὼϐ
2703 5082 2971 5154 ἐκοιμήθη
3025 5081 3148 5135 καθ’
3196 5080 3315 5132 ὁδὸν
3358 5077 3452 5130 καὶ
3511 5072 3865 5141 ὲνυπνιάσθη.
3898 5073 4013 5125 Kal.

2444 5180 2553 5234 ἰδοὺ
2616 5177 2822 5247 κλίμαξ
2874 5172 3244 5243 ἔστηριγμένη
3292 5172 3353 5222 ὲν
3393 5172 3458 5239 τῇ
3495 5172 3588 5236 γῇ,
3623 5163 3751 5237 ἦςή
3795 5164 4013 5232 κεφαλὴ

2446 5274 2730 5339 ἀφικνεῖτο
2769 5271 2847 5331 είς
2872 5266 2964 5320 τὸν
2994 5263 3246 5334 οὐρανόν.
3282 5262 3391 5315 Καὶ
3418 5260 3467 5312 οἱ
3497 5259 3716 5327 ἄγγελοι
3754 5255 3849 5307 τοῦ
3873 5252 4013 5306 Θεοῦ

2445 5363 2729 5416 ἀνέϐαινον
2778 5360 2872 5412 καὶ
2925 5355 3243 5410 κατέϐαινον
3273 5349 3572 5418 ὲπάὑτὴν,
3624 5350 3651 5401 6
3703 5348 3757 5403 δὲ
3804 5344 4014 5413 Κύριος

2443 5454 2804 5521 ὲπεστήρικτο
2852 5448 3041 5516 αὐτῆς,
3092 5443 3185 5497 καὶ
3227 5439 3416 5494 εἶπεν*
3474 5438 3659 5504 «Ἐγώ
3697 5437 3809 5502 εἰμι
3869 5433 4015 5501 μετὰ

2446 5544 2560 5605 σοῦ,
2594 5545 2687 5596 καὶ
2717 5544 2789 5612 μὴ
2830 5538 3020 5609 φοϐοῦ.
3073 5554 3091 5588 ι
3130 5537 3193 5588 0i
3239 5535 3295 5587 δὲ
3327 5532 3565 5594 ἀνιόντες
3597 5531 3689 5581 καὶ
3727 5526 4015 5586 κατιόντες

2444 5638 2541 5706 τὴν
2569 5636 2837 5704 κλίμακα,
2873 5630 3018 5685 καθὰ
3041 5629 3134 5682 καλ⁵
3162 5629 3189 5680 6
3220 5627 3390 5697 μέγας
3426 5625 3559 5693 φησὶ
3599 5617 3889 5690 Κύριλλος,
3917 5616 4019 5685 τὴν

2706 5813 2747 5842 ³⁸
2781 5812 2914 5866 Gen.
2952 5823 3138 5867 unm,
3176 5804 3258 5868 15θ
