4204 6450
224 368 323 433 269

224 568 431 630 Παῦλος
468 570 605 635 ἔφη’
644 586 662 619 ι
706 568 844 636 Οὐχὶ
876 568 1077 631 πάντες
1114 569 1221 621 εἰσὶ
1241 568 1592 638 λειτουργικὰ
1620 569 1787 625 πνεύ-

232 677 399 729 ματα,
456 664 536 721 είς
573 659 855 712 διακονίαν
905 660 1346 729 ἀποστελλόμενα
1376 661 1464 714 διὰ
1490 663 1616 725 τοὺς
1665 662 1791 730 μέλ-

223 750 411 808 λοντας
455 748 817 817 κληρονομεῖν
862 749 1137 818 σωτηρίαν
1169 770 1182 814 ;
1215 769 1233 801 ι
1265 750 1508 816 Ἐδειξεν
1558 751 1650 804 οὖν
1703 753 1791 805 διὰ

222 839 427 891 τούτων
455 839 641 906 σαφῶς
677 838 759 894 ὅτι
807 840 1104 909 δυνάμεσιν
1156 841 1474 907 ἀγγελικαϊς
1514 842 1584 895 τὰ
1613 844 1792 896 πάντα

222 933 502 1000 οἰκονομεῖ
532 931 625 983 καὶ
647 932 720 994 ὡς
755 931 911 985 οὐδὲν
946 934 1279 1002 ἀπρονόητον
1307 934 1414 987 τῶν
1448 936 1572 1004 τῇδε
1605 936 1700 988 καὶ
1717 935 1793 999 ὡς

224 1021 383 1090 ἔτυχε
442 1022 691 1091 φέρεται.
731 1024 841 1076 Καὶ
875 1025 947 1091 μή
1004 1041 1095 1090 μοι
1144 1025 1293 1092 λέγε,
1343 1025 1489 1088 τίνος
1522 1026 1707 1078 ἕνεκεν
1760 1027 1793 1096 ή

225 1112 358 1177 ἁγία
394 1112 584 1182 Γραφὴ
631 1113 848 1182 πρῶτον
880 1114 1208 1183 ἀνέρχεσθαι
1243 1116 1369 1177 τοὺς
1418 1116 1682 1183 ἀγγέλους
1714 1111 1794 1167 εἷ-

226 1222 349 1268 πεν,
389 1203 490 1257 εἷθ’
519 1205 694 1269 οὕτως
745 1206 1148 1276 κατέρχεσθαι;
1188 1205 1331 1276 ἔχεις
1359 1208 1467 1278 γὰρ
1496 1208 1663 1274 αὐτὴν
1700 1207 1798 1275 τὴν

226 1293 391 1360 ἁγίαν
418 1294 638 1372 Γραφὴν
668 1296 762 1348 καὶ
784 1298 874 1348 τὸν
905 1297 1037 1367 περὶ
1064 1296 1253 1349 τούτου
1284 1297 1441 1366 λόγον
1466 1299 1799 1368 διευκρινοῦ-

227 1386 328 1439 σᾶν
360 1402 463 1440 σοι.
496 1386 621 1438 Τῶν
650 1387 956 1455 ἀνθρώπων
996 1388 1229 1452 ἕκαστος
1264 1388 1481 1459 φύλακα
1531 1394 1630 1460 τῆς
1666 1394 1764 1445 ἐαυ
1786 1421 1798 1432 -

224 1478 324 1530 τοῦ
353 1477 499 1548 ζωῆς
532 1479 677 1533 θεῖον
706 1479 939 1548 ἄγγελον
982 1482 1267 1551 κέκτηται,
1300 1483 1375 1544 ὡς
1412 1483 1664 1537 ἐντεῦθεν
1705 1484 1801 1537 καὶ

225 1566 327 1635 τὴν
358 1568 481 1620 καθ’
517 1569 673 1637 ήμῶν
706 1568 885 1637 ὁρμὴν
922 1568 1031 1621 τῶν
1053 1570 1329 1639 δαιμόνων
1359 1572 1801 1640 ἀναχαιτίζεσθαι

227 1661 277 1724 (ι
304 1659 655 1729 Παρεμῆαλεῖ
677 1679 722 1724 ι,
752 1661 859 1729 γάρ
888 1678 1072 1730 φησιν,
1104 1662 1363 1729 «ἄγγελος
1388 1666 1593 1733 Κυρῖου
1622 1664 1802 1734 κύκλῳ

228 1750 344 1803 τῶν
385 1751 734 1822 φοϐουμένων
765 1753 928 1805 αὐτὸν
979 1754 1029 1822 ι)
1082 1755 1174 1806 καὶ
1213 1756 1311 1817 τὰς
1347 1757 1590 1827 αἰτήσεις
1646 1759 1801 1826 ήμῶν

228 1839 532 1907 ἀνάγεσθαι
578 1841 713 1910 πρδς
752 1841 845 1893 τὸν
895 1840 1026 1894 Θεδν
1070 1842 1139 1894 δι’
1184 1844 1386 1898 αὐτῶν.
1431 1847 1541 1899 Καὶ
1572 1848 1804 1902 πειθέτω

227 1933 380 2000 ἡμεῖς
410 1931 571 1995 αὐτὸς
599 1935 626 1983 6
653 1932 852 2002 Κύριος
879 1933 938 1984 ὲν
968 1934 1318 2002 Εὐαγγελίοις
1340 1935 1545 2005 λέγων’
1572 1957 1590 1989 ι
1614 1940 1805 2009 Ὁρᾶτε

232 2030 311 2093 μὴ
350 2026 801 2096 καταφρονήσητε
829 2027 949 2088 ἑνὸς
978 2027 1088 2080 τῶν
1114 2028 1332 2098 μικρῶν
1359 2031 1596 2083 τούτων’
1622 2032 1670 2083 οἱ
1700 2036 1809 2102 γάρ

228 2115 458 2182 ἄγγελοι
517 2116 697 2169 αὐτῶν
750 2118 1018 2184 διηνεκῶς
1067 2118 1235 2188 ὁρῶσι
1283 2120 1345 2173 τὸ
1394 2122 1688 2192 πρόσωπον
1714 2123 1808 2176 τοῦ

234 2210 450 2278 Πατρός
494 2226 597 2277 μου
627 2209 720 2263 τοῦ
774 2211 833 2263 ὲν
881 2210 1152 2282 οὐρανοῖς,
1201 2230 1220 2265 ι
1258 2214 1414 2267 οὐδὲν
1440 2215 1568 2268 ἄλλο
1596 2217 1813 2270 ποιοῦν-

228 2315 348 2362 τες,
375 2300 449 2361 ὡς
487 2300 515 2351 6
551 2299 608 2352 ἐν
632 2300 1006 2369 πατριάρχαις
1033 2301 1277 2371 ἀοίδιμός
1308 2320 1442 2373 φησι
1473 2304 1810 2376 Νικηφόρος,

229 2391 394 2462 ﬁeri:
445 2392 695 2461 αἰτήσεις
727 2392 884 2461 ήμῶν
941 2392 1258 2460 εἰσάγοντες
1315 2396 1395 2456 εἰς
1440 2398 1508 2451 τὰ
1557 2390 1671 2455 ὦτα
1717 2400 1811 2453 τοῦ

231 2482 443 2552 Κυρίου
477 2483 724 2538 Σαϐαὼθ.
771 2484 1115 2538 Ἐπιὸεϐαιοῑ
1143 2487 1315 2540 ταῦτα
1360 2491 1453 2541 καὶ
1485 2492 1512 2543 6
1540 2489 1815 2557 θειότατος

246 2574 491 2643 Ῥαφαὴλ
543 2575 680 2644 πρὸς
721 2576 813 2628 τὸν
878 2577 1072 2647 Τωϐὴτ
1128 2578 1301 2641 οὕτως
1354 2581 1562 2634 εἰπών’
1612 2602 1630 2635 ι
1685 2585 1813 2639 Ὅτε

231 2666 533 2733 προσηύξω
565 2667 628 2719 σὺ
666 2668 758 2720 καὶ
790 2669 823 2737 ή
854 2668 1044 2737 νύμφη
1083 2687 1201 2734 σου,
1235 2671 1347 2739 ἐγὼ
1378 2676 1733 2745 προσήγαγον
1754 2679 1815 2730 τὸ

235 2759 590 2824 μνημόσυνον
621 2761 720 2823 τῆς
769 2760 1082 2831 προσευχῆς
1122 2780 1215 2815 σου
1262 2764 1497 2817 ἐνώπιον
1525 2767 1618 2820 τοῦ
1658 2769 1816 2836 ἁγίου

231 2850 401 2912 Θεοῦ,
435 2851 529 2901 καὶ
582 2849 676 2901 νῦν
728 2852 1017 2907 ἀπέστειλέ
1063 2870 1128 2923 με
1178 2855 1439 2909 ἰάσασθαί
1490 2875 1548 2910 σε
1585 2861 1681 2913 καὶ
1718 2860 1818 2931 τὴν

192 3008 201 3013 ἒ
232 2942 460 3010 νύμφην
495 2958 591 2993 σου
630 2942 929 3023 Σάρραν.)
990 2943 1151 2997 Ἀλλὰ
1201 2948 1296 2998 καὶ
1334 2949 1362 2999 6
1399 2953 1820 3019 καταπεμφθεὶς

233 3031 333 3082 ἐπὶ
363 3030 663 3099 Κορνήλιον
692 3031 783 3084 τον
827 3032 1237 3104 ἑκατοντάρχην
1284 3032 1424 3098 θεῖος
1455 3038 1691 3106 ἄγγελος
1729 3039 1821 3094 οὔ·

1447 365 1852 429 ANNALIUM
1892 367 2084 427 PARS
2125 368 2203 431 Il.

225 480 373 532 θ-ξαν
404 477 624 545 ἐδήλουν
663 476 971 531 διακονίαν·
1027 477 1157 547 περὶ
1215 477 1422 533 τούτων
1466 481 1575 550 γὰρ
1607 482 1701 533 καὶ
1756 481 1826 536 ὁΔ

1934 496 2047 534 nam
2109 481 2513 544 descendentes
2567 478 2789 545 angeli,

3336 354 3442 421 270

2872 476 3331 547 quemadmodum
3401 486 3454 528 et

1891 586 2117 640 magnus
2169 573 2254 625 illc
2310 572 2544 642 Cyrillus
2602 572 2696 635 ait,
2758 569 3119 623 minister-ium
3209 568 3456 621 divinum

1892 663 2287 732 significabant.
2325 661 2456 716 Nam
2489 662 2557 716 de
2612 661 2819 731 angelis
2848 667 2902 714 et
2964 659 3169 713 Paulus
3232 659 3403 726 inquit
3445 677 3456 710 :

1899 755 2120 809 «Nonne
2152 768 2278 810 sunt
2302 770 2492 809 onmes
2520 753 2826 807 administri
2860 752 3108 821 spiritus,
3135 751 3223 818 qui
3251 749 3316 803 ad
3358 750 3455 801 mi-

1892 848 2177 901 nisterium
2221 848 2537 917 ablegantur
2580 853 2802 914 propter
2830 858 2926 896 eos
2966 841 3056 910 qui
3082 841 3309 894 salutem
3340 839 3469 890 adeo

1894 938 2041 1005 pturi
2075 937 2301 991 sunt"?
2336 956 2354 988 ι
2394 935 2757 1001 Quamobrem
2802 934 2943 985 Deus
3005 944 3101 998 per
3150 931 3264 981 ha-c
3311 928 3468 979 nobis

1896 1028 2040 1082 clare
2065 1028 2310 1081 os1endit
2340 1027 2522 1080 omnia
2575 1041 2632 1079 sc
2662 1041 2760 1094 per
2821 1031 3127 1092 potestates
3192 1018 3469 1087 angelicas

1895 1117 2222 1187 gubernare,
2251 1132 2351 1170 nec
2379 1117 2676 1184 quidquam
2702 1115 2755 1166 in
2787 1114 2951 1166 rebus
2982 1110 3237 1165 humanis
3265 1110 3471 1175 absque

1901 1207 2235 1275 providentia
2263 1206 2485 1259 fortuito
2514 1207 2649 1275 geri.
2682 1203 2869 1273 Neque
2895 1204 2982 1255 hic
3009 1202 3281 1269 objeeeris
3312 1200 3470 1259 mihi,

1899 1299 2263 1366 quamobrem
2286 1297 2504 1350 Littera:
2545 1311 2713 1351 sacrae
2738 1304 2961 1348 narrent
2987 1294 3209 1361 angelos
3236 1294 3472 1361 primmu

1901 1390 2219 1444 ascendisse
2249 1405 2311 1442 ac
2342 1390 2605 1459 deinceps
2636 1388 3018 1442 descendisse.
3051 1386 3182 1439 Nam
3224 1386 3352 1452 ipsae
3379 1384 3471 1436 tibi

1905 1481 2067 1549 hujus
2103 1481 2180 1536 rei
2218 1482 2486 1534 rationem
2543 1481 2819 1549 aperiunt.
2881 1478 3125 1543 Quilibet
3162 1478 3324 1531 homo
3355 1475 3476 1528 vita:

1903 1587 2015 1625 sum
2040 1573 2326 1641 praesidem
2358 1573 2610 1642 angelum
2648 1572 2834 1633 habet,
2888 1579 2947 1634 ut
2977 1570 3081 1622 hoc
3111 1577 3266 1635 pacto
3306 1582 3370 1619 In:
3396 1566 3477 1618 lo-

1907 1681 2027 1717 rum
2061 1666 2341 1735 geniorum
2379 1666 2433 1717 in
2488 1679 2589 1717 nos
2644 1665 2883 1732 impetus
2940 1662 3222 1731 frangatur
3258 1679 3270 1714 :
3305 1659 3480 1728 jungit

1906 1758 2076 1822 enim,
2118 1767 2176 1811 ut
2206 1757 2294 1809 ille
2320 1754 2482 1817 ait“.
2534 1756 2760 1824 augt-lus
2793 1753 3003 1807 Domini
3061 1761 3235 1805 castra
3286 1752 3481 1805 castris

1910 1849 1965 1903 iu
1994 1848 2227 1903 circuitu
2261 1847 2567 1901 timentium
2603 1861 2751 1899 eum.
2802 1844 3029 1899 Nostras
3085 1844 3247 1897 etiam
3292 1857 3483 1911 preces

1912 1942 2155 2013 ipsorum
2215 1956 2383 2012 opera
2447 1940 2684 2011 perferri
2749 1941 2816 1994 ad
2873 1940 3041 1992 Deum
3082 1937 3340 1990 Dominus
3369 1936 3484 2004 ipse

1910 2036 2071 2090 nobis
2109 2035 2461 2105 persuadeat,
2501 2034 2593 2103 qui
2625 2033 2799 2109 sacris
2832 2033 2883 2086 in
2923 2030 3233 2099 Evangeliis
3266 2029 3483 2097 inquit:

1919 2150 1938 2183 ι
1967 2130 2169 2185 Cavete
2193 2142 2263 2182 ne
2284 2143 2449 2181 unum
2476 2142 2541 2180 ex
2570 2126 2720 2180 hisee
2744 2125 2959 2196 pusillis
2982 2123 3292 2193 despiciatis
3322 2139 3333 2175 :
3356 2138 3485 2176 nam

1912 2222 2088 2293 angeli
2125 2237 2312 2277 eorum
2345 2229 2610 2290 perpetuo
2640 2218 2832 2272 faciem
2874 2216 3054 2271 Patris
3106 2215 3211 2269 mei
3248 2213 3489 2269 caelestis

1915 2318 2194 2372 intuentur
2213 2315 2312 2372 ³⁸.»
2353 2313 2495 2367 nihil
2526 2312 2736 2367 scilicet
2770 2310 2917 2364 aliud
2958 2318 3201 2379 agentes,
3236 2307 3494 2375 quemad-

1917 2406 2138 2460 modum
2166 2404 2511 2459 clarissimus
2562 2402 2653 2455 ille
2686 2398 2995 2469 patriarcha
3025 2396 3368 2465 Nicephorus
3410 2398 3492 2449 lo-

1916 2501 2121 2568 quitur,
2155 2513 2318 2567 quam
2360 2496 2504 2565 quod
2560 2510 2754 2563 preces
2810 2502 3033 2546 nostras
3086 2490 3152 2543 ad
3204 2505 3365 2543 aures
3401 2488 3492 2542 Dei

1918 2587 2155 2643 Sabaoth
2192 2586 2467 2641 deferunt.
2528 2584 2675 2638 Ideni
2734 2582 2957 2653 angelus
3012 2582 3103 2635 ille
3132 2576 3359 2635 divinus
3392 2578 3496 2633 lla—

1917 2680 2145 2750 phaelus
2171 2678 2480 2741 confirmat,
2519 2691 2642 2729 cum
2680 2676 2829 2730 hisce
2868 2676 3046 2729 verbis
3080 2675 3337 2728 Tnhmum
3363 2674 3498 2727 allo-

1918 2771 2108 2840 quitur
2145 2786 2159 2822 :
2200 2769 2350 2834 «Quo
2385 2776 2635 2836 tempore
2679 2776 2732 2820 tu
2788 2780 3071 2833 nurusque
3124 2773 3211 2816 tua
3245 2765 3498 2832 precabi-

1922 2862 2078 2925 mini,
2138 2876 2241 2931 ego
2302 2860 2635 2929 precationis
2700 2866 2805 2911 tua:
2861 2868 3276 2910 monumentum
3315 2872 3495 2909 et-ram

1922 2961 2115 3008 sancto
2141 2953 2233 3005 illo
2269 2951 2378 3005 Dco
2411 2950 2805 3013 subveheham,
2859 2948 3022 3018 138
3074 2948 3167 3016 qui
3225 2963 3310 3000 me
3357 2962 3502 3000 nunc

1923 3045 2070 3099 misit
2098 3045 2163 3097 ad
2197 3054 2245 3097 te
2287 3055 2618 3111 nurumque.
2645 3052 2792 3095 tuam
2832 3040 3049 3094 Sarram
3096 3040 3372 3094 sanandos
3402 3041 3495 3092 ‘0.»

233 3141 350 3186 τως
378 3123 514 3192 πρὸς
542 3125 706 3177 αὑτὸν
736 3124 890 3193 ἔλεγε
910 3141 923 3155 ο
952 3146 971 3177 ι
1000 3127 1292 3197 Κορνήλιε,
1321 3130 1375 3181 αί
1406 3135 1709 3202 προσευχαί
1734 3151 1825 3189 σου

1934 3134 2302 3190 Consimiliter
2340 3134 2566 3199 angelus
2604 3133 2693 3186 ille
2727 3133 2967 3196 divinus,
3027 3131 3118 3198 qui
3175 3133 3239 3184 ad
3299 3133 3505 3185 (Zorne-

238 3221 339 3273 καὶ
386 3218 441 3269 αί
493 3217 862 3286 ἐλεημοσύναι
894 3235 987 3271 σου
1039 3219 1313 3290 ἀνέδησαν
1357 3224 1439 3284 είς
1472 3226 1822 3293 μνημόσυνον

236 3315 479 3366 ἐνώπιον
494 3314 590 3367 τοῦ
615 3313 775 3368 Θεοῦ.
803 3314 1045 3368 Κάλεσαι
1078 3316 1135 3382 ἐξ
1175 3316 1402 3387 Ἰόππης
1429 3320 1518 3372 τὸν
1552 3321 1817 3391 Πέτρον.»

240 3406 312 3461 ΕΞ
364 3405 420 3457 δὲ
464 3406 642 3459 ταῦτα
677 3406 850 3470 οὕτως
901 3406 1040 3476 ἔχει,
1076 3408 1148 3472 εί,
1196 3408 1381 3472 καθὼς
1424 3412 1822 3479 ἀποδέδεικται,

236 3496 356 3549 τῶν
392 3495 693 3565 ἀνθρώπων
727 3497 957 3561 ἕκαστος
990 3498 1222 3566 ἄγγελον
1281 3500 1551 3570 κέκτηται
1590 3503 1686 3565 τὰς
1736 3505 1826 3558 αί-

238 3590 438 3659 τήσεις
470 3590 626 3659 ήμῶν
657 3591 950 3657 εἰσάγοντα
987 3592 1067 3652 είς
1090 3591 1156 3643 τὰ
1187 3584 1299 3644 ὦτα
1334 3593 1537 3662 Κυρίου
1569 3594 1823 3660 Σαϐαὼθ,

242 3680 466 3747 ἀνάγκη
502 3681 649 3732 πᾶσα
697 3681 826 3742 τοὺς
882 3681 1149 3749 ἀγγέλους
1203 3699 1419 3752 πρωτον
1471 3687 1824 3756 ἀνέρχεσθαι,

241 3773 345 3826 καὶ
378 3773 445 3823 δι’
477 3771 657 3824 αὐτῶν
711 3773 807 3833 τὰς
860 3774 1106 3842 αἰτήσεις
1152 3775 1334 3843 ήμῶν,
1387 3772 1488 3830 εἷθ’
1522 3777 1694 3840 οὕτως
1731 3782 1829 3844 τὰς

244 3865 405 3925 θείας
434 3863 641 3918 ἄνωθεν
673 3865 880 3934 δωρεάς
916 3866 1287 3935 κατέρχεσθαι
1322 3868 1457 3937 πρὸς
1486 3871 1657 3939 ἡμᾶς.
1707 3872 1830 3925 Ἐπὶ

242 3958 358 4028 γὰρ
392 3955 569 4026 τούτῳ
621 3956 715 4010 καὶ
769 3958 1039 4024 ἀγγέλους
1090 3954 1230 4011 εἶδεν
1282 3960 1680 4030 ἀνερχομένους
1738 3965 1832 4017 καὶ

243 4047 698 4116 κιτερχομένονς
724 4049 752 4100 6
787 4049 1059 4119 μακάριος
1102 4050 1298 4103 ἰακὼσ
1320 4067 1333 4081 ·
1359 4052 1447 4105 διὰ
1471 4053 1579 4123 γὰρ
1598 4053 1828 4121 τούτων,

244 4140 329 4201 ὡς
382 4139 626 4208 εῐρηται,
682 4138 1074 4215 λειτουργικῶν
1126 4140 1300 4193 ὄντων
1347 4145 1698 4211 πνευμάτων,
1740 4147 1834 4198 καὶ

242 4229 665 4299 οίκονομοῦνται
703 4231 771 4284 τὰ
811 4231 935 4301 τῇδε
965 4231 1143 4287 πάντα
1173 4234 1269 4285 καὶ
1303 4233 1671 4303 διιξάγονται.
1727 4240 1834 4295 Καὶ

246 4322 386 4390 περὶ
423 4322 523 4390 μὲν
546 4320 754 4375 τούτων
793 4320 989 4385 οὕτως.

1930 3226 2065 3281 lium
2132 3226 2517 3280 centurionem
2571 3223 2772 3276 missus
2810 3221 2944 3283 fuit.
3008 3236 3130 3275 eum
3167 3222 3504 3288 Cutttpcilal:

1896 3304 2207 3380 'tCorneli,
2235 3325 2341 3370 tute
2392 3331 2582 3386 preces
2632 3330 2699 3369 ac
2750 3313 2983 3384 benigna
3015 3314 3157 3368 facta
3207 3318 3271 3366 ad
3307 3313 3498 3376 Deum,

1933 3425 2033 3464 ceu
2099 3409 2179 3463 tui
2263 3415 2683 3462 monumentum
2744 3406 3057 3479 (ιυοιωιιιιιξ,
3120 3406 3508 3463 ascenderunt.

1933 3501 2121 3569 Itaque
2143 3498 2391 3568 Joppem-
2416 3499 2638 3551 mittens
2672 3497 2890 3550 Petrum
2924 3498 3191 3550 arcessito
3216 3496 3323 3549 “.3
3379 3497 3514 3561 Quae

1935 3606 2060 3646 cum
2089 3590 2161 3644 ita
2189 3591 2321 3653 sint,
2376 3598 2591 3644 etcum
2632 3588 2868 3657 quilibet
2920 3588 3106 3651 homo,
3156 3604 3251 3639 ceu
3284 3587 3517 3641 deumn-

1936 3682 2249 3746 stravimus,
2282 3685 2536 3751 angelum
2572 3682 2769 3735 habeat
2826 3695 3022 3750 preces
3073 3694 3201 3733 suas
3252 3681 3318 3732 ad
3354 3695 3516 3731 aures

1939 3776 2032 3829 Dei
2066 3774 2303 3829 Sabaoth
2330 3772 2695 3838 deferentem,
2727 3770 2955 3825 omnino
2990 3785 3219 3824 necesse
3243 3781 3328 3823 est
3354 3785 3518 3838 ange-

1939 3870 2029 3925 los-
2051 3870 2287 3940 primum
2319 3870 2641 3933 ascendere,
2677 3879 2842 3938 atque
2871 3882 2977 3921 una
3007 3882 3130 3920 cum
3166 3867 3300 3935 ipsis
3328 3881 3520 3934 preces

1940 3970 2157 4030 quoque
2183 3969 2420 4024 nostras,
2450 3959 2651 4013 deinde
2690 3974 2822 4012 vero
2847 3957 3035 4011 divina
3087 3972 3319 4010 munera
3368 3956 3523 4010 cadi-

1941 4062 2029 4108 tus
2057 4053 2124 4107 ad
2148 4066 2250 4105 nos
2282 4052 2589 4120 pervenire.
2616 4049 2753 4103 Nam
2787 4048 2993 4103 idcirco
3026 4048 3222 4103 beatus
3255 4048 3342 4101 ille
3360 4047 3522 4101 Jaco-

1940 4144 2047 4197 bus
2077 4142 2298 4212 angelos
2325 4140 2683 4195 ascendentes
2736 4148 2792 4192 et
2841 4138 3084 4193 vicissim
3125 4137 3526 4193 desreudentcs

1942 4236 2099 4295 vidit,
2131 4250 2227 4303 per
2257 4248 2396 4301 quos
2432 4241 2687 4299 tanquam
2718 4229 2946 4297 Spiritus
2972 4227 3327 4281 administros
3357 4264 3371 4287 .
3427 4243 3523 4280 ceu

1943 4327 2208 4388 diximus,
2247 4338 2336 4377 res
2373 4332 2605 4376 terreme
2635 4320 3036 4390 gubernantur.
3098 4319 3211 4373 [loc
3266 4318 3426 4371 modo
3459 4318 3526 4371 de

1945 4415 2033 4469 his
2066 4428 2390 4482 responsum
2425 4420 2571 4464 esto.

338 4500 731 4568 ’Δνερχόμενον
762 4500 820 4554 δὲ
852 4501 944 4553 τὸν
992 4502 1191 4557 Ἰακὼηὸ
1225 4504 1332 4556 ἀπὸ
1371 4504 1466 4557 τοῦ
1498 4506 1707 4571 Λάϐαν,
1740 4510 1826 4559 καὶ

2016 4506 2287 4561 Caeterum
2325 4512 2693 4557 revertentem
2746 4516 2776 4554 a
2836 4501 3055 4555 Labane
3080 4500 3372 4563 Iacobum.
3434 4505 3525 4572 qui

245 4592 346 4645 τὸν
395 4592 560 4645 Ἢσαῦ
593 4592 824 4655 δεδιότα,
856 4592 1278 4664 παραθαρῤύνει
1313 4596 1404 4648 καὶ
1438 4594 1600 4659 αὖθις
1644 4600 1670 4650 6
1705 4598 1839 4662 Θεὶς

248 4683 509 4741 παλαίων
539 4684 658 4751 μετ’
689 4683 857 4737 αὐτοῦ
892 4683 999 4747 ἓως
1028 4684 1174 4754 πρωῒ
1200 4686 1314 4746 ,καὶ
1345 4687 1552 4740 πείθων
1582 4688 1840 4743 ἐντεῦθεν

252 4778 335 4849 μὴ
384 4776 705 4844 φοϐεῖσθαν
751 4777 799 4829 εί
849 4779 957 4848 γὰρ
1013 4779 1154 4846 μετὰ
1206 4779 1343 4833 Θεοῦ
1374 4781 1625 4846 δυνατὸς,
1663 4782 1843 4851 πολλῷ

255 4868 468 4939 μᾶλλον
510 4870 648 4937 μετά
696 4868 1022 4938 ἀνθρώπων.
1082 4869 1256 4924 Τοῦτο
1313 4872 1369 4925 δὲ
1433 4874 1526 4925 καὶ
1572 4874 1600 4924 6
1648 4875 1843 4927 Ἰακὼϐ

248 4957 533 5025 ἐδήλωσεν
578 4954 783 5008 εἰπών·
827 4974 845 5007 ι
884 4954 1040 5010 Εἶδον
1069 4957 1162 5010 τὸν
1204 4959 1340 5011 Θεὸν
1380 4960 1676 5031 πρόσωπον
1708 4964 1845 5033 προς

251 5047 579 5116 πρόσωπον,
628 5046 722 5098 καὶ
760 5045 941 5116 ἐσώθη
982 5064 1083 5116 μου
1125 5050 1157 5118 ή
1206 5048 1373 5119 ψυχὴ,
1432 5069 1450 5101 ι
1486 5052 1767 5103 τουτέστιν
1808 5055 1842 5121 ή

248 5136 567 5204 τεθνηκυῖα
618 5134 806 5207 ὥσπερ
860 5137 965 5189 ὑπὸ
1008 5137 1160 5199 δέους
1216 5137 1457 5208 θάρσους
1511 5141 1840 5211 ἐνεπλήσθη.

251 5227 582 5298 τηνικαῦτα
605 5229 698 5281 καὶ
733 5227 955 5298 Ἰσραὴλ
990 5228 1426 5298 μετονομάζεται
1459 5233 1535 5294 ὡς
1563 5233 1621 5286 ὲν
1646 5251 1852 5301 φαντα-

249 5324 356 5392 σίᾳ
392 5319 530 5372 Θεοῦ
589 5321 906 5389 γενόμενος.
949 5320 1008 5375 ’0
1045 5322 1230 5389 μέντοι
1268 5322 1463 5376 Ἰακὼϐ
1515 5325 1850 5389 διυπνισθεὶς

248 5413 522 5498 χωλεύων
537 5409 625 5483 ἦν,
661 5412 792 5481 ὠςή
828 5412 1039 5482 ἱστορία
1068 5414 1367 5484 δηλοῖ.”1να
1395 5417 1449 5470 δὲ
1482 5417 1557 5486 μὴ
1591 5419 1729 5488 μετὰ
1756 5418 1853 5489 τὴν

244 5504 528 5575 τελευτὴν
562 5505 658 5558 τοῦ
683 5505 896 5560 δικαίου
924 5506 1127 5577 σϐεσθῇ
1160 5510 1191 5578 ή
1228 5507 1365 5578 πρὸς
1402 5511 1565 5563 αὐτὸν
1591 5512 1685 5564 τοῦ
1717 5512 1853 5565 Ε)εοῦ

246 5598 589 5669 κηδεμονία,
631 5597 909 5668 σοφίζεται
943 5599 1043 5669 τὴν
1073 5600 1203 5671 περὶ
1235 5604 1429 5655 τούτου
1478 5604 1703 5674 μνήμην
1733 5605 1853 5675 διη-

337 5717 383 5750 ³⁷
410 5715 576 5772 llcbr.
616 5733 652 5783 ι,
697 5716 777 5773 Η.

246 5790 285 5808 ρ

246 5792 355 5846 50.

860 5718 903 5750 ³¹¹
934 5717 1076 5774 Psal.
1114 5735 1306 5785 XXMII,
1337 5719 1390 5774 8.

1470 5720 1512 5750 3"
1540 5718 1728 5775 Matth.
1767 5736 1922 5785 xwtt,
1959 5719 2041 5773 10.

1951 4598 2152 4653 Esaum
2209 4596 2434 4655 fratrem
2486 4609 2821 4664 magnopere
2879 4594 3250 4660 formidabat,
3312 4611 3528 4647 rursum

1950 4694 2096 4746 Deus
2130 4688 2469 4753 consolatur,
2534 4686 2676 4741 lucta
2739 4701 2863 4740 cum
2918 4686 3039 4755 ipso
3099 4687 3162 4740 ad
3200 4687 3527 4741 matutinum

1950 4797 2126 4852 usque
2151 4764 2454 4841 diluculum
2518 4793 2885 4848 congressus;
2946 4794 3057 4847 quo
3106 4780 3327 4847 quidem
3390 4779 3533 4832 facto

1950 4872 2283 4941 persuadere
2308 4867 2512 4923 Jacobo
2551 4867 2723 4920 voluit
2768 4882 2840 4921 ne
2883 4866 3016 4935 quid
3079 4868 3193 4931 sibi
3242 4878 3532 4925 metueret.

1944 4963 2078 5017 Nam
2135 4963 2178 5015 si
2211 4961 2471 5016 adversus
2532 4959 2701 5013 Deum
2755 4940 3217 5014 sese’robustum
3278 4972 3535 5026 praestare

1946 5064 2180 5125 poterat,
2210 5052 2582 5121 multomagis
2617 5052 2785 5107 robur
2825 5051 3093 5105 adrersus
3143 5050 3395 5104 hmuiucs
3439 5051 3536 5103 ha-

1951 5150 2133 5203 bebat.
2159 5146 2479 5223 Significare
2508 5145 2682 5200 voluit.
2710 5145 2817 5198 hoc
2849 5143 3239 5214 ipseJacobus,
3272 5160 3393 5199 eum
3420 5145 3492 5196 ait
3517 5160 3531 5198 ε

1959 5241 2233 5294 «Praesens
2265 5246 2587 5306 prmsentem
2625 5236 2795 5291 Deum
2826 5237 3112 5304 conspexi,
3148 5245 3203 5290 et
3250 5237 3538 5290 incolumi-

1955 5342 2120 5385 tatem
2152 5331 2334 5389 anima
2369 5345 2486 5383 mea
2518 5338 2816 5387 consecuta
2859 5328 3065 5387 σεβί.»
3132 5329 3236 5386 huc
3273 5338 3379 5388 est.
3416 5344 3539 5395 qua:

1957 5432 2166 5475 tantum
2197 5437 2307 5474 non
2361 5436 2471 5488 pra:
2530 5420 2826 5474 formidine
2862 5430 3077 5474 mortua
3132 5432 3269 5481 erat,
3340 5420 3537 5472 fiducia

1957 5513 2160 5581 repleta
2191 5520 2296 5565 est.
2326 5508 2483 5563 Tunc
2512 5518 2567 5563 ct
2602 5510 2829 5564 nomine
2861 5518 3072 5581 mutato
3102 5509 3288 5563 lsraeli
3346 5508 3539 5576 appet.

1956 5604 2216 5658 latirmem
2251 5602 2489 5672 accepit,
2528 5611 2583 5655 ut
2611 5602 2703 5672 qui
2736 5602 2831 5657 Dei
2861 5601 3158 5672 quamdam
3195 5600 3540 5654 informatio-

2120 5721 2160 5752 “
2191 5719 2329 5774 Tub.
2368 5734 2466 5781 xu,
2506 5717 2586 5772 l2.
2667 5719 2703 5749 “
2734 5719 2852 5774 Act.
2893 5734 2943 5782 κ,
2984 5719 3023 5771 i.
3111 5715 3152 5747 ’⁵³
3192 5718 3325 5772 Gen.
3364 5733 3535 5784 stult,
