4204 6450
222 396 328 454 273

1463 402 1739 460 ANNALl

1906 404 2097 465 PARS
2138 409 2215 469 ll.
3347 418 3450 475 947i

222 503 315 554 ττιῦ
342 504 611 571 τραχήλου
644 520 736 555 σου
760 543 774 566 ,
812 505 1193 573 πλημμέλειαν
1240 509 1659 578 πλημμελήσεις
1691 510 1755 560 θα

1888 518 2205 570 vaticinium
2244 520 2377 573 illud
2422 520 2702 588 impletum
2733 531 2813 573 est
2849 539 2859 572 :
2897 522 3060 573 illum
3106 524 3289 589 juguzn
3346 528 3450 572 fra-

222 596 401 647 -ιάτου.
439 613 455 645 ι
494 597 601 648 Καὶ
639 596 707 648 τὰ
738 597 837 665 μὲν
875 598 969 649 τοῦ
1009 600 1272 666 Ἰωσήπου
1316 601 1539 654 τοιαῦτα
1564 642 1576 661 ,
1614 618 1781 671 προσ-

218 686 363 750 έχειν
411 685 466 737 δὲ
509 684 721 749 τούτοις
757 687 831 749 ὠς
870 689 1126 757 ἀληθέσιν
1174 690 1276 743 οὐκ
1325 691 1494 754 ἄξιον.
1527 692 1600 744 T6
1631 693 1775 760 γάρ·

222 794 239 825 ι
268 775 692 845 Πλημμμέλειαν
717 777 1126 849 πλημμελήσεις
1156 782 1410 847 θανάτου,
1448 801 1466 832 ι
1495 782 1780 852 προσθήκη

216 869 334 918 ἐστὶ
371 867 465 919 τοῦ
516 869 818 938 Ἰωσήπου·
856 873 913 923 ὲν
952 872 1058 943 γὰρ
1094 876 1158 942 τῇ
1199 875 1507 943 προφητείᾳ
1536 877 1779 927 τοιοῦτον

214 958 379 1025 ῥητὸν
405 962 790 1029 γεγραμμένον
822 963 917 1031 οὐχ
950 962 1202 1033 εὕρηται.
1229 966 1338 1019 Καὶ
1373 968 1499 1034 περὶ
1533 966 1630 1035 μὲν
1652 966 1777 1016 τού-

211 1062 321 1099 των
347 1063 540 1109 ουτως.

279 1310 485 1379 Κρατεῖ
513 1310 567 1363 δὲ
601 1313 739 1379 μετὰ
766 1312 936 1368 ταῦτα
965 1314 1075 1368 τῶν
1112 1317 1415 1385 Ἀσσυρίων
1447 1318 1539 1370 καὶ
1571 1319 1774 1387 Σαρδα-

205 1400 465 1465 νάπαλος,
495 1404 696 1471 διάγων
727 1405 942 1475 χαύνως
990 1409 1165 1478 πάντη
1197 1410 1292 1462 καὶ
1337 1409 1651 1478 τρυφηλῶς,
1684 1411 1773 1463 εὖ·

204 1494 419 1563 νούχοις
461 1493 568 1548 ἔσω
610 1498 1099 1567 συγκεκλεισμένος
1133 1502 1227 1554 καὶ
1258 1501 1495 1567 γυναιξὶ,
1546 1504 1617 1570 μή
1665 1519 1771 1553 τινι

202 1584 314 1635 τῶν
346 1584 437 1637 ὑπ’
466 1585 628 1638 αὐτὸν
659 1586 1057 1657 θεωρούμενος.
1101 1590 1360 1659 χρώμασί
1394 1608 1452 1642 τε
1497 1594 1591 1646 καὶ
1628 1591 1771 1661 βάμ-

205 1691 342 1741 μασι
376 1677 468 1728 καὶ
501 1677 563 1743 τῇ
612 1675 719 1727 τῶν
762 1676 986 1743 γενείων
1030 1681 1242 1749 ἐκκοπῇ
1278 1679 1567 1749 θηλυδρίαν
1603 1680 1771 1733 ποιῶν

200 1765 421 1831 ἑαυτὸν,
467 1766 541 1830 ὡς
572 1767 824 1821 ἐντεῦθεν
874 1770 1103 1839 μισητὸν
1132 1774 1263 1834 τοῖς
1310 1773 1443 1825 πᾶσι
1491 1772 1766 1839 γενέσθαι.

198 1860 313 1912 Καί
343 1876 425 1922 τις
473 1860 529 1913 δὲ
576 1860 685 1914 τῶν
733 1862 835 1914 ὑπὸ
868 1866 1024 1933 χεῖρα
1070 1863 1238 1917 θέλων
1277 1866 1405 1918 ίδεῖν
1456 1865 1618 1918 αὑτὸν
1672 1867 1770 1919 οὐκ

197 1949 445 2003 ἐδύνατο.
480 1952 616 2004 Ποτὲ
661 1949 755 2004 οὖν
788 1953 1060 2023 ἐπιτυχὼν
1100 1955 1193 2006 τοῦ
1243 1954 1583 2025 ποθουμένου
1619 1956 1769 2024 ξίφος

194 2040 332 2093 ὠθεῖ
365 2045 488 2096 κατ’
518 2043 705 2106 αὐτοῦ,
750 2045 844 2096 καὶ
874 2045 970 2113 τῆς
1004 2046 1147 2115 ζωῆς
1197 2048 1360 2101 αὐτὸν
1406 2048 1604 2110 ἀθλίως
1637 2050 1772 2100 ἀπο-

195 2137 403 2205 στερεῖ.
453 2136 608 2189 Μετὰ
656 2137 711 2188 δὲ
752 2138 1174 2208 Σαρδανάπαλον
1205 2142 1398 2209 κρατεῖ
1430 2141 1536 2194 τῶν
1578 2142 1770 2193 Ἀσσυ-

193 2225 331 2294 ρίων
380 2228 407 2279 6
455 2226 567 2287 υίὸς
620 2227 789 2281 ιΙίκου
821 2227 915 2282 τοῦ
966 2232 1061 2282 καὶ
1088 2230 1208 2294 Διὸς
1262 2232 1503 2302 Περσεὺς
1546 2231 1682 2301 (27),
1711 2232 1769 2294 ὃς

192 2316 429 2383 νικήσας
459 2317 587 2378 τοὺς
634 2319 916 2383 Λυκάονας
957 2323 1051 2375 καὶ
1089 2322 1242 2374 πόλιν
1276 2323 1469 2386 κτίσας
1502 2326 1637 2387 ἐκεῖ,
1673 2325 1766 2376 καὶ

190 2409 293 2478 τὴν
320 2408 514 2461 ἑαυτοῦ
548 2410 749 2480 στήλην
778 2412 1004 2480 στήσας,
1050 2414 1270 2467 Ἰκόνιον
1300 2414 1470 2484 αὐτὴν
1507 2416 1767 2468 ἐκάλεσεν

188 2503 259 2553 ἐκ
305 2500 398 2553 τοῦ
447 2501 576 2554 ἰδίου
628 2503 1109 2572 ἀπεικονίσματος.
1146 2500 1277 2557 Εἶτα
1318 2507 1455 2575 πρὸς
1493 2508 1766 2576 Ἰσαυρίαν

188 2593 289 2645 καὶ
321 2591 575 2646 Κιλικίαν
622 2594 817 2658 ἐλθὼν,
856 2597 949 2649 καὶ
987 2598 1096 2649 ἀπὸ
1127 2598 1220 2650 τοῦ
1258 2599 1428 2651 ἵππου
1484 2597 1764 2653 κατελθὼν

188 2685 289 2736 καὶ
320 2684 498 2753 πήξας
538 2684 629 2737 τὸν
660 2687 860 2756 ταρσὸν
883 2687 977 2740 τοῦ
1004 2689 1161 2751 ποδὸς
1189 2690 1247 2741 ἐν
1273 2692 1338 2760 τῇ
1382 2695 1451 2760 γῇ
1483 2692 1576 2743 καὶ
1609 2690 1766 2744 πόλιν

187 2776 313 2825 ἐκεῖ
345 2773 556 2835 κτίσας,
604 2777 963 2845 ἐπωνόμασεν
1013 2780 1185 2844 αὐτὴν
1222 2780 1456 2848 Ταρσόν.
1500 2782 1619 2835 Ἐπ’
1650 2782 1766 2834 ὀνό-

190 2883 330 2932 ματι
385 2868 484 2933 μὲν
535 2865 628 2918 οὖν
666 2868 830 2920 αὑτοῦ
878 2871 971 2922 καὶ
1019 2873 1144 2934 τοὺς
1190 2873 1507 2939 Ἀσσυρίους
1551 2875 1763 2945 Πέρσας

183 2957 473 3011 ἐκάλεσεν.
516 2959 633 3026 Ἐφ’
669 2953 732 3011 οὗ
785 2959 901 3029 πῦρ
935 2962 991 3026 ἐξ
1033 2964 1264 3030 οὐρανοῦ
1300 2965 1489 3029 ἔπεσε,
1522 2966 1616 3017 καὶ
1648 2966 1759 3016 κτί-

185 3064 291 3108 σας
321 3048 412 3102 ἐπ’
447 3050 594 3119 αὐτῷ
643 3052 769 3104 ναὸν
816 3054 1215 3123 πυρσολατρεῖν
1258 3054 1515 3119 ἐδίδαξεν.
1553 3055 1763 3107 Οὐκοῦν

1888 606 1986 657 tris
2021 607 2093 658 lui
2122 607 2188 659 de
2214 609 2425 661 cervice
2480 618 2567 661 tua
2598 611 2869 668 excuties.
2934 620 3213 678 peceatum
3274 624 3447 661 morso

1885 697 2222 762 multandum
2263 698 2625 751 committi-sa
2656 700 2712 752 In
2757 700 2902 751 hunc
2953 701 3169 751 modum
3205 700 3318 751 h'ce
3351 700 3442 752 Ju-

1881 786 2085 852 scplius
2116 797 2529 848 commemorat.
2573 806 2691 857 qua'
2737 800 2912 842 tamen
2973 803 3073 855 pro
3113 790 3252 840 vcris
3311 790 3445 840 τυρί-

1881 876 2077 942 pienda
2133 894 2263 932 non.
2292 890 2437 933 sunt.
2496 879 2630 932 Nam
2677 882 2825 933 istccc
2878 880 3088 932 verba:
3126 877 3441 931 «Ριιοντιιιιιιι

1881 977 2056 1019 morte
2086 970 2423 1023 multandum
2447 972 2808 1029 conniiittcs,o
2845 971 2911 1022 ab
2940 969 3181 1038 Joscpho
3209 972 3443 1024 auctori:

1881 1066 1989 1111 tate
2031 1059 2248 1126 propria
2300 1058 2551 1112 Mosaicis
2591 1059 2804 1127 adjecta
2862 1066 3015 1117 sunt,
3064 1072 3186 1109 cum
3234 1056 3441 1109 nullum

1878 1149 2188 1217 hujusmodi
2221 1151 2445 1204 verbum
2485 1151 2538 1203 in
2568 1152 2687 1220 ipso
2715 1149 2980 1202 vaticinio
3014 1150 3345 1216 reperiatur.
3366 1148 3442 1201 De

1879 1239 1961 1292 his
1990 1240 2273 1293 hactenus.

1946 1329 2256 1383 Secundum
2293 1331 2407 1384 haec.
2440 1342 2492 1381 ct
2525 1328 2935 1398 Sardanapalus
2991 1330 3231 1400 Assyriis
3272 1330 3443 1396 impe-

1875 1418 2031 1472 ravit.
2055 1418 2286 1474 Molltcr
2321 1420 2366 1473 is
2402 1420 2612 1471 vivebat
2638 1436 2701 1472 ac
2736 1422 3056 1490 voluptarie,
3086 1422 3229 1472 inter
3259 1435 3440 1472 cunu-

1872 1511 2007 1564 chos
2036 1523 2090 1563 et
2124 1511 2355 1564 feminas
2390 1513 2679 1576 occlusus;
2746 1528 2845 1565 nec
2892 1513 3148 1578 cuiquam
3194 1511 3442 1564 subdito-

1875 1614 1991 1652 rum
2036 1600 2272 1654 hominis
2299 1600 2544 1654 intneudi
2588 1602 2817 1655 facultas
2876 1612 3012 1656 erat.
3048 1604 3315 1655 Pneterca
3346 1614 3439 1653 co-

1872 1692 2114 1753 loribus,
2148 1690 2439 1753 tincturis,
2485 1706 2746 1760 genarum
2782 1708 2970 1747 rasura
3021 1693 3259 1761 seipsum
3307 1690 3439 1745 effe-

1874 1781 2133 1835 minabat.
2169 1782 2378 1845 Quibus
2408 1784 2573 1835 rebus
2608 1783 2809 1836 factum
2838 1793 2921 1836 est
2946 1792 3005 1836 ut
3039 1783 3091 1836 in
3130 1798 3190 1837 se
3218 1792 3441 1833 cuncto-

1875 1887 1993 1926 rum
2025 1872 2150 1925 odia
2180 1872 2506 1924 concitaret.
2541 1872 2690 1924 Inter
2717 1871 2854 1925 alios
2889 1872 3119 1940 imperio
3165 1870 3441 1936 subjectos

1871 1961 2090 2029 quidam
2117 1971 2233 2014 erat
2260 1961 2350 2028 qui
2383 1960 2610 2012 omnino
2640 1976 2765 2013 eum
2802 1960 2984 2013 videre
3011 1958 3169 2027 140
3190 1968 3437 2026 cuperet,

1870 2054 1963 2107 sed
1988 2054 2299 2106 incassum-
2324 2050 2566 2105 Tandem
2596 2067 2724 2105 vero
2755 2052 2866 2104 voti
2894 2065 3119 2119 compos
3148 2050 3441 2118 aliquando

1872 2142 2045 2196 factus
2077 2142 2257 2210 gladio
2304 2150 2589 2211 tyrannum
2667 2141 2900 2195 trucidat
2956 2150 3010 2195 et
3071 2142 3176 2194 vita
3221 2139 3438 2204 spoliat.

1869 2232 1998 2287 Post
2029 2232 2459 2300 Sardanapalum
2482 2230 2717 2285 Perseus
2742 2232 2875 2295 l‘ici,
2910 2240 3272 2302 cognomento
3290 2230 3441 2283 lovis

1872 2324 2038 2384 lilius,
2067 2337 2295 2391 regnum
2353 2324 2493 2391 apud
2528 2323 2779 2392 Assyrios
2812 2323 3072 2376 obtinuit.
3106 2323 3158 2376 ls
3189 2338 3310 2375 cum
3334 2320 3440 2389 Ly-

1867 2430 2072 2472 cannas
2102 2415 2324 2469 vicissi-t
2349 2430 2415 2470 ac
2442 2415 2631 2469 urbem
2660 2417 2713 2467 in
2740 2416 2805 2469 iis
2829 2416 3029 2469 finibus
3060 2415 3441 2479 cxstruxisset,

1867 2510 2175 2564 columnam
2205 2509 2383 2561 erexit
2410 2518 2463 2561 et
2494 2509 2563 2560 ab
2607 2508 2905 2562 simulacro
2960 2508 3309 2577 imagiueque
3344 2520 3441 2559 sua

1868 2599 1989 2652 urbi
2022 2614 2221 2652 nomen
2252 2597 2427 2651 lconii
2460 2598 2630 2652 dedit.
2697 2599 2903 2652 Deinde
2938 2614 3130 2652 versus
3179 2598 3439 2651 Isauriam

1864 2687 2221 2755 Ciliciamque
2250 2687 2526 2755 profectus
2574 2698 2629 2741 et
2677 2690 2935 2757 delapsus
2986 2690 3054 2743 ab
3106 2703 3266 2757 equo,
3316 2702 3440 2739 cum

1869 2789 2030 2834 teme
2066 2779 2271 2832 calcem
2305 2778 2459 2846 pedis
2484 2778 2761 2841 allisisset,
2805 2780 2996 2832 urbem
3028 2780 3078 2832 id
3109 2780 3211 2831 loci
3255 2778 3443 2832 condi-

1869 2881 1977 2925 tam
2014 2872 2081 2924 ab
2114 2877 2217 2923 hoc
2244 2880 2443 2922 eventu
2488 2869 2722 2921 Tarsum
2751 2870 3070 2937 appellavit.
3106 2869 3250 2922 Idem
3278 2884 3307 2921 a
3338 2884 3442 2920 no-

1869 2965 2018 3017 mine
2072 2977 2172 3015 suo
2220 2961 2559 3028 nuncupavit
2620 2961 2873 3032 Assyrios
2925 2959 3146 3024 Persas;
3206 2975 3443 3028 cumque

1870 3063 2132 3121 regnante
2166 3052 2282 3118 ipso
2303 3051 2582 3104 accideret
2618 3061 2677 3103 ut
2704 3051 2843 3119 ignis
2872 3052 2939 3105 de
2970 3053 3113 3104 caelo
3138 3050 3440 3111 laberetur.

182 3142 385 3210 πρώτη
424 3144 524 3209 μὲν
560 3143 810 3211 βασιλεία
855 3148 888 3212 ή
940 3147 1048 3199 τῶν
1092 3148 1400 3218 ’Λσσυρίων
1436 3150 1554 3218 ἦτοι
1588 3148 1758 3200 Βαϐυ-

1870 3142 2075 3211 templo
2103 3140 2325 3195 Condito
2349 3124 2565 3193 auctor‘
2596 3140 2701 3193 fuit
2758 3149 2815 3193 ut
2864 3140 3042 3208 ignem
3078 3140 3161 3192 sui
3193 3142 3441 3209 religiose

180 3234 418 3294 ὶωνίων,
454 3235 683 3305 δευτέρα
718 3236 772 3289 δὲ
819 3238 849 3306 ή
894 3237 1003 3291 τῶν
1053 3238 1278 3308 Περσῶν
1327 3239 1633 3309 ὁμωνύμως
1667 3238 1759 3291 καὶ

180 3325 372 3379 αὐτῶν
394 3325 755 3380 Βαϐυλωνίων
787 3326 1119 3397 κληθέντων.

255 3614 497 3666 Γίνωσκε
542 3612 599 3664 δὲ
653 3614 736 3665 ὅτι
776 3612 869 3665 ἐπὶ
907 3613 1005 3683 τῆς
1041 3613 1133 3665 τοῦ
1185 3613 1430 3674 Φοίνικος
1483 3612 1763 3682 βασιλείας

173 3705 437 3777 ἢκμαζεν
480 3703 759 3774 Ἡρακλῆς
793 3706 820 3757 6
867 3704 1066 3774 Τύριος
1111 3712 1207 3757 καὶ
1249 3704 1556 3775 φιλόσοφος,
1596 3708 1623 3758 6
1660 3706 1761 3773 τῆς

174 3796 459 3865 κογχύλης
492 3795 745 3866 εὑρετής.
781 3796 855 3848 Τὸ
885 3796 998 3865 γὰρ
1018 3795 1169 3864 εριον
1197 3796 1258 3849 τὸ
1302 3796 1410 3849 ἀπὸ
1439 3795 1536 3848 τοῦ
1567 3812 1763 3861 ποιμε-

172 3888 337 3940 νικοῦ
397 3887 560 3950 κυνὸς
609 3888 957 3956 ἀπσμαγθὲνη
992 3886 1137 3951 ἰδὼν,
1190 3888 1285 3943 καὶ
1312 3888 1515 3959 νοήσας
1554 3888 1629 3952 ὡς
1660 3891 1761 3940 οὐκ

168 3983 331 4034 ἐστιν
375 3975 539 4048 αἷμα,
564 3978 702 4032 ἀλλὰ
744 3979 1029 4049 βάμματος
1086 3981 1344 4045 ὑπόθεσις
1380 3982 1561 4051 (ἔτυχε
1600 3983 1761 4051 γὰρὸ

168 4073 331 4126 κύων
368 4062 521 4133 οὗτος
551 4071 685 4141 παρ’
729 4071 966 4140 αἰγιαλῷ
1005 4073 1279 4142 κογχύλην
1309 4074 1488 4142 εὑρὼν
1535 4076 1630 4127 καὶ
1657 4091 1761 4141 φα-

169 4162 344 4231 γὼν),
374 4160 650 4230 προσῆξεν
674 4161 750 4226 ὡς
780 4162 953 4231 δῶρον
986 4163 1066 4231 τῷ
1095 4162 1325 4232 βασιλεῖ.
1360 4165 1581 4236 Πρῶτος
1611 4163 1704 4217 οὖν
1734 4168 1761 4219 6

167 4254 364 4319 Φοῖνιξ
384 4253 485 4322 τὴν
515 4253 807 4323 ἁλουργίδα
835 4253 1083 4323 ὲφόρεσε,
1115 4255 1380 4317 κελεύσας
1412 4256 1618 4324 μηδένα
1639 4256 1760 4309 ἓτε-

168 4360 274 4412 ρον
301 4343 404 4411 τὴν
436 4342 696 4412 τοιαύτην
743 4344 935 4412 χροιὰν
961 4346 1170 4413 φορεῖν,
1204 4347 1297 4397 καὶ
1346 4347 1519 4410 οὓτως
1567 4348 1631 4400 ἐκ
1662 4348 1759 4415 τῆς

164 4432 498 4503 ἁλουργίὸος
528 4434 621 4486 τὸν
656 4432 883 4502 βασιλέα
930 4436 1335 4503 γνωρίζεσθαι·
1380 4436 1487 4506 πρὸ
1537 4437 1594 4490 δὲ
1633 4437 1756 4489 τού-

164 4542 274 4579 του
308 4524 490 4585 κοινὸς
515 4526 543 4577 ὁ
584 4521 837 4592 βασιλεὺς
865 4522 1061 4578 ἐδόκει.
1109 4524 1197 4577 Ἐν
1221 4523 1279 4577 δὲ
1305 4523 1467 4595 Τύρῳ
1499 4523 1639 4594 αὕτη
1664 4527 1757 4579 εὑ·

166 4616 338 4687 ρέθη.

241 4805 381 4857 Ὀτι
417 4805 446 4857 6
476 4806 710 4875 Κροῖσος
734 4808 983 4877 χρησμὸν
1031 4807 1213 4861 λαϐὼν
1256 4809 1349 4862 τὸν
1382 4808 1549 4861 Ἀλυν
1575 4808 1756 4861 διεπέ-

160 4914 364 4969 ρασεν,
420 4899 502 4960 είς
556 4899 734 4970 φυγὴν
771 4902 800 4952 6
848 4900 1029 4969 Κῦρος
1075 4900 1358 4971 ὥρμησεν,
1420 4902 1453 4971 ή
1511 4902 1570 4953 δὲ
1619 4902 1756 4971 γυνὴ

156 4992 340 5045 αὐτοῦ
372 4994 781 5062 συνεκράτησεν
808 4994 972 5047 αὑτὸν
1000 4993 1238 5060 λέγουσα
1277 4995 1369 5047 τὸν
1410 4995 1757 5063 αἰχμάλωτον

156 5083 377 5152 Δανιὴλ
405 5086 635 5153 ἀγαγεῖν
663 5087 760 5138 καὶ
807 5086 875 5139 δι’
908 5087 1075 5140 αὑτοῦ
1112 5087 1306 5157 μαθεῖν
1345 5087 1404 5141 τὸ
1430 5089 1558 5141 πᾶν.
1590 5088 1656 5140 Ὃ
1691 5087 1755 5157 δή

155 5176 257 5242 καὶ
285 5174 539 5242 γέγονεν.
574 5177 682 5230 Καὶ
705 5177 847 5231 οὕτω
880 5178 1081 5248 θάρσος
1114 5180 1321 5243 ἐκεῖνος
1351 5178 1531 5232 ἔλασε.
1562 5181 1745 5232 Μετα-

155 5267 549 5337 ιιαλεσάμενος
584 5268 641 5321 δὲ
671 5269 760 5321 τὸν
786 5270 985 5341 Δανιὴλ
1015 5272 1155 5341 μετὰ
1185 5273 1363 5341 πάσης
1391 5272 1745 5343 δορυφορίας.

152 5355 325 5411 εἶπεν
361 5358 546 5428 αὐτῷ·
584 5379 603 5413 ι
640 5362 782 5415 Τάδε
826 5361 975 5430 λέγει
1003 5364 1212 5433 Κύριος
1242 5364 1371 5433 περὶ
1408 5363 1486 5434 τῷ
1524 5362 1748 5433 χρηστῷ

150 5450 338 5520 Κύρῳ
365 5466 378 5477 ·
404 5452 501 5507 καὶ
544 5450 637 5505 τὸν
662 5453 893 5522 Κροῖσον
927 5456 1193 5525 νικήσεις.
1234 5475 1253 5506 ι
1292 5458 1358 5508 '0
1392 5458 1483 5509 καὶ
1514 5456 1705 5525 γέγονε
1730 5471 1747 5487 ο

227 5626 357 5697 (27)
392 5628 569 5701 Quam
598 5628 884 5697 imperitus
904 5630 1071 5699 fuerit
1107 5636 1306 5687 veteris
1341 5634 1583 5688 historiae
1618 5630 1745 5701 GlyJ

153 5717 291 5771 cas,
326 5696 394 5752 ex
428 5696 837 5771 Perseo,quem
872 5709 992 5769 post
1028 5698 1414 5771 'Sardanapali
1453 5714 1615 5771 atque
1647 5696 1747 5754 Ar-

163 5768 329 5841 bacis
360 5779 606 5836 tempora
639 5768 883 5840 Assyriis
924 5771 1225 5847 imperasse
1283 5768 1539 5841 somniat,
1588 5772 1748 5826 facile

1862 3234 2128 3287 colerent.
2166 3231 2411 3284 Primum
2441 3245 2569 3299 ergo
2596 3246 2822 3299 regnum
2857 3231 2960 3283 fuit
2988 3246 3158 3299 penes
3186 3230 3441 3301 Assyrios

1863 3324 1978 3378 sive
2013 3322 2361 3391 Babylonios,
2424 3322 2653 3375 alterum
2714 3336 2883 3389 penes
2912 3322 3131 3385 Persas,
3183 3322 3270 3390 qui
3297 3336 3444 3375 com-

1862 3416 2014 3470 muni
2043 3413 2410 3481 appellatione
2434 3412 2536 3482 ipsi
2556 3428 2775 3481 quoque
2795 3413 3217 3483 Babyloniorum
3239 3427 3443 3467 nomen

1864 3504 2167 3558 habebant.

1934 3617 2085 3670 Scire
2148 3627 2325 3669 autem
2382 3616 2544 3670 debes
2632 3624 2884 3683 regnante
2960 3613 3217 3669 Phtnnice
3276 3614 3443 3669 fuisse

1862 3708 2151 3779 quemdam
2185 3706 2466 3761 llerculem
2499 3706 2724 3775 Tyrium
2760 3706 3164 3775 philosophum.
3195 3707 3285 3775 qui
3312 3722 3443 3774 pur-

1861 3815 2054 3869 puram
2084 3797 2308 3853 invenit.
2340 3797 2475 3853 Cum
2530 3798 2676 3852 enim
2732 3799 2880 3852 canis
2914 3797 3101 3850 oviarii
3150 3796 3289 3865 pilos
3342 3797 3445 3850 hoc

1860 3892 2042 3948 colore
2077 3905 2354 3959 respersos
2378 3891 2608 3953 videret,
2640 3904 2704 3943 ac
2764 3888 2927 3943 simul
2986 3887 3445 3941 animadverteret

1862 3999 1969 4037 non
2002 3982 2147 4035 hunc
2186 3982 2502 4049 sanguinem
2532 3994 2652 4032 esse
2678 3979 2773 4031 sed
2801 3978 3001 4031 coloris
3033 3978 3097 4030 ad
3128 3976 3442 4045 tingendum

1862 4076 1972 4143 apti
2003 4073 2279 4126 materiam
2314 4072 2459 4141 (nam
2490 4072 2640 4123 canis
2665 4070 2752 4123 ille
2780 4069 2918 4124 ferte
2962 4068 3179 4122 fortuna
3240 4082 3445 4135 purpu-

1862 4182 1935 4221 ται
1958 4167 2218 4221 concham
2266 4173 2532 4232 repertam
2564 4162 2623 4214 in
2668 4164 2849 4215 littore
2878 4159 3277 4227 devoraverat).
3322 4172 3443 4211 mu-

1861 4257 2008 4311 neris
2044 4254 2327 4325 cujusdam
2379 4256 2551 4307 instar
2579 4269 2697 4306 eam
2760 4253 2870 4321 regi
2902 4252 3121 4313 obtulit,
3184 4251 3274 4318 qui
3311 4265 3442 4302 sane

1861 4348 2071 4416 primus
2102 4362 2196 4414 per
2245 4346 2387 4398 hanc
2447 4345 2789 4398 occasionem
2857 4358 3148 4413 purpuram
3188 4341 3440 4411 gestavit,

1864 4437 2136 4506 publicato
2157 4435 2334 4489 edicto
2359 4450 2425 4489 ne
2455 4436 2574 4502 quis
2613 4433 2751 4487 alius
2795 4435 2895 4486 hoc
2969 4434 3155 4486 colore
3211 4430 3441 4483 vestium

1865 4535 2141 4591 uteretur;
2191 4540 2299 4593 quo
2319 4522 2386 4577 de
2432 4538 2669 4592 purpura
2723 4521 2932 4575 scilicet
2982 4536 3076 4574 rex
3119 4533 3443 4589 agnoscere-

1864 4624 1972 4677 tur.
1998 4616 2090 4684 qui
2123 4623 2248 4668 ante
2272 4614 2324 4667 id
2357 4613 2620 4681 temporis
2652 4612 2854 4665 vestitu
2892 4625 3015 4663 cum
3053 4612 3263 4663 caeteris
3288 4624 3443 4663 com-

1864 4707 2016 4759 muni
2050 4706 2321 4759 ulebatur.
2356 4708 2529 4772 Atque
2566 4702 2681 4755 ha-c
2707 4700 2834 4771 Tyri
2869 4710 2952 4755 est
2976 4700 3217 4754 inventa.

1933 4815 2203 4871 Caeterum
2240 4812 2474 4882 postilla
2514 4821 2757 4881 tempora
2808 4826 2931 4864 cum
2970 4809 3190 4864 Crmsus
3221 4808 3443 4862 oraculo

1864 4917 2088 4977 accepto
2135 4920 2353 4960 amnem
2380 4903 2568 4974 Halym
2634 4903 2994 4971 transiiceret,
3035 4902 3204 4970 Cyrus
3260 4900 3312 4952 in
3355 4898 3441 4953 fu-

1865 5013 1985 5065 gam
2032 5012 2089 5050 sc
2113 4996 2447 5064 proripuisse
2497 4993 2840 5063 perhibetur.
2892 4990 3092 5045 Verum
3143 5006 3277 5044 uxor
3313 5006 3438 5043 eum

1863 5090 1931 5144 ab
1964 5089 2066 5143 hoc
2089 5089 2339 5142 instituto
2369 5086 2616 5151 retraxit,
2652 5101 2774 5139 cum
2805 5083 3086 5136 Danielum
3130 5082 3442 5136 carceribus

1857 5179 2224 5247 mancipatum
2256 5176 2451 5231 adduci
2486 5176 2661 5244 deque
2701 5191 2758 5227 re
2816 5183 2923 5227 tota
2957 5173 3165 5227 consuli
3198 5172 3440 5241 juberet.

1860 5270 1914 5324 ιιι
1939 5285 2058 5324 cum
2091 5269 2293 5322 factum
2342 5281 2503 5327 esset.
2534 5276 2813 5334 resumpto
2845 5266 3017 5336 Cyrus
3044 5265 3230 5317 animo
3256 5276 3442 5316 came-

1856 5360 1937 5415 los
1965 5360 2019 5413 in
2072 5360 2188 5413 acie
2215 5358 2388 5427 prima
2419 5356 2725 5411 collocavit.
2768 5352 2879 5408 lloc
2904 5353 3063 5406 modo
3081 5352 3243 5421 equis
3272 5363 3443 5418 oppo-

1858 5455 1983 5509 sitis
2014 5454 2069 5506 in
2105 5453 2285 5522 fugam
2352 5449 2546 5512 versis,
2577 5446 2798 5501 Crrnsus
2842 5446 2895 5499 in
2923 5444 3160 5499 hostium
3199 5448 3443 5513 potesta-

1853 5630 2033 5695 quivis
2065 5628 2349 5697 intelliget.
2377 5626 2586 5697 Czctera
2610 5639 2721 5697 non
2754 5637 3057 5697 persequor
3087 5622 3256 5697 huius
3284 5626 3437 5678 simi-

1877 5692 2140 5765 liumque.
2170 5692 2539 5752 Gricculorum
2576 5694 2628 5746 iu
2652 5692 3057 5764 chronologicis
3090 5693 3279 5760 rebus,
3304 5710 3436 5765 pec-

1867 5781 1985 5825 cata
2013 5768 2240 5835 dixeris,
2274 5783 2338 5821 an
2373 5773 2642 5837 portenta.
