4204 6450
724 419 836 480 2Τ5

1968 411 2388 470 ΜΙίἮΑΕΙᾸΞ
2431 409 2692 469 ΟΙᾸὯΕ

3871 388 3983 449 976

724 544 834 584 tem
858 527 1023 581 venit.
1059 523 1212 576 caesis
1269 522 1680 591 quadringentis
1713 521 1992 575 hominum
2037 521 2297 582 millibus,
2329 570 2331 577 ι

2435 518 2687 585 εαμήλους
2717 515 2828 583 γὰρ
2860 511 3172 584 ἔμπροσθεν
3196 509 3293 579 τῆς
3320 505 3680 576 παρατάξεως
3709 502 3821 572 ('28)
3850 520 3988 571 προ-

720 638 841 673 cnm
877 632 1116 674 amnem,
1163 615 1253 681 qui
1286 627 1448 681 supra
1486 613 1705 665 modum
1739 613 2133 674 exundaverat,
2170 626 2296 664 rur-

722 726 838 764 sum
868 707 1188 773 transjiccre
1214 719 1322 756 non
1354 714 1594 771 possent.

794 972 934 1041 Cyro
974 969 1166 1022 Darius
1205 968 1345 1021 filius
1373 967 1657 1031 successit,
1701 968 1866 1019 Dario
1929 970 2299 1032 Artaxerxes;

724 1074 835 1127 quo
869 1069 1128 1125 regnante
1180 1057 1397 1125 quidam
1450 1057 1501 1108 in
1542 1054 1692 1108 Italia
1758 1055 1913 1109 Palas
1972 1058 2205 1109 exstitit.
2255 1058 2309 1110 Is

725 1150 948 1201 domum
1006 1157 1346 1201 exstructam
1415 1147 1483 1199 ab
1513 1161 1570 1199 se
1601 1146 1866 1199 Palatium
1924 1157 2302 1215 nuncupant:

726 1240 871 1292 unde
899 1254 1015 1292 mos
1054 1240 1274 1291 inolevit
1314 1248 1371 1290 ut
1403 1236 1549 1291 ardes
1592 1237 1753 1303 regia:
1799 1237 2060 1304 palatium
2115 1240 2308 1291 dican—

728 1339 835 1381 tur.
872 1328 995 1381 Ιιιεο
1035 1338 1119 1379 est
1151 1327 1362 1395 Georgii
1419 1328 1705 1381 sententia.
1760 1325 2000 1380 ZOuaras
2036 1343 2166 1382 vero
2198 1344 2312 1382 nte-

726 1420 913 1471 ntorize
967 1419 1204 1485 prodidit
1281 1419 1501 1471 domum
1561 1418 1967 1486 imperatoriam
2045 1419 2309 1487 palatium

725 1511 907 1563 vocari
953 1520 1240 1577 propterea
1271 1509 1419 1577 quod
1476 1509 1532 1562 in
1586 1518 1771 1563 monte
1826 1508 2094 1573 Palatino,
2148 1526 2311 1577 quem

724 1599 853 1651 olim
884 1599 1205 1652 inhabitavit
1224 1596 1513 1652 Faustulus
1536 1599 1580 1652 is
1601 1600 1691 1666 qui
1722 1598 2012 1654 Romulum
2039 1601 2310 1667 educavit,

726 1685 904 1739 Caesar
932 1688 1153 1739 domum
1184 1688 1453 1741 habuerit.
1488 1685 1603 1751 Qua
1631 1688 1698 1741 de
1729 1702 1894 1742 causa
1918 1690 2121 1749 factum
2159 1691 2228 1744 sit
2254 1700 2317 1744 ut

730 1776 941 1828 tatnctsi
966 1776 1084 1829 aliis
1112 1778 1275 1829 etiam
1311 1778 1365 1829 in
1408 1778 1541 1832 locis
1567 1780 1866 1847 imperator
1914 1780 2065 1850 14],
2118 1782 2310 1835 diver-

726 1874 828 1929 tat,
871 1866 1230 1920 nihilominus
1273 1869 1562 1936 hospitium
1610 1870 1730 1938 ejus
1762 1871 2020 1939 palatium
2070 1874 2307 1927 dicatur.

730 1958 1042 2011 Secundum
1077 1959 1190 2013 hzec
1218 1963 1407 2013 vixere
1437 1959 1663 2023 Romus,
1723 1963 1815 2031 qui
1849 1962 2076 2016 Romam
2118 1966 2312 2018 condi-

728 2049 829 2111 dit,
866 2057 923 2101 et
952 2046 1122 2101 frater
1151 2048 1269 2115 ejus
1328 2050 1552 2103 Remus.
1616 2048 1678 2103 Hi
1708 2067 1832 2105 cum
1865 2050 1988 2106 Iovi
2048 2054 2310 2123 templum

729 2140 1149 2202 exstruxissent,
1182 2140 1232 2194 ei
1266 2157 1463 2196 nomen
1493 2141 1743 2212 Capitolii
1771 2145 1958 2198 Romae
2016 2145 2312 2209 dederunt,

734 2232 835 2283 hoc
867 2241 953 2285 est
991 2231 1158 2285 totius
1200 2233 1349 2285 urbis
1384 2234 1579 2302 capitis
1604 2235 1718 2287 sive
1764 2235 2010 2289 verticis.
2046 2234 2174 2290 lnae
2209 2237 2318 2290 Ro-

735 2334 853 2373 nius
923 2320 1208 2375 interfecto
1268 2322 1462 2383 Remo.
1515 2338 1640 2376 cum
1672 2324 1933 2393 populum
1988 2325 2315 2379 seditionem

732 2412 1011 2464 concitare
1032 2423 1303 2472 cerneret,
1333 2415 1541 2482 primus
1560 2415 1714 2469 ludos
1739 2423 2033 2483 equestres
2061 2417 2115 2470 in
2132 2417 2320 2470 'honu-

738 2515 852 2553 rem
881 2499 1025 2555 Solis
1063 2512 1117 2555 rt
1144 2512 1376 2571 quatuor
1423 2504 1819 2559 elementorum
1876 2506 2132 2561 instituit.
2182 2507 2320 2562 Cum

734 2606 803 2644 ne
828 2592 928 2645 hac
962 2592 1181 2660 quidem
1202 2594 1413 2648 ratione
1437 2603 1613 2648 motus
1646 2596 1834 2650 urbani
1862 2597 2038 2651 sedari
2074 2608 2317 2667 possent,

736 2691 1124 2750 percunctatus
1157 2694 1240 2736 est
1268 2685 1549 2737 oraculum
1588 2701 1834 2754 quaenam
1871 2687 2065 2740 horum
2110 2690 2322 2743 tumul-

738 2782 891 2827 tuum
945 2789 1109 2827 causa
1144 2774 1306 2828 foret.
1362 2776 1732 2844 Responsum.
1791 2777 1847 2830 ni
1879 2777 2101 2832 fratrem
2136 2794 2323 2834 secum

736 2864 930 2919 eodem
965 2865 1108 2920 solio
1144 2867 1370 2928 locaret,
1407 2868 1598 2920 urbem
1632 2868 1858 2922 minime
1884 2870 2324 2937 conquieturam,

738 2957 1080 3025 Quapropter
1117 2973 1285 3013 aureo
1310 2958 1499 3012 fratris
1533 2959 1830 3013 simulacro
1857 2958 2018 3023 facto,
2058 2961 2110 3014 id
2148 2962 2327 3029 ipsum

738 3047 876 3101 solio
907 3063 1029 3114 suo,
1066 3050 1281 3117 quoties
1312 3066 1414 3118 pro
1435 3050 1710 3105 oribunali
1747 3051 1984 3117 sederet,
2026 3054 2254 3122 recepit.

813 3136 935 3203 Quo
982 3149 1225 3209 tempore
1253 3140 1395 3195 filius
1446 3142 1766 3195 Artaxerxis
1795 3141 1980 3196 Ochus
2036 3142 2328 3213 Egyptum
2358 3166 2401 3224 ο

739 3230 1052 3298 occupavit,
1090 3246 1182 3284 rex
1209 3230 1499 3301 Egyptius
1521 3231 1838 3286 Nectenabo
1870 3242 2025 3287 veste
2076 3249 2332 3290 commu-

748 3331 888 3383 tata,
918 3320 970 3373 in
1018 3318 1391 3375 Macedonian:
1414 3322 1639 3392 aufugit,
1663 3338 1786 3377 cum
1823 3332 1984 3378 antea
2019 3341 2114 3393 per
2145 3327 2338 3380 vatici-

744 3412 1048 3475 nationem,
1080 3426 1201 3480 qua':
1227 3412 1368 3481 pelvi
1388 3412 1527 3466 solet
1552 3412 1691 3475 ﬁeri,
1716 3412 1961 3467 futurum
1992 3417 2339 3485 cognovisset

746 3510 804 3556 ut
832 3500 1097 3572 Egyptus
1127 3502 1179 3556 in
1206 3504 1443 3556 hostium
1474 3512 1796 3573 poteStatem
1828 3505 2072 3569 veniret;
2106 3523 2340 3576 cumque

748 3609 845 3662 per
885 3593 1145 3664 quasdam
1180 3595 1489 3664 praestigias
1534 3592 1785 3665 Philippo
1812 3597 1921 3665 regi
1954 3606 2008 3650 et
2039 3596 2341 3668 Olympiadi

746 3685 959 3755 σου]υεί
981 3686 1097 3754 ejus
1114 3686 1700 3751 innotuisset,joccultis
1719 3687 2207 3743 machinationibus
2229 3691 2342 3743 fur-

750 3776 916 3830 tivam
946 3791 1067 3831 cum
1094 3792 1156 3831 ea
1190 3778 1643 3833 consuetudinem
1671 3779 1862 3834 habuit
1897 3792 1953 3834 et
1972 3781 2342 3836 Alexandrum

752 3872 1081 3939 procreavit.
1130 3870 1413 3941 Philippus
1468 3871 1826 3927 Macedonum
1886 3889 2055 3943 regno
2110 3876 2340 3943 potitus.

752 3958 1031 4017 Thessalia
1066 3964 1294 4033 imperio
1342 3964 1579 4034 adjecta,
1614 3965 1806 4019 urbem
1848 3965 1900 4018 in
1954 3981 2019 4020 ea
2075 3967 2342 4033 condidit,

755 4066 919 4120 quam
948 4052 1401 4109 Thessalonicam
1424 4054 1741 4124 appellavit.
1796 4056 1859 4111 Ei
1892 4058 2163 4113 successit
2219 4059 2347 4115 Ale-

757 4142 985 4208 xander,
1034 4145 1127 4211 qui
1182 4159 1307 4198 cum
1364 4144 1629 4199 adversus
1688 4145 1883 4201 Persas
1940 4158 2105 4218 atque
2162 4150 2347 4206 Medos

756 4234 1163 4302 expeditionem
1211 4236 1567 4305 suscepisset,
1618 4252 1647 4290 a
1676 4236 1880 4293 Iudaeis
1915 4240 2072 4308 petiit
2133 4250 2195 4296 ut
2238 4243 2345 4297 sibi

758 4323 941 4390 copias
994 4324 1293 4379 auxiliares
1356 4328 1661 4381 mitterent.
1716 4328 1794 4383 Re
1845 4344 1955 4383 non
2028 4331 2342 4400 impetrata,

758 4414 902 4481 quod
936 4414 1012 4466 illi
1042 4415 1289 4469 dicerent
1320 4431 1377 4470 se
1405 4415 1566 4470 Dario
1602 4417 1808 4473 findere
1843 4420 2169 4489 conjunctos
2198 4437 2342 4490 esse,

2403 610 2708 669 τείναντος,
2743 607 2837 656 καὶ
2863 604 2973 656 τῶν
3001 602 3302 656 ἀντιθέτων
3330 600 3515 651 ῖππων
3538 597 3618 659 είς
3644 596 3825 664 φυγὴν
3853 612 3978 663 τρα-

2408 701 2639 762 πέντων,
2693 699 2978 765 κρατεῖται
3038 676 3135 762 μὲν
3192 694 3220 743 6
3277 693 3534 759 Κροῖσος,
3594 687 3874 740 ἀπώλοντο
3927 686 3990 738 δὲ

2406 791 2649 859 χιλιάδες
2677 788 2723 841 υ¹
2743 807 2757 821 ο
2787 788 2911 840 οὐδὲ
2948 786 3056 855 γὰρ
3079 787 3273 853 ,ἴσχυον
3303 782 3666 850 ἁντιπερᾶσαι
3698 780 3791 832 τὸν
3820 796 3990 831 ποτα-

2411 883 2511 951 μὸν
2547 883 2653 950 πλη
2666 898 2780 948 μμυ
2790 879 3007 947 ροῦντα.

2479 976 2631 1027 Μετὰ
2656 974 2715 1025 δὲ
2749 973 2931 1039 Κῦρον
2962 971 3187 1038 Δαρεῖος
3212 969 3239 1019 6
3266 968 3383 1030 υἱὸς
3408 964 3597 1025 αὐτοῦ,
3631 960 3752 1015 εἶτα
3793 962 3850 1013 Ἀ
3863 976 3993 1017 οτα-

2412 1062 2626 1133 ξέρξης,
2661 1065 2745 1130 ἐφ’
2771 1056 2831 1115 οὗ
2848 1058 2917 1131 ἦν
2944 1079 3029 1123 τις
3059 1059 3320 1127 ὲνΊταλία
3340 1059 3566 1126 ὀνόματι
3598 1056 3801 1115 Πὰλας.
3825 1046 3997 1111 Οὗτος

2412 1155 2605 1213 κτίσας
2641 1150 2792 1205 οἷκον
2822 1152 3090 1204 Παλάτιον
3124 1150 3432 1217 ὠνόμασεν,
3472 1146 3596 1201 ὅθεν
3624 1148 3683 1198 τὸ
3712 1143 3996 1213 βασιλικὸν

2411 1244 2836 1310 κατοικητήριον
2878 1241 3143 1292 παλάτιον
3170 1240 3414 1306 λέγεται.
3469 1239 3576 1289 Καὶ
3605 1241 3633 1289 6
3678 1234 3779 1304 μὲν
3814 1233 4000 1302 Γεῶρ-

2413 1352 2531 1401 γιος
2556 1334 2751 1395 οὕτως.
2785 1334 2812 1384 6
2844 1334 2899 1385 δὲ
2944 1334 3206 1400 Ζωναρᾶς
3262 1331 3392 1397 περὶ
3437 1328 3629 1381 τούτου
3682 1327 3778 1379 καὶ
3832 1326 3996 1377 τάδε·

2420 1445 2439 1477 ι
2491 1427 2555 1478 Ἦ
2586 1426 2644 1478 δὲ
2676 1424 2786 1477 τῶν
2821 1425 3239 1492 αὐτοκρατόρων
3286 1421 3543 1475 κατοικία
3573 1422 3838 1473 παλατιον
3865 1419 3999 1470 ὠνο-

2419 1518 2626 1588 μάσθη,
2668 1520 2751 1571 ὅτι
2786 1520 2842 1570 ὲν
2882 1518 3001 1587 ὄρει
3056 1518 3134 1586 τῷ
3190 1516 3507 1584 καλουμένῳ
3547 1513 3822 1581 Παλατίῳ,
3869 1513 3929 1563 ἑν

2416 1612 2755 1673 Φαυστοῦλος
2792 1612 2977 1679 διῆγεν
3020 1613 3049 1664 6
3098 1610 3189 1663 τὸν
3229 1607 3514 1677 Ῥωμύλον
3571 1605 3937 1674 θρεψὰςιενος,
3973 1606 4002 1655 6

2419 1704 2637 1771 Καῖσαρ
2664 1702 2821 1772 ᾤκει,
2849 1703 2944 1754 καὶ
2974 1701 3063 1752 διὰ
3091 1701 3272 1762 τοῦτο,
3302 1700 3403 1750 κᾶν
3438 1694 3673 1764 ἀλλαχοῦ
3703 1711 3804 1745 που
3839 1710 4005 1745 κατα-

2421 1795 2545 1864 λύη,
2577 1796 2676 1862 τὴν
2725 1795 2820 1847 τοῦ
2882 1792 3146 1847 παλατίου
3189 1792 3383 1857 κλῆσιν
3418 1791 3447 1857 ἡ
3491 1787 3788 1855 καταγωγὴ
3838 1783 4003 1836 αὑτοῦ

2414 1885 2552 1953 ἔχει.
2593 1904 2611 1935 ι
2649 1885 2804 1938 Μετὰ
2830 1885 2886 1936 δὲ
2917 1883 3090 1937 ταῦτα
3128 1881 3343 1949 Ῥῶμος
3380 1880 3407 1931 6
3434 1878 3625 1939 κτίσας
3654 1877 3753 1944 τὴν
3786 1873 4005 1943 Ῥώμην

2415 1978 2511 2031 καὶ
2549 1977 2759 2045 Ῥῆμος
2793 1978 2821 2028 6
2849 1976 3075 2043 ἀδελφὸς
3112 1974 3300 2029 αὐτοῦ.
3332 1967 3493 2027 Οὗτοι
3540 1971 3828 2030 κτίσαντες
3874 1968 4003 2018 ναὸν

2414 2070 2493 2137 τῷ
2558 2071 2642 2122 Διὶ
2703 2069 3057 2123 Καπετώλιον
3113 2067 3333 2136 Ῥώμης
3383 2065 3697 2132 ὠνόμασαν,
3756 2060 4008 2113 τουτέστι

2416 2161 2664 2229 κεφαλὴν
2702 2159 2801 2227 τῆς
2834 2160 3062 2219 πόλεως.
3106 2158 3166 2208 '0
3195 2157 3380 2225 μέντοι
3422 2153 3634 2219 Ῥῶμος
3657 2150 3749 2202 τὸν
3784 2150 3994 2217 Ῥἦμον

2418 2249 2708 2316 φονεύσα;,
2743 2249 2835 2301 καὶ
2863 2249 2953 2301 τὸν
2979 2248 3150 2317 δῆμον
3178 2245 3321 2316 ὁρῶν
3372 2245 3753 2307 στασιάζοντα,
3792 2240 4007 2310 πρῶτος

2422 2341 2646 2395 ἱππικὸν
2668 2340 2996 2393 ἀπετέλεσεν
3022 2341 3101 2402 είς
3127 2339 3296 2407 τιμὴν
3321 2337 3417 2389 τοῦ
3440 2336 3593 2406 ἡλίου
3624 2333 3850 2387 καὶτῶν
3887 2349 4009 2384 τεσ-

2423 2433 2606 2501 σάρων
2638 2432 2943 2498 στοιχείων.
2991 2428 3154 2481 Ἀλλὰ
3183 2428 3279 2479 καὶ
3310 2424 3483 2488 οὕτως
3515 2426 3549 2495 ἡ
3590 2424 3743 2485 πόλις
3776 2420 4011 2490 ἐταράσ-

2425 2540 2565 2577 σετο.
2600 2521 2919 2590 Ἑρωτήσας
2946 2519 3040 2573 οὖν
3063 2520 3141 2583 είς
3172 2519 3234 2571 τὺ
3257 2519 3512 2586 μαντεῖον
3537 2514 3627 2568 διὰ
3656 2515 3710 2567 τί
3740 2515 3799 2575 ἐς
3817 2510 4011 2564 τοσού-

2424 2630 2516 2666 τον
2544 2614 2577 2681 ἠ
2616 2612 2767 2673 πόλις
2797 2612 3025 2673 σείεται,
3047 2612 3282 2681 ἦκουσεν
3305 2623 3321 2640 ο
3356 2627 3377 2658 ι
3417 2606 3479 2659 El.
3514 2607 3588 2675 μὴ
3627 2604 3951 2671 συγκαθίσει
3985 2606 4014 2655 6

2427 2704 2655 2771 ἀδελφός
2714 2720 2809 2756 σου
2867 2703 3009 2770 μετὰ
3039 2702 3152 2758 σοῦ.
3187 2702 3286 2753 οὐκ
3316 2702 3382 2752 ἂν
3404 2702 3438 2765 ἡ
3464 2699 3619 2759 πόλις
3651 2697 3948 2766 ἠρεμήσει.
3993 2714 4013 2745 ι

2439 2795 2774 2861 Ἐντύπωμα
2797 2794 3031 2860 ποιήσας
3057 2790 3149 2843 τοῦ
3165 2790 3394 2859 ἀδελφοῦ
3420 2788 3660 2859 χρυσοῦν
3694 2786 4021 2849 συνεκάθιζε

2440 2886 2557 2957 μετ’
2591 2886 2758 2941 αὐτοῦ
2791 2886 2886 2938 καὶ
2920 2885 3259 2953 συνέκρινεν.

2515 3143 2653 3196 Ὅτε
2694 3146 2721 3195 6
2747 3140 2843 3194 τοῦ
2881 3142 3245 3213 Ἀρταξέρξου
3271 3141 3386 3204 υἱὸς
3416 3137 3585 3211 Ὦχος
3615 3145 3716 3213 τὴν
3750 3142 4029 3210 Αἴγυπτον

2442 3238 2733 3306 κατέσχεν,
2768 3239 2795 3289 6
2822 3237 3074 3306 βασιλεὺς
3106 3237 3278 3305 αὐτῆς
3302 3236 3633 3288 Νεκτεναῦὼ
3667 3236 3906 3302 ἀλλάξας
3930 3237 4030 3306 τὴν

2440 3329 2645 3399 ἐσθῆτα
2668 3330 2873 3397 ἔφυγεν
2898 3330 2979 3388 είς
3019 3328 3385 3392 Μακεδονίαν,
3430 3328 3519 3380 διὰ
3566 3327 4032 3396 λεκανομαντείας

2441 3420 2715 3487 προγνοὺς
2760 3418 2859 3486 τὴν
2914 3417 3196 3484 Αἰγύπτου
3246 3418 3601 3487 κατάσχεσιν,
3658 3420 3752 3470 καὶ
3808 3418 3897 3470 διὰ
3936 3418 4033 3479 τὰς

2443 3508 2607 3561 αὑτοῦ
2634 3509 2975 3578 μαγγανείας
3004 3508 3284 3577 γνώριμος
3314 3509 3526 3575 γίνεται
3554 3507 3812 3577 Φιλίππῳ
3842 3510 3935 3561 καὶ
3963 3512 4033 3576 τῇ

2443 3599 2664 3666 γυναικὶ
2702 3598 2868 3651 αὐτοῦ
2907 3597 3251 3667 Ὀλυμπιάδι,
3399 3598 3494 3651 καὶ
3554 3598 3891 3667 μιγνύμενος
3943 3599 4038 3651 διὰ

2448 3688 2707 3759 μηχανῶν
2740 3688 2895 3741 ἔτεκε
2918 3688 3011 3741 τὸν
3038 3687 3414 3756 Ἀλέξανδρον.
3454 3689 3517 3742 '0
3553 3689 3737 3757 μέντοι
3767 3690 4040 3752 ⁴ιδίλιππος

2445 3779 2791 3843 Μακεδονίας
2848 3779 3185 3847 βασιλεύσας
3247 3780 3343 3833 καὶ
3399 3779 3706 3832 Θεσσαλίαν
3758 3780 4039 3846 ὑποτάξας

2446 3870 2603 3924 πόλιν
2638 3872 2699 3924 ἐν
2737 3872 2875 3938 αὐτῇ
2905 3870 3078 3933 κτίζει
3110 3871 3205 3926 καὶ
3238 3870 3644 3940 Θεσσαλονίκην
3676 3870 3853 3924 καλεῖ.
3881 3872 4040 3925 Μετὰ

2446 3961 2636 4015 τοῦτον
2673 3962 3044 4032 ’Δὶέξανδρος.
3073 3961 3207 4014 "Ore
3241 3960 3426 4015 τοίνυν
3454 3955 3611 4024 οὗτος
3637 3962 3782 4015 κατὰ
3810 3964 4043 4033 Περσῶν

2447 4054 2541 4107 καὶ
2599 4055 2802 4122 Μήδων
2864 4053 3117 4123 ὥρμησε,
3177 4053 3503 4124 συμμαχίαν
3556 4052 3686 4114 τοὺς
3749 4054 4041 4115 Ἰουδαίους

2448 4144 2708 4215 ἐζήτησε.
2740 4145 2849 4198 Καὶ
2900 4145 2976 4215 μὴ
3008 4143 3189 4197 λαϐὼν
3225 4144 3526 4213 (συνθήκας
3570 4143 3680 4213 γὰρ
3727 4140 3876 4212 εἶχον
3904 4145 4044 4213 πρὸς

2447 4239 2669 4307 Δαρεῖον
2728 4236 2802 4305 μὴ
2860 4236 3117 4304 πολεμεῖν
3151 4236 3339 4303 αὐτὸν)
3372 4237 3533 4307 ἐπῄει
3573 4236 3697 4288 κατ’
3740 4237 3946 4290 αὐτῶν.
3986 4238 4046 4287 Ὅ

2448 4328 2578 4396 γοῦν
2605 4328 2898 4397 ἀρχιερεὺς
2930 4327 3067 4396 πρὸς
3100 4326 3366 4396 ἔκπληξιν
3399 4327 3499 4393 τὴν
3528 4328 3856 4396 θαυμαστὴν
3898 4327 4047 4379 ἐκεί-

2450 4435 2546 4485 νην
2592 4417 2784 4488 στολὴν
2829 4417 3194 4482 ἐνδυσάμενος
3240 4417 3317 4486 τῷ
3361 4415 3698 4486 Ἀλεξάνδρῳ
3735 4416 4044 4486 ὑπήντησε.

761 4518 868 4571 quo
908 4504 1371 4558 contiuereturne
1407 4506 1609 4559 bellum
1651 4507 1913 4561 adversus
1953 4509 2130 4576 ipsum
2185 4527 2331 4578 gere-

2447 4510 2555 4562 Καὶ
2594 4510 2653 4571 ὃς
2683 4509 3008 4577 ἐκπλαγεὶς,
3058 4508 3361 4562 κάντεῦθεν
3409 4508 3505 4561 τοῦ
3552 4509 3722 4561 ἵππου
3770 4507 4043 4570 καταϐὰς,

766 4605 907 4659 rent,
942 4598 1088 4649 recta
1118 4598 1169 4649 in
1201 4612 1296 4651 eos
1356 4612 1480 4651 cum
1540 4600 1785 4653 exercitu
1844 4602 2151 4655 contendit.
2207 4602 2344 4657 Tum

765 4695 897 4739 vero
928 4684 1169 4749 pontifex
1203 4687 1475 4740 maximus
1502 4687 1727 4740 terroris
1757 4704 1921 4741 causa
1956 4699 2161 4747 vestem
2200 4691 2344 4745 illaut

764 4775 1141 4829 admirandam
1176 4776 1400 4831 indutus
1430 4776 1673 4830 occurrit
1725 4779 2071 4845 Alexandro;
2117 4782 2207 4850 qui
2238 4781 2348 4835 for-

772 4870 978 4925 midine
1010 4872 1295 4939 perculsus
1339 4880 1393 4925 ct
1430 4887 1495 4924 ex
1550 4886 1692 4938 equo
1755 4873 2011 4939 delapsus
2072 4874 2135 4927 ad
2188 4876 2352 4942 pedes

771 4964 1037 5033 pontificis
1065 4964 1282 5019 aecidit.
1327 4964 1403 5017 Ad
1426 4962 1566 5015 hanc
1594 4977 1706 5015 rein
1741 4979 1863 5015 cum
1902 4964 2152 5018 homines
2172 4976 2355 5019 extra-

2450 4600 2529 4669 τῷ
2578 4601 2829 4671 ἀρχιερεῖ
2860 4602 3196 4671 προσέπεσε.
3234 4600 3357 4654 Τῶν
3408 4600 3543 4666 γοῦν
3590 4599 3907 4667 ἀλλοφύλων
3956 4601 4037 4651 bro

2456 4693 2773 4758 πλαγέντων
2796 4693 2931 4761 ἔφη’
2973 4711 2992 4744 ‹
3027 4692 3101 4744 Ού
3136 4693 3227 4744 τὸν
3273 4692 3422 4761 ἱερέα
3444 4691 3757 4760 προσκυνῶ,
3791 4690 3937 4743 ἀλλὰ
3960 4690 4051 4743 τὸν

2458 4784 2551 4836 ὑπ’
2578 4783 2744 4837 αὐτοῦ
2790 4783 3105 4852 τιμώμενον
3154 4784 3326 4835 Θεόν·
3366 4782 3598 4852 τοιούτῳ
3638 4783 3749 4853 γὰρ
3800 4784 4051 4851 σχήματι

2460 4877 2555 4929 καὶ
2584 4876 2675 4927 τδν
2705 4876 2839 4928 Θείαν
2872 4871 3016 4929 εἶδον
3056 4876 3199 4928 κατὰ
3242 4875 3467 4943 Περσῶν
3503 4874 3853 4946 θαρρύναπά
3885 4890 3985 4941 με.
4027 4888 4048 4922 ι

2464 4968 2586 5036 Ἐφ’
2620 4960 2665 5034 ᾧ
2692 4970 2787 5019 καὶ
2815 4966 3010 5020 θυσίαν
3051 4968 3233 5019 ἐκεῖσε
3272 4965 3350 5033 τῷ
3385 4965 3506 5035 9εῷ
3536 4966 3945 5034 προσήνεγκεν.

771 5056 858 5111 nei
936 5070 1267 5125 magnopere
1328 5056 1808 5123 OIJSlUpCSCl‘I'CIIl,
1856 5056 2137 5126 respondit
2208 5058 2520 5112 Alexander
2594 5074 2703 5113 non
2771 5073 2831 5114 se
2891 5058 3311 5128 congenulando
3370 5057 3717 5113 sacerdotem
3767 5060 4052 5122 venerari,

846 5242 960 5310 (98)
993 5242 1049 5295 In
1082 5240 1145 5311 F.
1180 5241 1207 5292 ὃ
1238 5241 1300 5306 δὴ
1334 5244 1429 5311 καὶ
1492 5240 1736 5307 γέγονεν.
1792 5243 1899 5294 Καὶ
1959 5242 2100 5295 οὕτω
2155 5242 2358 5311 θάρσος

770 5312 982 5371 ὶκεῖνος
1022 5310 1235 5364 ἓὶαϐεν.
1272 5310 1443 5364 ’Ὅθεν
1478 5312 1573 5362 καὶ
1597 5311 1885 5379 καμήλους
1912 5310 2354 5379 ἔμπροσθεντῆς

772 5380 1136 5451 παρατάξεως
1196 5391 1243 5451 et
1314 5395 1434 5447 qua:
1476 5391 1804 5448 sequuntur,
1852 5383 2071 5435 omissis
2113 5382 2178 5436 iis
2232 5399 2353 5449 qua:

770 5450 1070 5506 οκίιιοειτο
1126 5450 1318 5504 codice
1373 5468 1400 5501 a
1455 5462 1715 5521 quopiam
1774 5467 1839 5503 ex
1892 5452 2119 5520 longiori
2171 5454 2353 5521 aliqua

774 5522 1089 5575 narratione
1126 5520 1384 5587 decerpta
1418 5518 1541 5573 cunt
1573 5518 1725 5571 ’alizs
1758 5518 2079 5574 excudenda
2129 5518 2351 5576 curavi-

774 5608 913 5645 tuus.
948 5589 1148 5643 Verum
1181 5591 1359 5644 omnis
1388 5591 1503 5643 luce
1559 5589 1625 5641 de
1661 5588 1800 5659 Cyro
1839 5602 1893 5644 et
1959 5592 2178 5646 Daniele
2231 5610 2353 5646 nar-

775 5668 912 5715 ratio
948 5660 1184 5714 I'JIJIIIalll
1220 5661 1348 5723 olet,
1377 5676 1498 5713 cunt
1527 5659 1803 5731 Babylone
1830 5672 1941 5714 tuin
1966 5665 2105 5731 apud
2133 5664 2346 5717 llariuut

772 5733 854 5785 ille
882 5749 986 5784 .tuu
1026 5732 1078 5784 itt
1117 5732 1291 5797 pretio
1320 5731 1525 5784 viveret
1569 5730 1779 5793 Daniel,
1817 5747 1940 5785 Clllil
1968 5730 2009 5784 ar
2031 5735 2173 5799 Cyro
2195 5734 2347 5785 deri-

774 5813 892 5857 ctus
953 5812 1037 5857 est
1110 5802 1347 5857 Cruss'is.
1431 5802 1565 5866 Quis
1634 5816 1762 5856 vero
1839 5804 1975 5856 ferat
2056 5806 2344 5865 a‘i-mropa-

2465 5246 2588 5296 σίαν
2664 5244 2831 5298 Siculi
2896 5245 3092 5307 nostri,
3158 5245 3252 5313 qui
3293 5243 3432 5313 Cyro
3486 5242 3656 5296 filium
3711 5242 3942 5296 Darium
3993 5258 4053 5297 ac

2464 5329 2860 5374 SIICCCSSOH'III,
2922 5315 3080 5367 Dario
3132 5330 3263 5368 vero
3321 5313 3680 5383 Artaxerxem
3737 5313 4050 5383 subjiciat:

2464 5400 2638 5450 coque
2677 5393 2942 5453 regnante
2968 5385 3021 5438 in
3062 5384 3215 5438 Italia
3244 5386 3444 5438 vixisse
3490 5381 3803 5436 Palautem.
3848 5381 3882 5437 a
3946 5399 4052 5452 quo

2462 5454 2668 5507 dictum
2698 5454 3061 5507 sitPalatiuin
3102 5473 3115 5508 :
3168 5470 3292 5508 cum
3342 5453 3599 5507 ducentis
3652 5469 3716 5508 ac
3770 5456 4053 5520 quinqua-

2460 5526 2607 5593 ginta
2641 5533 2768 5577 ante
2802 5523 3025 5577 Darium
3058 5533 3111 5577 et
3158 5526 3518 5577 Artaxerxem
3556 5525 3717 5575 annis
3775 5523 4053 5577 Romulus

2459 5592 2681 5652 vixerit,
2722 5604 2779 5648 et
2810 5594 2985 5648 Pallas
3039 5594 3275 5647 Evandri
3332 5594 3477 5647 (ilius
3530 5593 3597 5646 ad
3662 5592 3857 5647 [lineae
3920 5606 4056 5646 tent-

2460 5680 2589 5787 polra
2625 5664 2953 5719 referendus
3011 5667 3102 5732 sit,
3157 5667 3367 5735 aliquot
3411 5672 3540 5718 ante
3591 5663 3897 5718 [tumulum
3953 5679 4051 5717 sw-

2460 5751 2617 5787 cuts.

2458 5751 2617 5791 ιςιιιιέ.
