4204 6450
182 364 279 427 277

1412 374 1807 436 ANNMJUM
1853 379 2043 440 mus
2088 343 2174 443 ιῐξ

3293 393 3400 453 278

182 487 274 539 Sed
324 477 532 539 cul'tum
601 484 669 539 ab
734 500 799 540 eo
850 486 1044 549 Deum,
1105 502 1265 554 quem
1330 488 1594 556 ejusmodi
1648 490 1830 544 habitu
1872 498 2217 562 conspexerit
2258 512 2314 550 se
2351 510 2536 555 contra
2584 502 3154 574 I’crsasinStigantem
3214 516 3267 559 et
3299 509 3423 558 ιιιιὶ-

184 590 440 630 ιιιςιιιιοηι.
469 575 617 630 Hanc
648 578 718 632 ob
746 593 961 633 causam
988 580 1095 633 Deo
1127 593 1342 649 quoque
1370 595 1482 634 rem
1523 596 1736 635 sacram
1780 582 1786 635 l

1858 588 2165 653 erosolvmis
2194 589 2340 643 fecit.

253 664 421 732 Οὗτος
454 669 555 739 μὲν
598 667 692 723 οὖν
731 674 825 725 καὶ
872 675 1018 727 πάνυ
1064 672 1244 739 σοφῶς
1281 672 1376 726 καὶ
1426 674 1786 742 εὐμηχάνωςι

1922 682 2110 747 Itaque
2139 680 2394 750 deinceps
2442 688 2738 751 prudenter
2764 687 3054 741 admodum
3100 703 3162 741 ac
3191 688 3424 742 solcrtcr

183 761 462 829 ἐχειροῦτο
491 763 559 816 τὰ
602 763 815 816 πάντα*
850 764 1267 833 μετενευόμενος
1313 765 1421 833 γὰρ
1462 766 1747 835 εἰσήρχετο

186 852 481 921 πανταχοῦ,
520 852 612 905 καὶ
654 853 1081 906 κατασκοπεύων
1129 854 1298 915 οὕτως
1351 855 1523 909 ἐνίκα.
1583 856 1752 908 Τοῦτο

186 944 331 993 ποιεῖ
362 943 456 993 καὶ
491 942 584 993 ἐπὶ
604 944 670 1012 τῇ
700 944 843 1012 χήρᾳ
873 943 1153 1011 Κανδάκῃ.
1191 943 1330 995 Ἀλλ’
1362 944 1537 997 ἑάλω·
1565 944 1748 1013 εκείνη

185 1031 295 1099 γὰρ
318 1030 385 1082 τά
431 1033 749 1101 συστήματα
780 1031 947 1085 αὐτοῦ
981 1034 1228 1102 μαθοῦσα
1272 1030 1360 1104 (ἦν
1400 1036 1507 1104 γὰρ
1537 1036 1627 1087 τὸν
1657 1036 1752 1102 μὲν

184 1121 295 1175 τῶν
326 1122 617 1191 ὀφθαλμῶν
649 1123 908 1191 γλαυκὸς,
929 1125 1021 1177 τὸν
1050 1125 1105 1178 δὲ
1140 1124 1327 1194 μέλας)
1361 1125 1477 1193 ἅμα
1506 1126 1584 1190 τῷ
1627 1127 1754 1179 ίδεῖν

187 1213 351 1265 αὑτὸν
382 1208 532 1265 εἴπεο
562 1232 579 1265 ι
611 1213 838 1265 Βασιλεῦ
856 1213 1191 1283 Ἀλέξανδρε,
1215 1214 1305 1265 τὸν
1325 1213 1528 1280 κόσμον
1543 1214 1751 1278 ἔλαϐες.

186 1308 285 1358 καὶ
332 1306 466 1375 γυνή
509 1323 567 1356 σε
607 1306 938 1375 παρέλαϐεν.
972 1324 991 1357 ι
1026 1308 1130 1359 Ἦν
1164 1306 1257 1359 καὶ
1303 1305 1487 1360 λαϐὼν
1530 1309 1609 1369 είς
1652 1323 1753 1367 γυ-

188 1400 370 1458 ναῖκα,
402 1399 496 1450 καὶ
529 1400 608 1460 είς
632 1398 906 1464 Αἴγυπτον
934 1397 1214 1469 ἀπελθὼν,
1247 1400 1343 1451 καὶ
1381 1400 1478 1469 τὴν
1511 1398 1755 1466 μεγάλην

202 1488 610 1559 ’Λλεξάνδρειαν
640 1490 851 1553 κτίσας.
909 1491 1005 1544 καὶ
1056 1492 1410 1561 ὑποστρέψας
1447 1492 1529 1554 είς
1578 1492 1755 1544 Βιθυ-

188 1579 360 1642 λῶνα,
389 1580 613 1651 τελευτᾷ
644 1581 782 1633 ἑτῶν
806 1580 907 1650 λβθ,
942 1582 1152 1635 δώδεκα
1178 1582 1270 1635 καὶ
1309 1584 1444 1651 μόνα
1470 1583 1758 1651 κρατήσας

189 1672 313 1739 ἐτη,
344 1671 756 1741 φρονιμώτατος
806 1674 1024 1727 πάντων
1075 1673 1173 1725 καὶ
1234 1673 1628 1742 ἀνδρειότατος.
1660 1673 1758 1726 Διά

191 1760 301 1829 γὰρ
341 1760 497 1813 τοῦτο
548 1762 642 1813 καὶ
675 1761 883 1831 πτηνην
914 1762 1079 1814 αὐτὸν
1126 1761 1391 1831 πάρδαλιν
1419 1763 1446 1814 ό
1474 1762 1759 1831 προφήτης

190 1851 437 1918 προεῖδε.
474 1850 535 1903 τὸ
569 1852 820 1920 ῥαγδαῖον
850 1851 1010 1904 αὑτοῦ
1040 1853 1132 1904 καὶ
1168 1852 1260 1916 ὀξὺ
1298 1852 1620 1920 παριστῶσα
1664 1851 1759 1903 xai.

188 1943 255 1996 τδ
282 1942 437 2011 ἄφνω
483 1944 772 2014 διαπτῆναι
825 1944 961 2012 μετά
982 1945 1258 2015 τροπαίων
1283 1944 1381 2014 τὴν
1408 1945 1755 2013 οἰκουμένην.

190 2038 431 2103 Λέγεται
462 2036 517 2089 δὲ
551 2037 632 2090 ὅτι
671 2038 765 2089 καὶ
795 2035 1086 2103 φιλοσόφου
1126 2034 1273 2097 τινὸς
1321 2034 1553 2103 ήκουσεν
1582 2033 1761 2086 είπόν-

188 2145 289 2189 τος
340 2126 602 2195 ἀπείρους
658 2121 797 2178 εἶναι
855 2127 1113 2193 κόσμους,
1160 2125 1254 2176 καὶ⁵
1315 2124 1457 2190 μέγα
1507 2121 1768 2185 στενάξας

198 2220 311 2285 ἔφη
335 2234 351 2247 ·
381 2236 399 2268 ι
421 2217 692 2284 Ἀπείρων
733 2215 902 2268 ὄντων
953 2212 1175 2284 μηδενὸς
1199 2211 1310 2280 ἐγὼ
1357 2212 1695 2280 κεκράτηκα.
1744 2228 1762 2261 ι

210 2310 376 2363 Ἀλλά
425 2310 518 2361 καὶ
575 2310 663 2360 ἐπὶ
704 2307 1023 2377 σωφροσύνῃ
1082 2305 1458 2373 ἐθαυμάζετο·
1514 2304 1610 2365 τὰς
1661 2304 1770 2371 γὰρ

193 2400 426 2472 Δαρείου
494 2399 804 2468 θυγατέρας
861 2396 1245 2466 αἰχμαλώτους
1307 2394 1591 2465 κρατήσας
1647 2393 1768 2445 οὐδὲ

197 2494 331 2547 ἰδεῖν
391 2491 672 2561 ἠνέσχετο,
732 2490 977 2559 ἀπρεπὲς
1035 2488 1174 2542 εἶναι
1224 2488 1395 2540 εἰπὼν
1442 2488 1532 2539 τὸν
1570 2485 1767 2554 ἄνδρας

196 2585 557 2654 κρατήσαντα
603 2582 706 2636 ὑπὸ
762 2581 1042 2649 γυναικῶν
1085 2579 1446 2649 κρατηθῆναι.
1494 2579 1768 2640 Ὡσαύτως

192 2677 259 2727 δὲ
291 2677 386 2729 καὶ
423 2676 518 2729 ἐπὶ
557 2674 849 2744 φιλοσοφία
886 2673 980 2726 καὶ
1025 2672 1312 2741 ἀγχινοίᾳ·
1356 2670 1434 2740 τῷ
1469 2671 1577 2741 γὰρ
1620 2671 1770 2738 Ἀρι-

197 2768 449 2820 στοτέλει
505 2764 981 2836 παρηκολούθησε.
1045 2760 1503 2825 Πολεμικώτατος
1560 2759 1617 2812 δὲ
1683 2758 1777 2809 καὶ

192 2859 604 2927 τολμηρότατος
632 2856 728 2921 ὢν,
759 2860 853 2908 καὶ
892 2854 1015 2907 ἰδὼν
1057 2855 1349 2922 ὁμώνυμον
1390 2850 1539 2920 αὐτῷ
1599 2849 1775 2928 νεανία

133 3015 140 3020 _
196 2967 337 3003 σκον
364 2950 484 3004 τινά
523 2949 712 3020 δειλῶς
736 2949 1062 3017 μαχόμενον,
1091 2940 1242 2998 εἶπεν
1263 2960 1280 2977 ο
1310 2960 1331 2996 ¢
1363 2944 1433 2995 Ἠ
1455 2940 1545 2996 τὸν
1576 2941 1777 3011 τρόπον

196 3040 434 3105 ἄλὶαξον
464 3041 497 3111 ἦ
522 3041 619 3108 τὴν
646 3019 867 3109 κλῆσιν.
905 3056 924 3091 ι

1854 772 2135 835 occupavit
2163 771 2378 835 omnia;
2411 788 2537 826 nam
2572 786 2722 828 veste
2764 784 2972 830 mutata
3031 792 3089 831 se
3119 780 3325 846 quasvis
3356 779 3422 831 ad

1853 858 1968 911 loca
1997 860 2335 925 conferebat,
2373 875 2419 917 et
2443 866 2657 919 eunetis
2679 867 2978 935 exploratis
3014 868 3243 921 victoria
3278 869 3423 922 facili

1854 950 2179 1015 potiebatur.
2209 950 2408 1005 Eadem
2435 964 2551 1007 arte
2587 955 2877 1010 Candacen
2914 958 3133 1010 viduam
3169 973 3426 1028 egressu-

1854 1054 1948 1091 rus
1972 1038 2305 1107 interceptus
2328 1051 2446 1105 est;
2478 1058 2599 1096 nam
2626 1060 2747 1097 cum
2787 1059 2849 1099 ea
2888 1055 3044 1100 notas
3074 1048 3244 1115 ipsius
3283 1048 3427 1100 indi-

1856 1128 2047 1196 ciaque
2111 1132 2377 1184 naturalia
2428 1134 2781 1202 percepisset,
2825 1137 2968 1204 quod
3026 1137 3163 1190 alter
3221 1138 3430 1191 scilicet

1856 1218 2049 1269 oculus
2069 1218 2125 1271 ei
2156 1219 2418 1273 cazruleus
2441 1220 2576 1272 alter
2605 1221 2757 1289 niger
2803 1233 2967 1283 esset,
3018 1224 3180 1277 simul
3208 1240 3270 1278 ac
3302 1239 3425 1276 eum

1858 1306 2050 1360 intuita
2090 1318 2194 1369 est,
2233 1308 2403 1361 dixit:
2449 1327 2467 1360 ε
2497 1309 2750 1364 Mundum
2789 1321 2842 1365 tu
2872 1313 3114 1379 quidem,
3155 1330 3247 1365 rex
3300 1314 3430 1368 Ale-

1856 1397 2084 1460 xander,
2112 1400 2409 1467 occupasti.
2451 1410 2505 1455 at
2538 1410 2588 1456 te
2642 1402 2833 1455 mulier
2854 1406 3016 1471 cepit.
3060 1422 3079 1455 ι
3132 1403 3300 1472 Igitur
3328 1405 3430 1459 hac

1856 1503 2026 1543 uxore
2052 1489 2235 1554 ducta,
2271 1492 2324 1544 in
2354 1492 2640 1562 .-ngptum
2678 1494 2957 1562 prolectus
3004 1510 3254 1565 magnam
3285 1496 3429 1548 illam

1856 1579 2233 1634 Alexandriam
2255 1583 2519 1637 condidit.
2581 1583 2708 1637 Inde
2771 1585 3096 1655 Babylonem
3155 1598 3427 1643 reversus.

1857 1684 2028 1724 annos
2056 1671 2165 1740 jam
2195 1672 2266 1725 32
2308 1681 2489 1735 natus,
2523 1674 2685 1728 rebus
2718 1676 2973 1729 humanis
3007 1675 3247 1736 excedit.
3304 1690 3428 1729 cum

1857 1759 2140 1814 duodecim
2173 1771 2381 1815 tantum
2422 1763 2579 1833 142
2608 1766 3145 1834 annos‘imperassct,
3174 1767 3257 1819 vir
3287 1765 3430 1819 haud

1858 1850 2021 1905 dubie
2055 1853 2490 1922 sapientissimus
2544 1871 2607 1909 ac
2654 1856 2982 1911 fortissimus
3026 1859 3290 1910 onmium.
3350 1855 3434 1909 Id-

1862 1940 2010 1994 circo
2038 1953 2188 1995 vates
2209 1957 2332 1996 eum
2362 1960 2421 1997 se
2476 1949 2829 2014 eonspexisse
2873 1948 3036 2001 tradit
3098 1949 3149 1999 in
3198 1946 3435 2000 volucris

1867 2032 2162 2100 pardalidis
2192 2035 2393 2101 specie,
2419 2035 2607 2090 volens
2626 2038 2729 2091 hoc
2757 2046 2918 2105 pacto
2951 2038 3209 2106 impetum
3263 2045 3316 2090 et
3345 2051 3436 2089 ce-

1868 2122 2134 2176 leritatem
2167 2123 2337 2192 ipsius
2357 2125 2664 2191 ostendere,
2697 2128 2949 2196 quodque
2982 2130 3165 2181 subito
3192 2128 3436 2182 victoriis

1868 2210 1981 2266 suis
2006 2212 2192 2266 orbem
2234 2224 2500 2269 terrarum
2553 2219 2940 2285 pervolat-erit.
2998 2220 3290 2274 Perhibent
3337 2221 3439 2274 ali—

1871 2304 2091 2370 quando
2148 2320 2272 2359 eum
2323 2308 2658 2362 inaudivisse
2690 2310 2767 2363 de
2800 2310 3125 2379 philosopho
3179 2312 3437 2378 quodam,

1871 2397 1960 2462 qui
1995 2397 2226 2451 mundos
2254 2397 2495 2453 infinitos
2515 2414 2637 2455 esse
2664 2401 2888 2455 diceret.
2910 2401 3046 2456 Tum
3072 2418 3199 2456 vero
3231 2403 3437 2472 gemitu

1873 2488 2074 2556 ingenti
2111 2489 2269 2543 edito
2304 2508 2319 2544 :
2363 2508 2380 2540 ι
2410 2490 2582 2553 Itane,
2619 2492 2714 2552 ait,
2751 2492 2943 2547 infiniti
2996 2502 3144 2553 sunt.
3197 2510 3321 2547 eum
3342 2510 3442 2563 ego

1875 2592 1943 2631 ne
1977 2593 2139 2630 unum
2165 2578 2383 2646 quidem
2415 2580 2592 2634 adhuc
2620 2582 2944 2637 devicerim?
2981 2602 2997 2633 ι
3034 2584 3207 2637 Etiam
3230 2586 3443 2653 pudicir

1874 2668 1960 2722 tite
1995 2669 2368 2738 castitatisque
2406 2673 2627 2725 nomine
2654 2688 2902 2742 magnam
2966 2675 3183 2729 laudem
3221 2677 3441 2734 meruit.

1872 2757 2008 2811 Cum
2035 2758 2181 2812 enim
2206 2762 2451 2826 captivas
2504 2760 2649 2815 Darii
2714 2762 2851 2816 ﬁlias
2905 2779 3002 2817 sua
3054 2764 3108 2818 in
3176 2775 3447 2833 potestate

1874 2850 2119 2914 haberet,
2146 2866 2211 2905 ne
2248 2851 2445 2904 intueri
2484 2853 2701 2920 quidem
2731 2868 2823 2906 eas
2846 2855 3038 2918 voluit,
3068 2856 3211 2923 quod
3241 2870 3441 2924 nequa-

1873 2958 2035 3011 quam
2087 2942 2282 2996 decere
2328 2942 2534 2996 diceret
2567 2958 2690 2995 eum
2744 2943 2833 3010 qui
2884 2945 3033 2997 viros
3078 2945 3382 3008 devicisset,
3416 2959 3448 2998 a

1875 3032 2197 3086 mulieribus
2223 3032 2387 3087 vinci.
2427 3031 2755 3101 Non‘miuus
2783 3047 2847 3085 ex
2877 3034 3218 3102 philosophia
3244 3044 3299 3089 et
3318 3049 3450 3089 acu-

196 3134 352 3187 mine
376 3131 574 3201 ingenii
604 3130 787 3185 laudes
809 3129 1037 3198 adeptus
1097 3135 1201 3190 est,
1236 3135 1295 3181 ut
1350 3125 1443 3196 qui
1497 3122 1844 3178 Aristotelem
1880 3122 2214 3187 audivisset;
2263 3135 2498 3191 cumque
2550 3122 2605 3175 in
2639 3121 2836 3190 praeliis
2883 3124 3341 3178 concitatissimus
3393 3133 3451 3179 et

194 3223 600 3277 audacissimus
639 3229 806 3284 esset,
866 3219 1004 3275 forte
1056 3218 1407 3287 conSpicatus
1469 3213 1766 3283 aliquando
1806 3212 2093 3281 quemdam
2163 3211 2562 3266 adolescentem
2627 3211 2729 3265 sibi
2766 3213 3168 3282 cognominem,
3213 3212 3304 3282 qui
3339 3220 3452 3267 tre-

194 3320 331 3391 pide
364 3326 624 3387 pugnaret
654 3330 667 3367 :
702 3333 719 3367 ι
749 3314 847 3370 Vel
881 3314 1135 3379 indolem,
1160 3331 1177 3364 ι
1206 3312 1404 3381 inquit,
1442 3328 1461 3362 ι
1486 3322 1539 3365 et
1554 3309 1795 3363 animum
1837 3308 1980 3362 hunc
2005 3314 2230 3372 mutato,
2270 3307 2351 3361 vel
2375 3322 2593 3362 nomen.
2642 3326 2662 3359 ι

279 3406 448 3474 Οὗτος
483 3411 578 3479 μὲν
612 3410 705 3463 οὖν
745 3408 1100 3480 Ἀλέξανδρος
1130 3408 1226 3461 καὶ
1265 3408 1430 3477 μέχρι
1486 3405 1593 3458 τῶν
1637 3405 1783 3457 ἐνδο-

1952 3403 2085 3457 Cum
2111 3406 2176 3457 ad
2220 3402 2380 3458 Indos
2431 3414 2705 3458 extremos
2767 3406 3051 3473 ipsumque
3090 3405 3363 3459 Oceanum
3397 3415 3455 3461 et

195 3506 385 3558 τὰτων
425 3502 603 3555 Ἰνδῶν
636 3501 726 3554 καὶ
755 3498 922 3552 αὑτοῦ
958 3498 1051 3551 τοῦ
1081 3496 1330 3551 ὠκεανοῦ
1362 3497 1455 3549 καὶ
1486 3496 1587 3563 τῆς
1622 3493 1779 3563 μεγί-

202 3611 347 3665 στης
379 3597 542 3661 νήσου
583 3592 692 3644 τῶν
748 3589 1093 3660 Βραχμάνων
1156 3587 1392 3656 φθάσας,
1434 3580 1509 3639 ὧν
1547 3585 1640 3638 καὶ
1690 3584 1781 3637 τὸν

200 3684 517 3754 θαυμάσιον
575 3683 691 3751 βίον
736 3680 1021 3750 θαυμάσας
1065 3679 1157 3732 καὶ
1190 3677 1289 3749 τὴν
1338 3677 1418 3737 εἰς
1461 3675 1595 3727 Θεὸν
1626 3674 1781 3726 εὐσέ-

202 3777 369 3828 ϐειάν
401 3791 461 3826 τε
516 3773 613 3825 καὶ
645 3771 902 3841 λατρείαν
936 3768 1235 3835 ἐξεπλάγη,
1273 3767 1331 3818 εν
1382 3758 1426 3831 ᾧ
1482 3764 1633 3833 τόπῳ
1691 3762 1784 3815 καὶ

205 3864 421 3933 στήλην
461 3862 665 3931 στήσας
699 3858 1050 3928 ὑπέγραψενο
1090 3875 1109 3908 ι
1160 3855 1303 3923 Ἐγὼ
1335 3858 1504 3926 μέγας
1528 3855 1783 3919 Ἀλέξανο

202 3956 345 4025 apo;
384 3953 636 4023 βασιλεὺς
676 3952 886 4019 ἔφθασα
937 3950 1099 4020 μέχρι
1141 3950 1355 4001 τούτου.
1396 3966 1414 3999 ι
1463 3947 1549 3999 Ἐν
1604 3944 1785 4013 ἐκείνῃ

196 4052 277 4117 τῇ
308 4050 459 4117 νήσῳ
494 4044 845 4099 κατοικοῦσιν
866 4046 915 4096 οἱ
954 4043 1237 4110 λεγόμενοι
1271 4039 1576 4109 θὶακρόόιοι
1600 4056 1614 4069 ·
1650 4037 1785 4101 ζῶσι

197 4138 323 4204 γὰρ
359 4132 538 4185 αὐτῶν
568 4133 620 4185 οί
657 4131 873 4192 πλείους
895 4130 1022 4199 περὶ
1071 4128 1140 4181 τά
1196 4127 1390 4179 ἑκατὸν
1444 4124 1785 4194 πεντήκοντα

198 4224 309 4292 Ετη
345 4221 434 4274 διὰ
467 4218 566 4289 τὴν
614 4216 709 4270 τοῦ
746 4219 907 4285 ἀέρος
939 4214 1239 4283 εὐκρασίαν
1280 4213 1374 4265 καλ⁵
1397 4212 1465 4264 τά
1501 4209 1785 4280 ἀνεξερεύ-

198 4330 356 4382 νητα
382 4310 472 4364 τοῦ
507 4308 642 4362 Θεοῦ
673 4308 938 4383 κρίματα.
988 4305 1201 4359 Ἐκεῖσε
1231 4304 1421 4371 ὀπώρα
1453 4303 1543 4354 τὸν
1572 4302 1787 4354 ἀπάντα

198 4404 411 4474 χρόνον
456 4401 517 4453 οὐ
554 4399 756 4453 λείπει.
796 4399 945 4450 Ἐκεῖ
995 4396 1064 4450 τά
1099 4398 1330 4463 μέγιστα
1360 4393 1537 4463 κάρυα
1576 4393 1668 4444 καὶ
1721 4393 1789 4444 τά

196 4492 554 4561 δυσπόριστα
609 4488 883 4559 ἀρώματα
928 4489 1025 4540 καὶ
1063 4490 1096 4557 ή
1133 4488 1417 4556 Μαγνῆτις
1445 4484 1591 4547 λίθος
1614 4500 1628 4513 ·
1659 4482 1788 4551 παρ’

194 4581 292 4649 οἷς
315 4585 419 4637 οὐκ
449 4584 561 4634 ἔστι
591 4581 940 4651 τετράποδον,
978 4581 1079 4632 οὐκ
1117 4573 1288 4640 οἶνος,
1331 4578 1430 4630 οὐκ
1477 4577 1662 4645 ἄρτος,
1691 4575 1790 4642 οὐχ

198 4679 457 4747 ἱμάτιον.
499 4674 717 4741 Μικρᾶς
754 4672 812 4724 δὲ
854 4670 1074 4739 ὀπώρας
1106 4671 1200 4723 καὶ
1232 4669 1421 4731 ὓδατος
1455 4666 1790 4719 ἀπολαύουσι

1887 3496 2173 3548 maximam
2204 3495 2603 3549 Brachmanum
2626 3495 2855 3549 insulam
2883 3498 3237 3564 pervenisset,
3262 3512 3451 3551 eorum

1887 3602 2014 3657 erga
2042 3588 2208 3641 Deum
2248 3587 2507 3657 pietatem
2549 3588 2865 3655 cultumque
2891 3588 3120 3643 miratus
3147 3590 3452 3643 columnam

1888 3679 2079 3732 statuit
2130 3693 2251 3733 cum
2286 3679 2642 3743 inscriptione
2667 3679 2982 3745 huiusmodi
3024 3696 3036 3732 :
3081 3698 3098 3729 ι
3136 3681 3448 3733 Alexander

1888 3785 1981 3822 rex
2029 3771 2310 3837 hucusque
2335 3770 2635 3837 penetravi.
2671 3788 2688 3819 ι
2724 3769 2795 3822 Ea
2823 3770 2875 3822 in
2909 3770 3083 3823 insula
3121 3770 3212 3838 qui
3252 3770 3457 3823 Macro-

1889 3861 1964 3915 bii
1996 3869 2257 3915 vocantur
2285 3875 2315 3914 a
2346 3860 2603 3914 diuturna
2652 3862 2784 3924 vita,
2825 3861 3049 3931 degunt.
3103 3858 3234 3913 Nam
3266 3862 3454 3931 majori

1890 3966 1953 4005 ex
1989 3961 2138 4019 parte
2168 3952 2359 4005 vivunt
2415 3952 2535 4005 istic
2589 3951 2840 4005 homines
2884 3952 2948 4004 ad
2998 3966 3168 4005 annos
3201 3951 3302 4004 150
3331 3965 3461 4020 pro-

1892 4050 2012 4107 pter
2038 4039 2181 4093 aeris
2239 4040 2493 4093 idoneum
2577 4044 2805 4095 maxime
2854 4050 3338 4109 temperamentum
3403 4050 3459 4095 et

1893 4129 2380 4197 imperscrutabilia
2408 4130 2502 4183 Dei
2548 4130 2777 4201 judicia.
2839 4130 2999 4185 Nullo
3033 4132 3160 4184 anni
3216 4140 3459 4198 tempore

1894 4220 2104 4273 fructus
2135 4219 2332 4272 maturi
2373 4220 2592 4273 desunt.
2620 4219 2912 4273 Abundant
2942 4229 2996 4274 et
3026 4221 3275 4274 maximis
3305 4221 3462 4275 nuci—

1894 4310 1997 4363 bus
2038 4319 2091 4363 et
2143 4311 2419 4373 aromatis,
2455 4325 2574 4375 quae
2602 4311 2735 4364 tanti
2769 4326 2867 4365 nos
2908 4312 3245 4375 redimimus,
3299 4322 3352 4365 et
3381 4311 3459 4365 la-

1895 4402 2019 4470 pide
2051 4412 2324 4473 magneta.
2351 4401 2742 4471 Quadrupedes
2798 4402 3000 4456 bestias
3030 4402 3202 4456 nullas
3235 4403 3456 4467 habent,

1898 4507 1997 4546 nec
2020 4492 2202 4545 vinum
2230 4508 2328 4547 nec
2361 4500 2555 4561 panem
2584 4508 2681 4546 nec
2710 4501 2908 4546 vestes.
2969 4493 3048 4545 Ad
3082 4491 3279 4545 ﬂutnen
3313 4492 3463 4545 habi-

1898 4591 2072 4637 tantes
2096 4583 2305 4651 exiguis
2328 4582 2602 4636 fructibus
2620 4591 2674 4637 et
2707 4598 2844 4650 aqua
2869 4582 3113 4636 contenti
3141 4591 3287 4646 sunt,
3327 4583 3463 4635 Deo-

1896 4691 2001 4744 que
2026 4690 2158 4743 pura
2183 4684 2236 4729 et
2266 4674 2473 4743 integra
2501 4674 2759 4743 religione
2786 4673 3062 4728 serviunt.
3111 4670 3222 4725 Viri
3249 4673 3315 4727 ad
3365 4672 3463 4725 ilu-

194 4746 304 4822 τίὺν
341 4765 586 4835 ποταμὸν
633 4763 1022 4832 παροικοῦντες
1058 4763 1150 4814 καὶ
1180 4764 1255 4830 τῷ
1285 4760 1403 4829 Θεῷ
1430 4757 1669 4827 γνησίως
1701 4758 1786 4809 λα-

1858 4756 1867 4794 ’
1896 4766 2061 4819 minis
2094 4765 2238 4834 ripas
2269 4769 2539 4826 accolunt,
2573 4764 2789 4818 femina!
2817 4778 2881 4817 ex
2907 4765 3077 4817 altera
3131 4762 3331 4833 Gangis
3362 4762 3465 4816 tiu.

196 4858 532 4929 τρεύοντες.
587 4855 697 4907 Καὶ
742 4856 793 4906 ot
829 4853 928 4923 μὶν
976 4853 1167 4922 ἄνδρες
1217 4854 1297 4914 είς
1331 4851 1573 4919 ποταμὸν
1600 4865 1793 4919 παροι-

197 4948 431 5009 κοῦσιν,
473 4948 530 4997 at
559 4946 614 4997 δὲ
643 4946 896 5012 γυναῖκες
926 4944 1105 4996 αὐτῶν
1131 4942 1379 4994 ἐντεῦθέν
1426 4944 1531 4994 είσι
1568 4939 1662 4995 τοῦ
1690 4956 1792 4992 πο-

198 5037 402 5107 ταμοῦ
426 5037 639 5103 Γάγγου
658 5034 751 5087 τοῦ
771 5035 1172 5105 παραρρέοντος
1196 5036 1273 5097 είς
1303 5032 1658 5103 τδνιώκεανδν
1695 5032 1791 5083 ἐπὶ

195 5132 273 5184 τὸ
303 5129 478 5200 μέρος
503 5132 598 5198 τῆς
615 5128 825 5190 Ἰνδίας.
859 5127 969 5180 Καὶ
994 5127 1046 5179 oi
1076 5127 1172 5195 μὲν
1200 5125 1391 5194 ἄνδρες
1425 5123 1632 5192 περῶσι
1653 5122 1790 5190 πρὸς

193 5224 319 5282 τὰς
350 5221 621 5286 γυναῖκας
654 5218 874 5270 Ἰούλιον
907 5219 1001 5268 καὶ⁵
1046 5215 1378 5284 Αὔγουστον,
1424 5216 1555 5285 παρ’
1606 5208 1687 5275 οἷς
1737 5213 1795 5264 ὗ·

195 5315 494 5382 πάρχουσι
526 5311 868 5379 ψυχρότεροι,
900 5309 995 5362 τοῦ
1014 5309 1164 5378 ήλίου
1197 5309 1334 5377 πρὸς
1369 5309 1513 5378 ἡμᾶς
1547 5306 1797 5375 saetisv-

194 5423 332 5468 τος.
368 5402 680 5472 Τηνικαῦτα
725 5402 834 5469 γὰρ
882 5400 1136 5469 εὖκρατοι
1197 5400 1475 5468 γενόμενοι
1549 5399 1685 5467 πρὸς
1723 5392 1801 5449 οἷ-

199 5514 274 5549 at
290 5511 393 5564 ρον
429 5492 697 5543 κινεῖσθαι
725 5490 992 5558 λέγονται.
1024 5492 1131 5544 Καὶ
1162 5494 1481 5560 ποιήσαντες
1518 5490 1653 5558 μετά
1682 5489 1789 5542 τῶν

193 5583 502 5655 γυναικῶν
526 5582 706 5634 αὐτῶν
730 5583 939 5652 ἡμέρας
962 5583 1366 5652 τεσσαράκοντα
1393 5581 1552 5635 πάλιν
1574 5584 1793 5633 ἀντιπε-

200 5676 382 5747 gebat.
420 5672 556 5724 Μεθ’
600 5671 627 5722 ὃ
678 5672 732 5723 δὲ
781 5672 912 5741 τέκῃ
947 5673 979 5739 ἡ
1030 5672 1166 5738 γυνὴ
1197 5671 1291 5723 δύο
1334 5672 1553 5733 παῖδας,
1608 5671 1792 5723 οὐκέτι

199 5767 535 5838 μίγνυνται.
555 5762 680 5815 Ἐὰν
714 5762 769 5814 δέ
800 5781 879 5824 τις
912 5763 1103 5828 εὐρεθῆ
1162 5762 1349 5815 στεὶοα
1389 5765 1545 5827 μέχρι
1575 5780 1795 5817 πενταε-

1897 4858 1965 4909 vii
1994 4866 2149 4925 parte
2179 4856 2385 4925 degunt
2420 4854 2623 4908 Indiam
2650 4869 2860 4918 versus,
2895 4856 2984 4923 qui
3022 4856 3240 4919 quidem
3271 4855 3465 4909 ﬂuvius

1894 4944 1949 4999 in
2002 4942 2280 4997 Oceanum
2348 4952 2522 4997 semet
2572 4953 2858 4997 exonerat.
2913 4943 3057 4998 Julia
3118 4956 3173 4997 et
3222 4944 3467 5010 Augusto

1894 5032 2171 5086 mensibus
2204 5031 2270 5084 ad
2292 5046 2485 5085 uxores
2507 5030 2604 5084 viri
2641 5029 3003 5096 trausjiciunt,
3041 5031 3187 5099 quod
3213 5029 3278 5081 iis
3315 5028 3468 5097 frigi-

1893 5122 2071 5176 diores
2100 5122 2228 5185 sint,
2267 5122 2382 5175 sole
2440 5130 2688 5174 nostrum
2735 5120 2799 5173 ad
2860 5120 3128 5173 tinitorem
3178 5120 3468 5173 sublimius

1896 5224 2240 5282 assurgente.
2284 5212 2438 5267 Tunc
2463 5213 2722 5266 nimirum
2751 5212 3032 5266 consecuti
3072 5222 3469 5279 temperamen-

1899 5316 2010 5359 tum
2042 5306 2287 5375 corporis
2320 5304 2582 5374 Optimum
2615 5314 2782 5359 (nstro
2803 5304 3034 5373 quodam
3078 5302 3339 5355 concitari
3390 5301 3470 5355 fe—

1900 5407 2117 5451 runtur.
2153 5397 2369 5450 Exactis
2395 5406 2576 5450 autem
2621 5395 2765 5465 apud
2799 5410 2991 5449 uxores
3017 5394 3085 5446 4t)
3120 5394 3311 5447 diebus
3359 5410 3465 5445 am-

1899 5503 2022 5541 nem
2091 5488 2332 5541 vicissim
2389 5487 2755 5555 transjiciunt.
2830 5485 3065 5539 Femina:
3114 5494 3467 5553 posteaquam

1900 5579 2100 5632 liberos
2123 5579 2259 5631 duos
2290 5578 2341 5632 in
2376 5578 2549 5632 lucem
2583 5578 2823 5639 edidere,
2876 5594 2988 5631 rem
3014 5592 3132 5629 cum
3192 5576 3322 5629 viris
3356 5591 3468 5627 am—

1902 5672 2040 5740 plius
2096 5670 2298 5723 nullam
2363 5670 2580 5723 habent.
2628 5670 2828 5735 Quodsi
2882 5685 2987 5737 qua
3032 5679 3173 5723 totos
3229 5671 3470 5737 quinque

1904 5778 2073 5819 annos
2106 5762 2307 5817 sterilis
2336 5763 2659 5828 veneniatur,
2690 5761 2948 5817 νρΙὶειίυιιυ
2996 5762 3228 5823 (:uad‘um
3263 5776 3289 5813 ιι
3324 5761 3468 5814 coitu
