4204 6450
251 354 353 415 289

1477 341 1872 401 ANNALIUM
1921 340 2110 397 PARS
2156 337 2236 397 ΙΙ.

3367 329 3471 389 ‘290

253 468 494 538 ροῦντος.
524 438 646 518 Καὶ.
679 462 851 518 ταῦτα
892 464 1124 531 λέγουσα
1161 461 1278 522 ταῖς
1306 457 1399 511 τοῦ
1436 458 1648 527 Πατρός
1682 472 1810 525 χερ-

1922 463 2080 516 esset,
2118 452 2207 520 qui
2241 450 2443 505 Mosetu
2496 450 2723 503 intuitus
2760 448 2919 519 149
2950 457 3169 516 propter
3210 447 3473 514 insignem

252 561 335 611 ulv
364 556 605 625 ἐντίθησι
652 554 713 606 τὸ
755 553 976 623 βρέφος.
1018 550 1078 602 '0
1115 552 1160 603 δ’
1208 550 1512 618 ἐπιτίθησιν
1558 548 1708 611 αὐτῷ
1752 547 1812 597 τὸ

252 649 509 716 διάδημα.
531 647 591 699 Ὀ
608 646 662 698 δὲ
683 644 886 712 Μωσῆς
905 644 1203 713 καταφέρει
1221 657 1281 693 τε
1310 641 1441 693 αὐτὸ
1465 640 1558 691 καὶ
1581 642 1689 701 τοῖς
1713 656 1812 689 πο-

288 758 305 770 ·
390 738 678 800 ἐπιϐαίνει,
726 736 867 789 κατὰ
918 736 1222 803 νηπιότητα
1271 732 1453 800 δῆθεν.
1502 730 1668 781 Ταῦτ’
1721 728 1814 780 οῦν

258 830 378 884 ίδὼν
414 831 443 881 6
491 827 968 899 ἱερογραμματεὺς
1008 826 1210 880 ἐκεῖνος
1257 821 1516 891 ὥρμησεν
1560 820 1814 870 ἀποκτεῖ-

254 939 342 975 ναι
387 922 571 984 αὐτὸν,
622 918 976 989 παροτρύνων
1028 919 1109 977 εἰς
1173 914 1305 967 αὐτὸ
1361 912 1517 964 τοῦτο
1572 912 1667 961 καὶ
1723 911 1815 963 τὸν

256 1013 474 1084 Φαραώ.
510 1012 704 1065 Φθάνει
749 1011 794 1063 δ’
837 1009 1002 1062 αὑτὸν
1028 1010 1061 1077 ἡ
1097 1006 1402 1074 Θερμουθὶς
1434 1002 1813 1072 ἐξαρπάσασα.

261 1107 487 1158 Ἐκτοτε
517 1100 612 1157 οῦν
641 1102 819 1164 καλῶς
849 1100 1201 1169 άνετρέφετο.
1235 1093 1364 1150 Εἶτα
1410 1095 1545 1163 δήλη
1587 1093 1678 1144 καὶ
1706 1095 1818 1153 τοῖς

257 1196 577 1262 Αἰγυπτίοις
595 1196 629 1264 ἡ
658 1192 826 1265 ἁρετὴ
848 1190 1014 1245 αὑτοῦ
1041 1191 1273 1258 γίνεται.
1304 1185 1559 1246 Αἰθίοπες
1589 1186 1817 1252 ἐκστρα-

256 1290 475 1343 τεὺουσι
521 1289 643 1340 κατ’
681 1286 877 1338 αὐτῶν.
926 1279 1465 1350 Ἀντιστρατεύονται
1506 1280 1599 1328 καὶ
1648 1268 1814 1338 οὗτοι,

257 1378 602 1448 ἑκατέρωθεν
627 1376 681 1429 δὲ
709 1377 807 1430 οὐκ
830 1372 1002 1443 ὀλίγοι
1037 1372 1349 1423 πίπτουσιν.
1386 1365 1548 1418 Ὅθεν
1594 1365 1622 1414 6
1664 1362 1820 1429 βασι-

254 1472 383 1533 λεὺς
441 1469 630 1523 θεόθεν
674 1466 965 1537 ὁδηγηθεὶς
1020 1464 1200 1516 πείθει
1258 1459 1360 1528 τὴν
1410 1454 1684 1522 θυγατέρα
1730 1452 1822 1503 τὸν

252 1562 460 1619 Μωσέα
503 1560 809 1631 παρασχεῖν
865 1556 1191 1626 στρατηγόν.
1241 1553 1470 1621 Δέχεται
1529 1546 1588 1598 τὸ
1639 1545 1820 1610 ἔργον,

254 1655 377 1709 κατ’
404 1654 682 1708 Αἰθιόπων
710 1651 879 1721 ὁρμᾷ.
924 1650 1030 1701 Καὶ
1076 1648 1165 1700 διὰ
1215 1645 1317 1713 γῆς
1354 1643 1568 1713 μέλλων
1594 1636 1824 1690 διελθεῖν

254 1750 484 1819 ἐρήμου,
511 1746 640 1800 ἔνθα
666 1746 870 1815 ἑρπετά
893 1743 1044 1796 δεινά
1070 1742 1377 1811 ἐτρέφοντο,
1402 1736 1455 1788 τί
1480 1732 1822 1803 μηχανᾶταις

1919 544 2237 609 elegantiam
2292 543 2477 597 format
2505 559 2610 594 nun
2644 544 3067 609 t‘tbiéltlpuscrl'tti.
3110 539 3243 593 Illuc
3275 540 3472 592 factum

1917 644 1972 687 ut
2003 635 2313 687 'l'lu-rmutis
2343 649 2437 702 per
2466 650 2522 686 se
2556 635 2758 687 sterilis
2782 650 2904 685 eum
2936 632 3033 684 sibi
3076 633 3380 699 adoptaret,
3413 635 3476 683 ad

1919 741 2097 793 regem
2128 727 2443 790 adduceret,
2481 742 2696 778 omnem
2732 726 2839 793 regi
2875 734 3170 793 OXptlllCN‘K
3200 724 3363 775 animi
3395 724 3475 773 sui

1918 816 2266 879 sententiam,
2304 816 2557 868 nimirum
2593 820 2699 885 regi
2752 817 2893 869 hunc
2925 832 3291 869 successorem
3342 816 3479 873 [μευ.

1919 905 2010 973 qui
2067 906 2237 958 lilium
2294 921 2357 958 ex
2392 921 2448 959 se
2505 916 2689 959 uatum
2724 908 2949 959 otnuino
2997 908 3201 959 nullum
3242 908 3478 960 haberet.

1921 997 2093 1063 Atque
2141 996 2226 1049 his
2259 996 2419 1050 dictis
2469 996 2725 1050 infantem
2782 998 2833 1049 in
2869 1012 3060 1050 manus
3095 998 3265 1066 patris
3314 998 3484 1064 depo-

1920 1086 2119 1149 suisse,
2167 1088 2255 1156 qui
2300 1103 2420 1140 mox
2452 1102 2577 1141 eum
2628 1087 2791 1141 fascia
2829 1089 2988 1157 regali
3018 1088 3313 1141 ornaverit.
3350 1088 3485 1140 Tum

1925 1176 2123 1232 Mosem
2158 1179 2350 1246 puerili
2382 1179 2614 1247 quadam
2648 1179 2997 1248 simplicitate
3030 1180 3095 1232 de
3123 1179 3298 1247 capite
3339 1178 3484 1232 illam

1925 1268 2225 1323 detraxisse
2261 1284 2324 1323 ac
2351 1270 2692 1338 proculeasse
2722 1271 2975 1341 pedibus.
3011 1272 3081 1324 Ea
3113 1285 3169 1323 re
3198 1280 3487 1338 conspecta

1927 1361 2199 1414 hominem
2233 1361 2381 1413 illum
2422 1376 2697 1415 sacrarum
2731 1342 3058 1416 Litterarum
3098 1362 3488 1431 peritissimum

1923 1452 1988 1504 ad
2019 1451 2279 1505 infantem
2310 1455 2612 1506 necandum
2631 1454 2957 1514 accurrisse,
2989 1454 3149 1521 idque
3182 1463 3239 1506 ut
3264 1454 3491 1505 otnuino

1927 1543 2080 1597 ﬁeret
2136 1542 2474 1599 Pharaonem
2526 1548 2872 1598 exhortatum
2900 1558 3037 1597 esse.
3071 1544 3267 1598 Verum
3317 1546 3492 1599 Ther-

1926 1635 2116 1687 mutim
2176 1634 2325 1689 hunc
2376 1637 2732 1689 antevertisse
2777 1637 3086 1704 nlosemque
3140 1638 3489 1705 surripuisse.

1927 1726 2008 1778 Ah
2039 1739 2102 1778 eo
2132 1735 2375 1795 tempore
2401 1726 2566 1780 fuisse
2590 1727 2845 1795 praelate
2870 1728 3157 1781 admodum
3184 1729 3492 1792 edin-anim,

256 1811 556 1909 ιίλέγματά
591 1811 712 1890 τινα
757 1834 970 1904 ἐμφερῆ
1020 1832 1273 1890 κιϐωτοῖς
1304 1831 1364 1880 ἐκ
1416 1824 1601 1895 βίϐλου
1653 1835 1824 1871 κατα·

1927 1824 1979 1867 ct
2037 1815 2171 1909 ipsis
2208 1817 2344 1869 adeo
2396 1815 2665 1886 Algyptiis
2705 1818 2957 1871 virtutem
2988 1818 3111 1885 ejus
3167 1818 3493 1883 inuoluisw,

255 1928 536 1995 σκευάζει,
565 1931 660 1981 καὶ
688 1927 984 1997 πληρώσας
1019 1924 1173 1978 ἴϐεων
1202 1918 1443 1987 ἐκόμιζε.
1478 1910 1819 1983 Πολεμιώτα-

254 2040 348 2078 τον
377 2023 433 2075 δέ
468 2023 581 2075 ἐστι
614 2023 728 2084 τοῖς
762 2019 917 2088 ὄφεσι
946 2015 1108 2070 τοῦτο
1152 2015 1212 2068 τὸ
1257 2014 1415 2077 ζῶον·
1453 2004 1716 2077 φεύγουσί
1762 2019 1817 2053 τε

253 2113 367 2183 γὰρ
413 2110 806 2182 ἐπερχομένας,
855 2109 950 2161 καὶ
1002 2105 1389 2172 άνθιστάμενοι
1435 2097 1685 2164 καθάπερ
1728 2091 1817 2146 ὑπ’

255 2207 471 2271 ἐλάφων
499 2205 875 2275 ἁρπαζόμενοι
923 2199 1341 2254 καταπίνονται.
1394 2189 1715 2258 Χειροήθεις
1763 2184 1821 2237 δέ

254 2301 397 2351 είσιν
426 2298 480 2349 ai
513 2297 667 2359 ἴϐεις,
714 2295 808 2348 καὶ.
836 2293 974 2361 πρὸς
1012 2291 1173 2361 μόνον
1216 2287 1277 2339 τὸ
1307 2286 1414 2338 τῶν
1445 2284 1621 2349 ὄφεων
1668 2277 1818 2344 γένος

252 2390 462 2457 ἄγριοι.
497 2388 837 2457 Παρέρχεται
867 2380 960 2437 οὖν
986 2380 1073 2434 διὰ
1101 2380 1311 2433 τούτων
1359 2376 1456 2445 τὴν
1490 2370 1824 2442 θηροτρόφον

263 2482 383 2548 γῆν.
413 2478 724 2548 Συμϐάλλει
750 2478 863 2538 τοῖς
896 2470 1132 2540 Αἰθίοψι,
1170 2467 1312 2521 κατά
1350 2482 1472 2517 τινα
1516 2463 1681 2527 νῆσον
1714 2458 1827 2511 διά·

254 2588 418 2639 γουσι
467 2568 845 2638 δυοπόρθητον
896 2564 1062 2618 οὖσαν
1102 2561 1190 2613 διὰ
1234 2558 1295 2611 τὸ
1328 2554 1591 2624 ποταμοῖς
1632 2550 1825 2619 περιρ-

256 2662 503 2734 ῥέεσθαι.
535 2661 741 2731 Θάρϐις
778 2659 834 2711 δὲ
864 2661 897 2723 ἠ
933 2654 1025 2708 τοῦ
1068 2652 1331 2723 βασιλέως
1362 2649 1607 2715 θυγάτηρ
1635 2643 1825 2734 δεξιῷς

256 2733 683 2821 άπομαχόμενον
715 2748 899 2818 ὁρῶσα
950 2745 1041 2797 τὸν
1084 2742 1286 2796 Μωσέα
1331 2742 1409 2801 είς
1440 2739 1622 2807 ἔρωτα
1653 2733 1827 2788 δεινὸν

255 2843 491 2896 ὤλισθεν
520 2838 707 2896 αὐτοῦ.
743 2840 851 2892 Καὶ
896 2836 1182 2906 περιόντος
1220 2833 1315 2886 τοῦ
1363 2832 1573 2891 πάθους
1618 2830 1828 2897 πέμπει

256 2933 401 3003 πρὸς
430 2931 595 2985 αὑτὸν
637 2931 744 2981 τῶν
789 2927 1016 2980 οίκετὼν
1061 2925 1187 2985 τοὺς
1236 2919 1616 2981 πιστοτάτους,
1652 2915 1830 2970 διαλεο

214 3022 217 3025 ’
256 3025 475 3095 γομένη
503 3024 628 3091 περὶ
652 3022 847 3089 γάμων
879 3018 973 3070 καὶ
1004 3016 1105 3088 τὴν
1152 3013 1309 3068 πόλιν
1357 3007 1705 3080 προδιδοῦσα.
1742 3006 1831 3058 Γίο

258 3133 414 3169 νεται
442 3115 639 3176 ταῦτα,
670 3114 904 3164 τελεῖται
934 3107 1005 3161 τὰ
1029 3106 1123 3159 τοῦ
1159 3105 1364 3174 γάμου.
1398 3102 1538 3164 Τοίις
1567 3098 1830 3157 Αἰθίοπας

256 3209 504 3277 ἀναιρεῖ,
539 3206 636 3258 καὶ
666 3203 790 3264 τοὺς
818 3199 1156 3268 Αἰγυπτίους
1191 3195 1271 3256 είς
1313 3191 1410 3262 τὴν
1446 3191 1658 3246 ἐαυτῶν
1686 3190 1830 3243 ἁπά-

260 3310 353 3361 γει
370 3297 495 3363 γῆν.
524 3294 749 3346 Ἐκτοτε
764 3285 858 3344 οὖν
881 3287 1073 3356 φθόνος
1090 3283 1232 3337 κατά
1255 3282 1520 3344 Μωσέως·
1542 3280 1832 3334 ἐπτοοῦντο

256 3388 375 3454 γὰρ
423 3384 636 3453 μήποτε
665 3382 785 3434 κατ’
831 3379 1144 3446 Αἰγυπτίων
1187 3373 1509 3444 νεωτερίσῃ.
1555 3370 1829 3425 Μανθάνει

257 3476 461 3540 ταῦτα,
515 3474 611 3527 καὶ
665 3470 844 3525 λαθὼν
897 3470 1103 3536 ἔξεισιν
1152 3467 1380 3528 ἐκεῖθεν,
1416 3462 1656 3515 καὶτῶν
1694 3460 1832 3514 ὁδῶν

258 3566 692 3637 φυλασσομένων
714 3564 805 3617 διὰ
834 3562 934 3631 τῆς
956 3561 1164 3631 ἐρήμου
1192 3558 1429 3611 ποιεῖται
1451 3555 1542 3608 τὸν
1566 3553 1830 3625 δρασμόν.

274 3659 693 3728 Ἐφίσταταιτῴ
722 3655 919 3724 φρέατι
959 3653 1090 3706 ἔνθα
1132 3650 1225 3703 τοῦ
1259 3647 1533 3719 Ῥαγουὴλ
1579 3648 1635 3699 ai
1666 3646 1834 3714 θυγα-

255 3754 423 3822 τέρες
452 3752 523 3805 τὰ
568 3749 859 3819 θρέμματα
906 3744 1176 3808 ἐπότιζον.
1228 3741 1550 3811 Ἀνήνεκται
1594 3736 1671 3807 τῷ
1711 3737 1835 3791 Ῥα-

256 3841 437 3911 γουὴλ
461 3840 529 3893 τὰ
552 3839 682 3909 περὶ
710 3836 805 3889 τοῦ
837 3835 1080 3897 Μωσέως
1105 3872 1121 3899 ,
1179 3834 1263 3895 τίς
1314 3848 1376 3884 τε
1423 3826 1492 3900 ἦν
1532 3831 1630 3882 καὶ
1686 3829 1834 3891 ὅπως

256 3935 388 3997 ταῖς
420 3929 587 3985 αὐτοῦ
617 3929 953 3999 θυγατράσιν
988 3924 1266 3995 ἐπαμῦναι
1297 3924 1395 3976 οὐκ
1434 3921 1680 3990 ὤκνησεν
1707 3938 1720 3951 ·
1751 3919 1834 3988 ἐφ’

249 4020 307 4095 ᾧ
328 4027 423 4078 καὶ
457 4023 708 4096 γαμϐρὸν
732 4024 824 4074 τὸν
859 4021 1062 4075 Μωσέα
1098 4020 1267 4073 ποιεῖ.
1318 4016 1376 4070 '0
1411 4018 1593 4085 μέντοι
1627 4015 1836 4083 Μωσῆς

248 4118 527 4172 τοιούτων
551 4116 729 4187 τυχὼν
757 4116 868 4169 τῶν
906 4114 1062 4186 παρὰ
1088 4112 1183 4165 τοῦ
1221 4111 1454 4182 Ἰοθόρου
1506 4109 1686 4181 (τοῦτο
1727 4108 1835 4177 γάρ

247 4205 333 4279 ἦν
363 4207 644 4277 ἐπίκλημα
670 4206 747 4276 τῷ
788 4204 1125 4275 Ῥαγουήλῳ)
1156 4203 1344 4274 διῆγεν
1390 4201 1583 4256 αὐτόθι
1611 4199 1838 4270 ποιμαί-

226 4300 372 4381 ἒνων
431 4302 499 4351 τά
544 4297 892 4368 βοσκήματα.
941 4295 1262 4363 Τηνικαῦτα
1313 4295 1408 4347 καὶ
1450 4293 1575 4346 κατ’
1609 4292 1743 4347 αὐτὸ
1775 4291 1837 4344 τὸ

182 4383 479 4459 ζρΣίναιον
530 4388 786 4459 περιάγει
830 4385 994 4448 αὐτὰ,
1044 4385 1175 4437 ἔνθα
1221 4386 1314 4439 καὶ
1347 4386 1439 4437 τὸν
1487 4383 1620 4436 Θεὸν
1647 4383 1748 4453 ὁρᾷ
1776 4384 1837 4433 ἐκ

1919 1906 2011 1975 qui
2044 1906 2168 1959 etim
2201 1907 2493 1976 aliquando
2541 1910 2802 1962 adversus
2832 1924 2891 1962 se
2931 1909 3178 1963 viderent
3211 1909 3416 1978 Aitbio;
3439 1926 3496 1963 es

1917 1998 2314 2064 expeditionem
2346 2000 2645 2069 suscipere,
2682 2001 2784 2068 ipsi
2843 2017 3065 2069 quoque
3096 2010 3275 2056 castra
3306 2003 3498 2056 castris

1922 2086 2214 2142 hostilibus
2235 2092 2613 2159 opposuerint.
2648 2090 2745 2146 llic
2771 2109 2895 2146 cuin
2929 2095 3185 2163 utrinque
3210 2110 3313 2148 non
3338 2094 3498 2165 pauci

1920 2179 2200 2247 caderent,
2259 2182 2369 2251 regi
2402 2182 2588 2237 divino
2619 2186 2853 2253 quodam
2890 2185 3150 2240 instinctu
3178 2187 3339 2242 ﬁliam
3374 2204 3498 2257 per-

1923 2272 2162 2326 suasisse
2224 2283 2284 2326 ut
2340 2273 2543 2329 llloscm
2595 2278 2708 2331 suis
2756 2279 2947 2332 ducem
3002 2280 3501 2350 imperatoremque

1922 2363 2271 2418 concederet.
2304 2365 2361 2418 id
2394 2367 2640 2421 muneris
2668 2369 2869 2423 Mosem
2905 2370 3110 2439 imponi
3141 2373 3244 2425 sibi
3283 2388 3498 2442 passum

1927 2451 2115 2517 fuisse,
2158 2453 2209 2505 in
2255 2454 2442 2509 hostes
2472 2456 2762 2527 Aithiopes
2786 2462 2972 2530 copias
3008 2464 3297 2527 eduxisse;
3325 2466 3500 2532 quod-

1924 2556 2030 2609 que
2069 2543 2245 2596 solum
2313 2544 2585 2614 quoddam
2616 2547 2891 2603 desertum
2922 2560 3305 2620 peragraturus
3335 2567 3501 2619 esset,

1928 2633 1982 2686 in
2011 2649 2117 2703 quo
2148 2651 2341 2706 magna
2380 2638 2653 2707 rt-ptilium
2687 2641 2973 2696 noxiorum
3006 2645 3159 2712 copia
3218 2643 3378 2708 foret,
3419 2646 3502 2700 ὶιι-

1928 2734 2082 2804 sigue
2128 2736 2384 2802 quiddam
2435 2739 2683 2795 molitmn
2734 2740 2925 2798 fuisse.
2988 2744 3257 2801 Nimirum
3309 2750 3503 2804 corbes

1929 2824 2192 2892 quosdam
2235 2832 2501 2882 rotundos
2535 2832 2651 2887 lieri
2684 2850 2941 2900 curasse;
2988 2838 3042 2890 in
3089 2854 3184 2892 eos
3234 2843 3504 2909 conjt-ctas

1931 2916 2046 2970 ibes
2074 2933 2259 2972 secum
2284 2920 2638 2989 deportasse;
2692 2924 2810 2980 ibes
2842 2928 2988 2982 enim
3021 2932 3368 2999 serpentibus
3420 2932 3505 2985 in-

1933 3003 2236 3061 festissima!
2264 3018 2411 3077 sunt,
2436 3013 2527 3081 qui
2554 3014 2774 3089 quidem
2800 3021 3241 3085 easaccedentcs
3268 3023 3503 3092 fugiunt,

1934 3113 1998 3154 ac
2019 3100 2066 3155 si
2110 3103 2379 3168 restiterit,
2414 3106 2639 3174 perinde
2667 3118 2826 3179 atque
2853 3126 2881 3163 a
2908 3113 3082 3168 cervis
3110 3115 3505 3185 deglutiuntur.

1934 3191 1997 3247 Et
2028 3203 2156 3248 sunt
2193 3196 2310 3252 ibes
2359 3200 2583 3254 omnino
2611 3202 2823 3258 cicures
2875 3219 2939 3260 ac
2983 3218 3306 3273 mansuetae,
3346 3211 3509 3281 inque

1932 3297 2245 3356 serpentum
2277 3306 2448 3361 genus
2476 3294 2650 3348 solum
2680 3295 2993 3353 immaniter
3025 3302 3275 3355 szeriunt.
3304 3303 3506 3358 llarum

1936 3378 2101 3449 igitur
2131 3395 2235 3450 ope
2271 3382 2472 3439 Mosem
2525 3385 2857 3442 inaccessam
2894 3391 3134 3460 alioquin
3162 3402 3355 3448 terram
3388 3412 3511 3466 per.

1934 3483 2187 3538 agrasse;
2247 3486 2470 3526 manum
2534 3489 2657 3528 eum
2705 3474 3060 3547 IEthiopibus
3122 3484 3506 3551 conseruisse,

1934 3560 2027 3629 qui
2050 3562 2338 3629 quamdam
2366 3563 2598 3617 insulam
2620 3564 2927 3621 incolerent
2954 3569 3104 3623 aditu
3132 3573 3507 3639 perdiﬂicilem

1935 3662 2224 3720 propterea
2250 3654 2396 3723 quod
2435 3656 2689 3710 amnibus
2729 3658 2971 3728 undique
3002 3660 3511 3720 circumﬂuentibus

1936 3754 2302 3809 clauderetur.
2321 3755 2458 3811 Tum
2472 3756 2800 3813 Tharbidem
2821 3761 2961 3831 regis
2977 3761 3293 3834 Ethiopum
3320 3765 3509 3833 ﬁliam,

1936 3861 2057 3917 qua:
2086 3846 2291 3903 Mosem
2318 3849 2534 3903 naviter
2556 3850 2846 3905 admodum
2875 3853 3205 3921 prazliantem
3239 3868 3507 3925 cerneret,

1936 3938 2251 3993 vehementi
2304 3941 2421 4009 eius
2469 3956 2657 3996 amore
2709 3953 2920 4012 captam
2954 3959 3107 4011 esse,
3166 3946 3507 4020 famulosque

1892 4087 1907 4097 ,
1939 4030 2042 4085 sibi
2079 4030 2374 4087 lldissimos
2421 4034 2486 4088 ad
2537 4033 2714 4101 ipsum
2770 4035 3075 4090 indicandae
3106 4053 3134 4091 a
3162 4039 3273 4092 .imi
3314 4042 3395 4095 sui
3431 4042 3512 4096 al-

1939 4120 2192 4179 fectionis
2233 4138 2400 4178 causa
2434 4124 2684 4189 misisse;
2720 4125 2881 4180 simul
2940 4129 3173 4198 coniugii
3235 4133 3513 4188 mentione

1938 4211 2081 4266 facta
2132 4212 2283 4267 urbis
2339 4214 2705 4281 proditionem
2751 4230 2872 4270 esse
2905 4217 3220 4285 pollicitam.
3255 4220 3346 4275 llis
3394 4224 3515 4291 eius

1937 4301 2228 4371 postulatis
2262 4302 2465 4358 Mosem
2499 4305 2795 4370 adnuisse;
2822 4308 3041 4378 nuptias
3072 4310 3239 4364 fuisse
3269 4314 3513 4368 cc!cbra-

1943 4400 2045 4457 tas,
2083 4390 2375 4463 Ethiopes
2426 4395 2765 4461 interfectos,
2802 4396 3087 4468 Egyptios
3133 4401 3187 4455 in
3220 4404 3391 4457 solum
3420 4422 3514 4474 pa-

211 4453 363 4552 ς’τῆς
420 4453 906 4550 βάτουτκαλοῦντα
953 4478 1140 4532 αὐτόν.
1200 4477 1261 4530 '0
1311 4476 1443 4534 Θεὸς
1487 4470 1835 4529 ἀποστέλλων

2033 4453 2041 4457 τ
2278 4453 2293 4463 ,
2753 4453 2764 4461 ,
2876 4453 2960 4468 υ..
3073 4453 3078 4455 .
3221 4453 3485 4474 Γ.-

1943 4485 2105 4539 trium
2136 4485 2410 4542 reductos.
2444 4488 2526 4543 Ab
2573 4502 2637 4541 eo
2680 4498 2928 4559 tempore
2972 4489 3135 4546 fuisse
3181 4492 3383 4548 llloscm
3417 4512 3512 4550 cx-

241 4576 405 4643 πρὸς
433 4570 633 4641 Φαραὼ
678 4570 771 4624 τὸν
801 4571 1031 4635 Mutata,
1084 4570 1179 4622 καὶ
1227 4567 1659 4638 ὑπισχνούμενος
1696 4584 1835 4637 συμ-

238 4666 529 4735 παρεῖναι
562 4663 735 4733 αὒτῷ,
767 4664 903 4733 πρὸς
928 4665 1110 4716 πίστιν
1139 4661 1231 4716 τοῦ
1262 4662 1424 4729 λόγου
1459 4662 1537 4724 είς
1566 4660 1836 4729 δράκοντα

242 4753 600 4827 μεταϐάλλει
643 4753 743 4825 τὴν
792 4752 990 4824 ῥάϐδον
1041 4752 1229 4808 αὐτοῦ.
1294 4754 1353 4807 Ὀ
1394 4752 1578 4822 μέντοι
1631 4751 1838 4821 Μωσῆς

230 4845 788 4918 παρρησιασάμενος
832 4844 970 4916 πρὸς
1014 4844 1235 4913 Φαραὼ,
1288 4846 1388 4915 τὴν
1438 4844 1634 4916 ῥάϐδον
1670 4844 1835 4897 αὐτοῦ

224 4941 405 4993 κατὰ
435 4936 539 5004 γῆς
561 4954 621 4989 τε
651 4937 836 5004 ῥίπτει
860 4939 955 4990 καὶ
978 4938 1058 5000 είς
1092 4936 1217 5005 ὅφιν
1248 4936 1599 5006 μεταϐάλλει.
1625 4936 1836 4990 Οὐκοῦν

226 5029 563 5098 περιιοῦσα
584 5028 680 5091 τὰς
698 5027 808 5081 τῶν
832 5028 1149 5095 Αἰγυπτίων
1173 5028 1425 5099 ῥάϐδους,
1455 5030 1511 5083 αἶ
1543 5030 1837 5100 δράκοντες

224 5123 509 5184 ἐδόκουν,
542 5121 826 5190 κατήσθιε.
862 5122 970 5173 Καὶ
1002 5120 1147 5174 οὕτω
1185 5122 1285 5190 μὲν
1322 5124 1349 5174 ό
1393 5120 1678 5191 Ἰώσηπος,
1724 5124 1753 5175 6
1780 5121 1837 5173 δέ

222 5216 297 5272 Ν
301 5213 558 5274 υσσαεὺς
585 5211 725 5273 θεῖος
753 5210 1054 5281 Γρηγόριός
1100 5227 1269 5281 φησιν
1312 5212 1395 5263 ὅτι
1424 5211 1512 5265 διὰ
1557 5210 1716 5263 τοῦτο
1744 5212 1837 5263 ἐπὶ

228 5310 369 5381 μὲν
406 5303 509 5372 τῆς
539 5303 699 5373 βάτου
746 5303 844 5355 καὶ
880 5302 974 5355 τοῦ
1018 5302 1235 5373 Ἰσραὴλ
1272 5304 1301 5355 6
1335 5302 1465 5365 Θεὸς
1499 5304 1596 5374 τὴν
1642 5303 1839 5372 ῥάϐδον

1941 4579 2178 4648 positum
2217 4581 2459 4647 invidia,
2513 4582 2931 4637 {ormidantibus
2974 4582 3243 4654 Aﬂgyptiis
3299 4604 3365 4641 ne
3416 4591 3513 4643 ali-

1942 4671 2157 4738 quando
2194 4672 2356 4726 etiam
2391 4673 2655 4727 adversus
2687 4688 2745 4729 se
2783 4690 2953 4729 novas
2980 4690 3068 4731 res
3099 4678 3399 4732 moliretur.
3445 4681 3513 4734 lis

1943 4762 2341 4818 animadversis
2399 4764 2735 4819 subtraxisse
2788 4781 2847 4820 se
2901 4766 3124 4830 Mosem,
3186 4777 3240 4821 et
3294 4772 3510 4838 cognito

1942 4853 2060 4908 vias
2104 4855 2405 4924 itineraque
2441 4857 2643 4925 passim
2700 4856 2935 4912 obsideri
2986 4872 3015 4911 a
3045 4861 3380 4925 custodibus,
3420 4879 3512 4931 per

1945 4945 2296 4999 solitudinem
2334 4947 2577 5001 instituta
2619 4946 2740 5017 fuga
2791 4948 2949 5001 saluti
2988 4964 3099 5002 suae
3153 4952 3510 5006 consuluisse.

1944 5034 2086 5090 Hine
2113 5036 2179 5088 ad
2230 5044 2455 5105 puteum
2488 5037 2826 5106 pervenisse,
2861 5037 2955 5091 ubi
2990 5038 3115 5092 ﬁlia:
3152 5037 3377 5109 Ragucli
3417 5058 3507 5110 pa-

1947 5135 2161 5180 ternum
2232 5142 2398 5194 pecus
2449 5128 2815 5196 adaquabant.
2880 5127 3002 5184 Mox
3056 5129 3226 5184 relata
3274 5130 3514 5202 Raguelo

1947 5217 2114 5272 fuisse
2169 5233 2289 5287 qua:
2342 5217 2517 5273 Moses
2554 5218 2792 5285 fecisset,
2829 5220 2953 5286 quis
3006 5228 3171 5285 esset,
3211 5236 3320 5290 quo
3358 5231 3514 5292 pacto

1947 5308 2161 5372 ﬁliabus
2206 5309 2378 5379 ipsius
2410 5310 2531 5364 sine
2557 5312 2903 5365 cunctatione
2932 5312 3314 5367 Succurrisset.
3358 5313 3516 5384 150

218 5403 341 5463 είς
366 5396 498 5466 ὅφιν
534 5398 881 5467 μεταϐάλλει,
911 5398 1003 5449 ἐπὶ
1023 5396 1080 5449 δέ
1101 5396 1196 5449 τοῦ
1216 5395 1417 5465 Φαραὼ
1445 5398 1521 5457 είς
1544 5395 1836 5463 δράκοντα,

220 5498 351 5552 ἵνα
394 5491 477 5561 τῷ
507 5491 730 5561 μεγέθει
785 5488 1113 5560 καταπλήξῃ
1163 5488 1385 5551 αὐτούς.
1437 5487 1609 5554 Δῆλον
1650 5487 1709 5539 δὲ
1756 5487 1839 5538 ὅτι

216 5584 473 5655 ἀληθὲς
498 5582 660 5636 τοῦτο
689 5585 749 5637 τὸ
779 5586 1008 5653 σημεῖον
1034 5579 1125 5653 ἦν,
1159 5581 1220 5633 τὸ
1247 5580 1303 5633 δὲ
1334 5580 1443 5633 τῶν
1480 5583 1669 5649 μάγων
1704 5595 1841 5646 φαν-

211 5678 453 5739 τασία·
484 5676 566 5728 διὸ
592 5676 686 5730 καὶ
721 5676 1000 5745 κατεπόθη
1031 5669 1138 5748 ὑπὸ
1163 5675 1260 5745 τῆς
1292 5673 1550 5742 ἀληθείας
1577 5672 1608 5740 ἡ
1635 5690 1836 5739 φαντα-

1950 5690 2016 5727 eo
2041 5676 2408 5742 victitasseac
2447 5676 2618 5730 soceri
2655 5691 2820 5744 pecus
2846 5676 3078 5744 pavisse.
3111 5674 3356 5743 Cumque
3388 5676 3517 5731 illud

216 5776 384 5830 σία.
426 5765 569 5821 ’ΔλΥ
598 5767 699 5819 οὐκ
726 5766 974 5820 ἐντεῦθεν
1002 5769 1028 5821 ό
1055 5764 1255 5835 Φαραὼ
1285 5764 1555 5832 πείθεται,
1589 5764 1836 5833 μαίνεται

1946 5766 2098 5834 juxta
2132 5765 2366 5819 Sinreum
2401 5777 2639 5821 montem
2673 5766 3121 5827 circumduceret,
3161 5765 3326 5819 Deum
3355 5766 3422 5820 ab
3453 5782 3517 5823 eo

592 5865 859 5925 PATROL.
895 5866 1013 5927 Gtt.
1053 5864 1296 5927 CLVIII
3010 5863 3083 5917 10

1946 5398 2042 5455 llis
2095 5400 2242 5454 illum
2281 5400 2443 5455 rebus
2493 5412 2796 5470 permotum
2839 5400 3043 5457 Mosem
3097 5402 3199 5456 sibi
3252 5418 3515 5472 generum

1948 5492 2227 5547 ascivisse.
2258 5492 2479 5547 Talibus
2509 5495 2759 5547 atIeetum
2794 5492 2998 5548 Mosem
3026 5494 3303 5549 beneliciis
3329 5496 3397 5549 ab
3419 5494 3515 5551 Jo—

1950 5583 2109 5634 thoro
2142 5580 2229 5651 (id
2264 5582 2408 5635 enim
2452 5581 2689 5652 Raguelo
2722 5591 3142 5653 cognomentum
3174 5583 3366 5653 fuisse)
3393 5600 3516 5638 cum
