4204 6450
228 329 328 392 293

1446 333 1859 393 ANNALIUM
1907 335 2097 393 PARS
2143 334 2223 392 Il.

3365 324 3466 386 23%}.

230 442 363 493 Θεοῦ
386 444 413 494 6
444 442 699 512 Μειῦσῆς,
728 446 821 498 καὶ
846 445 1171 498 τελευτῶσιν
1205 443 1404 497 αὐτίκα
1433 446 1477 497 ol
1509 444 1791 512 βάτραχοι,

1912 455 2070 499 )etrat
2118 445 2383 514 posmlata
2448 444 2683 503 Pharao;
2733 442 2898 493 Deum
2946 440 3017 491 ob
3050 446 3267 490 eeraute
3318 436 3462 488 Mnse

231 532 332 585 xiv
368 534 397 583 6
440 532 639 603 Φαραὼ
694 536 1029 605 θεασάμενος
1082 537 1164 589 ὄτι
1216 536 1441 604 γέγονεν
1503 534 1789 603 ἀνάφυξις,

230 624 481 696 ἀπειθείᾳ
504 630 570 697 τῇ
602 629 845 698 προτέρᾳ
878 628 1149 693 ἐνέμεινε.

297 804 467 875 τρίτη
499 805 681 875 πληγῆ
727 810 760 877 ἠ
803 808 913 862 ἀπὸ
944 809 1039 862 τοῦ
1071 809 1194 878 χοὸς
1226 809 1335 862 τῶν
1375 808 1618 861 σκνιπῶν
1662 809 1792 862 ἀνά-

229 894 396 957 δοσις.
437 913 457 948 ι
498 896 759 962 Ἐξέτεινε
794 919 813 949 ι
852 902 962 968 γάρ
1014 898 1231 969 φησιν(
1276 898 1487 969 Ἀαρὼν
1529 903 1594 969 τῇ
1654 901 1797 969 χειρὶ

228 986 567 1057 τὴν.ρά6δον,
602 988 777 1052 καθὼς
807 991 1036 1060 ὲλάλησε
1073 991 1278 1061 Κύριος
1300 1031 1316 1055 ,
1349 993 1440 1044 καὶ
1475 990 1710 1052 ἐπάταξε
1738 991 1798 1042 τὸ

230 1077 392 1148 χῶμα
418 1079 521 1148 τῆς
550 1080 677 1149 γῆς,
716 1082 812 1134 καὶ
842 1082 1094 1149 ἐγένοντο
1144 1085 1194 1135 οἱ
1224 1084 1450 1145 σκνῖπες
1479 1082 1537 1134 ἓν
1581 1098 1640 1132 τε
1683 1084 1797 1142 τοῖς

232 1168 544 1240 ἀνθρώποις
583 1175 676 1226 καὶ
716 1175 830 1236 τοῖς
863 1174 1179 1244 τετράποσι.
1213 1192 1231 1225 ι
1283 1173 1525 1225 Γίνωσκε
1555 1172 1609 1224 δὲ
1632 1172 1714 1225 ὅτι
1737 1171 1799 1223 τδ

232 1262 371 1323 ζῶον
416 1258 465 1315 οι
518 1266 764 1329 σκνῖπες,
823 1266 873 1318 εἰ
926 1268 1017 1317 καὶ
1058 1264 1401 1334 βραχύτατὸν
1453 1266 1623 1327 ἐστιν,
1683 1262 1800 1317 ἀλλ’

231 1353 380 1423 ὅμως
410 1350 846 1425 ἁργαλεώτατονο
882 1356 943 1411 ού
999 1358 1157 1427 μόνον
1188 1360 1296 1426 γὰρ
1348 1355 1671 1424 λυμαίνεται
1699 1355 1799 1424 τὴν

230 1446 557 1514 ἐπιφάνειαν
615 1448 710 1501 τοῦ
766 1449 1035 1519 δέρματος
1090 1451 1202 1513 τοῖς
1263 1450 1497 1517 ἀφανέσι
1559 1449 1801 1519 δήγμασι

231 1540 511 1605 κνησμοῦς
558 1540 823 1608 ἐμποιοῦν
876 1543 1086 1610 ἀηδεῖς,
1118 1541 1256 1593 ἀλλά
1303 1542 1396 1595 καὶ
1426 1542 1505 1602 είς
1552 1542 1613 1593 τὸ
1652 1540 1801 1602 me;

232 1626 481 1695 βιάζεται
505 1629 596 1683 διά
622 1646 686 1698 γε
718 1632 1014 1701 μυκτήρων
1059 1633 1156 1684 καὶ
1191 1630 1364 1685 ὢτων.
1418 1630 1561 1700 Πρὸς
1588 1630 1801 1692 τούτοις

229 1719 290 1772 δὲ
362 1722 460 1774 καὶ
519 1722 688 1793 κόρας
745 1722 972 1791 βλάπτει
1037 1724 1335 1794 ὀφθαλμῶν
1388 1724 1797 1792 εἰσπετόμενον.

1896 538 2156 590 continuo
2177 551 2322 588 rana:
2352 535 2647 603 exspirant.
2681 533 3043 586 Nihilominus
3076 530 3306 582 l’bavau.
3338 542 3459 578 cum

1897 639 2047 682 tanta
2094 644 2122 682 c
2155 629 2294 681 male
2323 642 2382 678 se
2430 625 2724 692 respirasse
2764 630 3031 683 (cruciet,
3089 622 3140 673 iu
3212 620 3466 670 t-biirtua-

1899 720 2047 771 tione
2074 720 2239 771 animi
2275 719 2498 785 pristina
2536 716 2790 784 ναι-μυεῖν.

1970 810 2153 864 Tertia
2208 811 2361 879 plaga
2415 809 2516 861 fuit
2576 810 2807 860 culicum
2869 822 2897 857 e
2958 808 3177 873 pulvere
3216 814 3463 857 μεθείη-ειμι

1899 902 2205 970 productio.
2245 902 2334 953 Sic
2383 901 2525 953 enim
2562 903 2918 967 perscriptum
2959 898 3225 966 legimus:
3267 917 3285 947 ι
3326 900 3468 949 Aaru

1902 1007 2065 1046 manu
2096 992 2298 1060 virgam
2332 1007 2484 1045 suam
2536 992 2603 1044 de
2639 991 2891 1043 mandatu
2929 990 3138 1042 Domini
3174 988 3469 1053 protendit,

1899 1099 1962 1139 ac
1995 1094 2154 1137 terra:
2184 1083 2460 1151 pulverem
2493 1081 2784 1151 percussit,
2822 1095 2923 1147 qua
2968 1080 3319 1147 percussione
3371 1094 3469 1134 cu-

1901 1174 2031 1230 lices
2068 1186 2178 1229 tum
2213 1177 2263 1228 in
2298 1174 2609 1227 lmminibus
2644 1182 2756 1226 tum
2801 1174 3248 1241 quadrupmlibus
3299 1173 3468 1225 exsti-

1907 1274 2092 1320 terunt
2122 1266 2185 1315 ‘3.
2229 1285 2245 1315 ι
2284 1266 2455 1333 Atque
2505 1264 2591 1317 hic
2643 1264 2837 1315 discito
2881 1263 3261 1316 auimalculuui
3317 1262 3473 1326 illud,

1902 1358 2046 1426 quod
2088 1358 2288 1410 culices
2312 1356 2670 1425 appellamus,
2706 1357 2914 1409 tametsi
2941 1358 3019 1407 vel
3052 1355 3338 1408 miniinuni
3374 1354 3467 1414 sit,

1904 1447 2073 1501 nihilo
2111 1458 2285 1500 tamen
2348 1448 2526 1500 minus
2582 1448 2736 1514 longe
2785 1448 2940 1499 nobis
2981 1463 3100 1499 esse
3155 1446 3472 1500 molestissi-

1906 1554 2073 1593 mum.
2111 1538 2225 1593 Non
2258 1538 2403 1592 enim
2450 1547 2656 1591 tantum
2689 1540 2831 1591 cutis
2868 1540 3210 1607 superliciem
3261 1535 3478 1605 Stringit

1906 1640 2069 1699 atque
2099 1630 2265 1690 laedit,
2300 1630 2551 1683 obscuris
2584 1631 2854 1683 morsibus
2880 1645 3072 1697 graves
3108 1629 3474 1696 maiestasque

1908 1723 2145 1791 pruritus
2167 1720 2441 1774 efﬁciens:
2478 1735 2660 1774 verum
2712 1723 2871 1773 etiam
2909 1735 3001 1789 per
3038 1734 3194 1773 nares
3229 1728 3283 1772 et
3314 1734 3473 1771 aures

240 1810 523 1878 Ὠσαύτως
560 1814 617 1868 δὲ
662 1817 755 1869 καὶ
785 1817 831 1868 oi
863 1817 1108 1869 ὲπαοιδοὶ
1138 1818 1244 1869 τῶν
1271 1815 1585 1884 Αἴγυπτίων
1612 1815 1800 1883 ἐποίη-

1912 1813 1969 1866 ad
1999 1812 2256 1866 interiora
2289 1813 2338 1864 vi
2381 1822 2667 1880 penetrare
2719 1812 2930 1875 nititur,
2986 1827 3051 1863 ac
3083 1819 3344 1877 ιιι-αξιοι·οο
3378 1827 3476 1879 pu-

234 1919 334 1957 σαν
365 1905 458 1958 τοῦ
498 1906 786 1975 ἐξαγαγεῖν
814 1908 905 1961 τὸν
953 1911 1177 1972 σκνῖπα,
1230 1909 1325 1961 καὶ
1369 1909 1471 1961 οὐκ
1518 1906 1801 1976 ἠδύναντο.

234 1993 404 2052 Εἶπον
431 1996 526 2052 οῦν
555 1999 635 2072 τῷ
666 1999 866 2071 Φαραὼ
897 2002 978 2054 ὅτι
1011 2000 1277 2065 δάκτυλος
1307 2001 1442 2053 Θεοῦ
1475 2000 1593 2053 ἐστι
1623 2000 1803 2052 τοῦτο.

1911 1905 2050 1975 pulis
2079 1904 2376 1966 oculorum,
2415 1903 2570 1972 152
2603 1905 2654 1956 in
2712 1918 2805 1956 eos
2841 1904 3150 1963 iuvnlamlo,
3188 1902 3483 1956 detrimen-

1914 2007 2024 2050 tum
2056 1995 2231 2051 aﬂert.
2270 1996 2475 2051 Deinde
2524 1996 2613 2051 hic
2664 1997 2827 2049 etiam
2864 1995 3246 2065 Egyptiorum
3282 2010 3483 2047 excan-

230 2102 383 2150 tores
416 2097 702 2152 consimile
722 2096 977 2168 quiddam
1011 2096 1189 2150 moliri
1242 2096 1580 2159 nitebantur,
1646 2102 1707 2148 ut
1771 2091 1975 2149 culices
2026 2092 2414 2162 producerent,
2457 2091 2551 2145 sed
2619 2091 2773 2174 irrito
2837 2101 3056 2145 Conatu.
3120 2089 3481 2154 Quamobrem

229 2188 508 2243 Pharaoni
534 2190 771 2245 confessi
796 2198 923 2243 sunt
969 2190 1083 2244 hinc
1120 2189 1214 2245 Dei
1241 2189 1413 2259 digito
1443 2189 1636 2245 effecta
1663 2204 1808 2244 esse.

310 2279 558 2350 Τετάρτη
588 2280 772 2350 πληγὴ
815 2282 848 2349 ὴ
889 2280 976 2334 διὰ
1007 2281 1104 2349 τῆς
1135 2281 1458 2350 κυνομυίας.
1499 2300 1516 2332 ι
1558 2280 1757 2344 Καθὼς
1784 2300 1802 2332 ι

234 2371 351 2443 γάρ
379 2388 544 2441 φησιν
574 2390 593 2423 ι
618 2372 841 2442 ἐποίησε
869 2372 1094 2443 Κύριος,
1118 2372 1447 2442 παρεγένετο
1474 2374 1507 2441 ἡ
1540 2373 1810 2441 κυνάμυια

236 2462 448 2531 πλῆθος
492 2464 573 2524 είς
611 2465 737 2527 τοὺς
770 2465 953 2527 οἴκους
1003 2462 1205 2529 Φαραὼ
1257 2464 1351 2516 καὶ
1383 2464 1465 2526 είς
1502 2464 1684 2516 πᾶσαν
1711 2464 1809 2534 τὴν

236 2556 350 2625 γῆν
377 2557 678 2625 Αἰγύπτου.
702 2558 814 2611 Kal
837 2557 1209 2628 ἐξωλοθρεύθη
1235 2559 1267 2627 ἡ
1293 2556 1366 2625 γῆ
1394 2556 1502 2609 ἀπὸ
1526 2557 1625 2625 τῆς
1652 2573 1811 2611 κυνο-

241 2650 411 2719 μυίας
441 2648 734 2719 ὀδυνηρῶς.
752 2667 770 2699 ι
801 2650 913 2702 Καὶ
939 2651 1048 2718 γὰρ
1081 2648 1349 2718 ἐμφύεται
1378 2647 1465 2701 διὰ
1486 2647 1579 2702 τοῦ
1602 2648 1812 2718 δήγμα-

234 2758 334 2802 τος
356 2742 508 2792 τουτὶ
528 2741 588 2793 τὸ
612 2740 750 2803 ζῶον
780 2743 890 2801 τοῖς
916 2739 1155 2809 σώμασι.
1174 2740 1495 2809 Κυνόμύιαν
1516 2739 1574 2792 δὲ
1596 2739 1811 2793 ἀκούων

232 2832 301 2885 τὸ
364 2832 596 2894 αῠθαδες
648 2831 757 2883 νόει
811 2829 906 2883 τοῦ
962 2830 1146 2894 ζώου’
1183 2830 1440 2902 καθάπερ
1493 2832 1603 2902 γὰρ
1655 2832 1810 2903 βέλος

202 2922 627 2993 ,εἰσπετομένω
673 2921 781 2972 τῶν
815 2921 1130 2988 Αἰγυπτίων
1173 2923 1267 2974 καὶ
1310 2922 1488 2991 μόνων
1524 2938 1810 2994 κατεπεμ.

235 3013 501 3067 ϐαίνουσα
528 3008 617 3082 ἦν.
640 3014 748 3066 Καὶ
772 3013 929 3066 τοῦτο
959 3013 1198 3083 δηλοῦσα
1220 3014 1254 3083 ἡ
1273 3012 1464 3085 Γραφὴ
1497 3016 1637 3068 κατὰ
1658 3014 1809 3081 λέξιν

1984 2280 2189 2345 Quarta
2235 2279 2386 2349 plaga
2422 2277 2563 2331 Deus
2591 2276 2875 2347 [Egyplios
2908 2293 3001 2347 per
3059 2294 3291 2342 muscas,
3350 2293 3486 2347 quas

1912 2371 2137 2423 caninas
2168 2370 2457 2438 appellant,
2495 2370 2728 2422 vexavit.
2765 2369 2918 2428 Nam.
2984 2379 3039 2423 ut
3101 2373 3271 2423 sacris
3314 2381 3397 2425 est
3433 2374 3484 2423 in

1914 2458 2153 2524 Litteris,
2202 2459 2467 2514 efﬁciente
2510 2461 2617 2513 Deo
2673 2470 2814 2514 tanta
2858 2477 3168 2515 muscarum
3204 2464 3283 2515 vis
3324 2472 3487 2530 atque

1916 2550 2206 2605 multitudo
2253 2551 2307 2604 in
2360 2550 2666 2606 Pharaonis
2706 2554 2849 2606 aedes
2891 2562 2946 2607 et.
2986 2563 3151 2606 totam
3190 2554 3481 2625 [Egyptuni

1914 2649 2000 2695 est
2038 2642 2301 2705 immissa,
2341 2650 2399 2696 ut
2428 2640 2495 2697 ab
2526 2646 2604 2698 eis
2631 2643 2885 2698 universa
2913 2646 3058 2714 regio
3086 2646 3486 2703 devastaretur.

1914 2731 2179 2786 Nimirum
2218 2749 2323 2788 non
2386 2733 2509 2787 sine
2542 2732 2727 2788 dolore
2778 2737 2978 2791 animal
3017 2737 3119 2791 lioc
3174 2738 3225 2791 in
3256 2754 3486 2807 corpora

1914 2839 2097 2879 morsu
2128 2834 2407 2894 penetrat;
2439 2841 2678 2895 cumque
2709 2829 2939 2882 caninas
2968 2830 3226 2899 appellari
3270 2848 3485 2888 muscas

1913 2918 2090 2980 audis,
2137 2917 2241 2972 hoc
2273 2919 2450 2988 ipsum
2504 2921 2572 2972 ad
2622 2921 3013 2990 impudentiam
3044 2933 3099 2976 et
3149 2923 3488 2978 ferocitatem

1912 3009 2165 3063 animalis
2186 3009 2406 3074 referto,
2437 3012 2581 3081 quod
2618 3012 2868 3068 involans
2901 3014 2952 3067 in
2992 3030 3198 3069 morem
3230 3016 3319 3070 teli
3345 3016 3490 3071 solos

233 3102 385 3157 οῦτω
401 3103 569 3172 φησί’
623 3120 643 3153 ι
677 3101 781 3157 Kal
809 3102 1257 3173 παραδοξάσομαι
1309 3103 1408 3174 τὴν
1457 3106 1558 3174 γῆν
1589 3105 1803 3174 Γεσὲμ,

1912 3099 1962 3154 in
1998 3099 2277 3170 [Egyptios
2334 3102 2596 3156 irruebat.
2633 3104 2745 3160 lloc
2778 3105 3017 3161 indicare
3078 3107 3294 3163 Litterae
3324 3124 3491 3163 sacra:

234 3194 329 3265 ἐφ’
355 3190 424 3265 ἦς
451 3197 479 3248 6
506 3194 634 3258 λαός
666 3212 765 3264 μου
799 3196 885 3249 ἐπ’
914 3196 1103 3264 αὐτῆς,
1137 3196 1221 3264 ἐφ’
1314 3198 1413 3251 οὐκ
1454 3198 1598 3252 ἔστιν
1630 3200 1747 3252 ἐκεῖ
1776 3201 1810 3269 ἡ

235 3285 537 3353 κυνόμυιαν
563 3285 651 3337 ἵνα
686 3284 799 3355 ἴδῃς
821 3285 905 3337 ὅτι
935 3283 1044 3352 ἐγὼ
1076 3285 1278 3355 Κύριος
1298 3289 1326 3340 ὁ
1348 3285 1480 3350 Θεός
1502 3302 1596 3339 σου
1632 3287 1813 3356 πάσης

233 3380 345 3448 τῆς
375 3380 501 3448 γῆς.
534 3377 643 3431 Kal
671 3376 939 3430 διαστελῶ
964 3377 1237 3447 ἀναμέσον
1264 3377 1358 3431 τοῦ
1385 3379 1518 3447 ἐμοῦ
1555 3379 1686 3432 λαοῦ
1718 3381 1814 3433 καὶ

237 3470 525 3535 ἀναμέσον
558 3468 653 3520 τοῦ
691 3466 784 3520 σοῦ
815 3467 967 3521 λαοῦ.
1006 3487 1024 3519 ›
1056 3470 1246 3522 Δέεται
1279 3470 1371 3523 οῦν
1409 3471 1501 3535 ἐπὶ
1549 3472 1758 3533 τούτοις
1785 3475 1813 3526 6

234 3557 451 3624 Μωσῆς
485 3557 579 3609 τοῦ
627 3556 785 3622 Θεοῦ,
827 3555 922 3609 καὶ
955 3558 1197 3627 περιεῖλε
1228 3558 1327 3625 τὴν
1374 3558 1673 3628 κυνόμυιαν
1701 3558 1812 3611 ἀπὸ

235 3650 339 3702 τοῦ
370 3648 594 3719 Φαραὼ,
623 3650 716 3702 καὶ
749 3649 849 3702 οὐκ
879 3648 1142 3719 ἠθέλησεν
1168 3649 1551 3713 ἐξαποστεῖλαι
1590 3652 1808 3716 αὐτούς.

1908 3192 2151 3247 volentes
2181 3194 2265 3248 bis
2288 3194 2417 3264 ipsis
2441 3196 2622 3250 verbis
2653 3212 2764 3251 usae
2784 3208 2913 3253 sunt
2939 3218 2950 3253 ι
2980 3218 2996 3250 ι
3020 3200 3308 3256 Gesemam
3332 3218 3492 3269 vero,

1914 3302 2020 3357 qua
2052 3288 2106 3341 in
2139 3296 2281 3343 terra
2314 3289 2547 3357 populus
2570 3305 2723 3346 meus
2750 3292 2915 3363 degit,
2946 3306 3143 3364 printer
3171 3296 3487 3365 opinionem

1917 3377 2198 3433 hominum
2236 3380 2532 3435 immunem
2584 3382 2804 3450 faciam,
2848 3395 2907 3439 ut
2952 3388 3003 3441 iu
3059 3403 3122 3442 ea
3182 3389 3344 3443 nullie
3382 3392 3493 3443 sint

1919 3488 2153 3539 muscas;
2186 3490 2294 3544 quo
2325 3475 2535 3531 scilicet
2564 3477 2833 3548 intelligas
2881 3495 2966 3533 me
3001 3479 3303 3549 Dominum,
3324 3484 3490 3538 Deum

1916 3579 2039 3619 esse
2064 3566 2120 3619 in
2152 3566 2330 3631 terris,
2363 3567 2458 3636 qui
2485 3566 2781 3623 discrimen
2827 3572 2970 3625 inter
3012 3588 3192 3627 meum
3228 3584 3491 3644 tuumque

1912 3659 2172 3727 populum
2200 3673 2399 3729 ponam
2427 3660 2495 3714 “.
2536 3679 2554 3711 ι
2599 3660 2912 3718 Secundum
2942 3665 3058 3720 haec
3085 3666 3281 3723 iterum
3310 3669 3489 3724 Moses

237 3747 423 3801 Deum
487 3745 833 3815 deprecatur,
861 3746 950 3830 qui
987 3756 1204 3800 muscas
1233 3746 1355 3801 illas
1393 3747 1619 3802 caninas
1682 3764 1713 3803 a
1754 3748 2044 3807 Pharaone
2079 3755 2392 3827 populoque
2423 3756 2597 3826 ipsius
2632 3758 2813 3829 abegit
2856 3761 2928 3816 ita
2995 3772 3052 3817 ut
3098 3779 3165 3817 ne
3212 3781 3316 3820 una
3368 3768 3493 3835 ιιιιί-

236 3840 372 3894 dem
408 3839 614 3910 reliqua
638 3838 812 3905 foret;
848 3836 944 3894 s'ed
978 3840 1194 3896 Pharao
1259 3849 1371 3895 tum
1423 3854 1642 3912 quoque
1693 3859 1851 3899 suum
1893 3847 2246 3916 pertinaciter
2304 3849 2594 3907 obduravit
2632 3852 2896 3917 animum,
2953 3870 3055 3910 nec
3104 3857 3361 3927 populum
3414 3860 3495 3913 di-

234 3933 466 3989 mittere
496 3932 687 3989 voluit.
855 3930 869 3940 ’

324 4028 562 4098 Πέμπτη
589 4026 773 4097 πληγὴ
799 4028 833 4099 ὴ
867 4025 975 4080 τῶν
997 4028 1348 4097 τετραπόδων
1367 4028 1560 4100 φθορά.
1588 4047 1607 4081 ‹
1630 4029 1763 4084 Ἰδοὺ
1795 4049 1814 4083 ι

1990 4033 2177 4106 Itaque
2206 4048 2394 4093 secuta
2426 4047 2513 4095 est
2551 4040 2707 4114 plaga
2738 4044 2955 4113 quinta,
2999 4044 3251 4101 videlicet
3273 4048 3493 4117 jumeno

239 4119 362 4189 γάρ
400 4134 535 4187 φησι
565 4116 699 4186 πρὸς
727 4117 928 4187 Φαραὼ
967 4118 995 4169 6
1020 4117 1249 4188 Μωσῆς,
1285 4135 1306 4170 ι
1346 4118 1431 4171 δτι
1456 4120 1576 4191 χεὶρ
1613 4120 1814 4191 Κυρίου

1920 4132 2098 4181 torum
2129 4134 2185 4180 et
2237 4142 2496 4197 pecorum
2528 4134 2771 4189 omnium
2823 4135 2961 4190 lues.
3016 4135 3105 4191 Sic
3147 4116 3291 4194 enim
3326 4158 3492 4198 sacra:

230 4212 407 4265 ἔσται
434 4212 498 4262 ὲν
540 4210 672 4262 πᾶσι
702 4211 815 4271 τοῖς
841 4208 1065 4280 κτήνεσι
1106 4225 1222 4276 σου,
1255 4209 1350 4263 καὶ
1380 4209 1607 4274 θάνατος
1648 4212 1814 4280 μέγας

1920 4216 2141 4274 Littera:
2168 4228 2422 4276 narrant:
2459 4241 2479 4274 ι
2519 4222 2662 4279 Dixit
2686 4227 2960 4284 Pharaoni
3000 4230 3196 4292 Moses.
3232 4234 3307 4288 En
3367 4252 3484 4290 ma-

232 4301 485 4369 σφόδρα.
529 4300 639 4353 Kal
669 4300 895 4367 ἐποίησε
942 4298 1146 4369 Κύριος
1190 4300 1253 4352 τὸ
1302 4300 1457 4371 ῥῆμα
1493 4301 1651 4355 τοῦτο
1675 4341 1691 4367 ,
1729 4304 1814 4357 καὶ

1920 4324 2050 4364 num
2078 4325 2230 4366 suam
2272 4312 2532 4370 Dominus
2559 4316 2610 4371 in
2646 4321 2826 4374 omnia
2863 4331 2955 4377 tua
2986 4322 3230 4389 iumenta
3280 4328 3357 4383 sic
3386 4329 3489 4383 im-

224 4391 615 4460 ἐτελεύτησαν
665 4390 844 4444 πάντα
873 4388 941 4444 τὰ
988 4391 1158 4461 κτήνη
1198 4391 1306 4444 τῶν
1336 4393 1672 4462 Αἰγυπτίων,
1710 4394 1814 4448 ἀπὸ

1922 4400 2124 4466 mittet,
2155 4410 2216 4457 ut
2238 4402 2432 4473 ingens
2454 4405 2813 4464 subsecutura
2847 4412 2918 4466 sit
2939 4388 3077 4468 lues.
3110 4413 3371 4486 Fecitque
3397 4419 3500 4475 Do-

216 4487 300 4539 δὲ
354 4482 465 4535 τῶν
502 4482 713 4553 κτηνῶν
761 4481 871 4536 τῶν
900 4481 1033 4535 υίῶν
1072 4482 1290 4552 Ἰσραὴλ
1320 4484 1672 4555 ἐτελεύτησεν
1699 4485 1814 4538 οὐδὲ

1927 4493 2131 4559 minus,
2156 4495 2301 4583 quod
2334 4496 2572 4553 minatus
2609 4512 2746 4567 erat,
2775 4511 2830 4557 et
2874 4506 3051 4561 omnis
3083 4481 3298 4578 generis
3328 4512 3495 4583 ngy-

217 4578 359 4631 ἒν.»
414 4574 716 4647 Ἐὅαρύνθη
750 4574 842 4629 οῦν
867 4575 901 4645 ἡ
933 4573 1130 4645 καρδία
1182 4574 1402 4647 Φαραὼ,
1433 4578 1530 4632 καὶ
1558 4578 1660 4631 οὐκ
1687 4576 1814 4659 ἀπέτ

1928 4580 2168 4650 ptiorum
2199 4562 2490 4652 pecoribus
2539 4588 2790 4655 mortuis,
2824 4606 2894 4646 ne
2927 4562 3113 4649 unum”
3141 4598 3360 4667 quidem
3402 4562 3499 4671 liii-

216 4668 430 4723 στειλε
459 4667 552 4721 τὸν
577 4667 727 4723 λαόν.

1929 4678 2172 4724 mentum
2191 4673 2473 4743 exiisquas
2489 4675 2729 4733 lsraelici
2754 4683 3107 4749 possidebant
3139 4688 3346 4745 interiit
3377 4667 3442 4747 δέ.
3477 4715 3495 4747 ι

1932 4758 2295 4819 Nihilominus
2323 4765 2644 4825 ohllrmatus
2670 4780 2753 4825 est
2790 4770 3091 4833 Pharaonis
3129 4782 3366 4850 animus,
3397 4802 3498 4842 nec

1927 4855 2161 4911 abeundi
2194 4865 2518 4927 potestatem
2541 4864 2743 4933 populo
2769 4866 2918 4923 fecit.

1997 4945 2361 5040 Quamobrem
2400 4952 2613 5025 plagam
2668 4958 2808 5015 Deus
2838 4970 3045 5018 sextam
3090 4965 3336 5036 immisit,
3378 4986 3500 5040 quae

1924 5039 2267 5107 pustularum
2297 5051 2413 5098 erat
2444 5047 2796 5116 exulceratio,
2840 5053 2981 5109 sicut
3023 5068 3216 5113 amtor
3257 5039 3498 5118 historia:

1924 5144 2094 5185 sacra:
2126 5143 2332 5203 narrat.
2368 5135 2900 5210 «Quemadmodum,
2927 5148 3190 5219 inquit",
3237 5151 3497 5209 Dominus

1929 5234 2278 5293 praeceperat,
2313 5231 2549 5300 sumpsit
2602 5231 2781 5290 Moses
2829 5235 3067 5296 favillam
3106 5243 3173 5297 de
3217 5245 3447 5302 calcaria
3482 5291 3496 5314 ,

1926 5323 2207 5383 spectante
2247 5318 2532 5377 Pharaone
2560 5362 2576 5388 ,
2629 5333 2795 5395 atque
2825 5327 2972 5384 illam
3012 5332 3063 5385 in
3094 5348 3221 5388 aera
3273 5338 3494 5407 sparsit.

1926 5404 2063 5459 Tum
2096 5408 2276 5463 ulcera
2308 5414 2648 5484 pustulasque
2692 5418 2968 5477 ferventes
2996 5428 3252 5481 exstitere
3283 5404 3389 5482 tam
3442 5431 3496 5484 in

1928 5496 2238 5555 hominibus
2275 5516 2435 5571 quam
2469 5507 2681 5564 cmteris
2715 5512 3194 5582 quadrupedibus,
3242 5518 3382 5574 adeo
3435 5529 3501 5575 ut

1923 5587 2024 5657 ipsi
2048 5591 2212 5645 etiam
2244 5596 2472 5651 venefici
2496 5600 2730 5670 amplius
2752 5614 2973 5676 propter
2992 5607 3174 5665 ulcera
3192 5612 3497 5668 consistere

324 4936 510 5006 Ἐκτη
542 4931 725 5004 πληγὴ
759 4934 793 5005 ἡ
834 4934 945 4988 τῶν
993 4936 1298 5005 φλυκτίδων
1345 4936 1592 5000 ἐπίθεσις
1614 4942 1638 5000 ,λ
1678 4939 1822 4994 καθά

200 5043 441 5100 φησιν·
490 5042 510 5076 ι
555 5026 815 5096 Ἐλάλησε
847 5026 1054 5097 Κύριος
1112 5027 1207 5083 καὶ
1244 5028 1403 5082 ἔλασε
1456 5029 1661 5099 Μωσῆς
1719 5033 1821 5100 τὴν

200 5118 489 5186 αἰθάλην
519 5117 616 5186 τῆς
646 5117 878 5187 καμίνου
930 5119 1175 5173 ἐναντίον
1208 5119 1573 5190 Φαραὼ,’καὶ
1616 5122 1819 5176 ἐπασεν

194 5216 289 5269 αὑ
309 5213 421 5275 τὴν
447 5210 526 5272 ιίς
560 5209 649 5261 τὸν
676 5210 923 5280 οὐρανόν.
947 5211 1058 5263 Kal
1090 5210 1309 5279 ἐγένετο
1340 5211 1494 5283 ἕλκη,
1532 5212 1819 5281 φλυκτίδες

189 5302 574 5366 ἀναζέουσαι
608 5300 666 5353 ἕν
698 5319 757 5354 τε
786 5304 900 5365 τοῖς
935 5302 1248 5372 ἀνθρώποις
1278 5303 1374 5355 καὶ
1400 5305 1456 5357 ὲν
1488 5305 1601 5366 τοῖς
1629 5305 1823 5374 τετρά-

190 5413 397 5461 ττοσι,
428 5394 523 5445 καὶ
545 5394 645 5446 οὐκ
670 5392 935 5461 ἠδύναντο
964 5395 1011 5446 οἱ
1046 5396 1329 5463 φαρμακοὶ
1360 5396 1553 5465 στῆναι
1580 5399 1821 5449 ἐναντίον

184 5487 440 5547 bimas!
468 5484 555 5538 διὰ
590 5487 657 5538 τὰ
707 5486 865 5555 ἕλκη.
919 5483 1052 5540 Eine
1077 5488 1132 5539 δὲ
1175 5488 1380 5560 Κύριος
1416 5489 1554 5559 πρὸς
1587 5492 1817 5562 Μωσῆνο

190 5577 549 5652 συρορισον
588 5581 647 5631 τὸ
680 5577 842 5648 πρωῒ,
883 5580 977 5632 καὶ
1028 5579 1148 5633 εἰπὲ
1188 5583 1323 5650 πρδς
1355 5582 1579 5653 Φαραώ·
1632 5584 1695 5637 El
1743 5586 1819 5657 μὴ

276 5747 344 5780 ⁵³
388 5740 563 5798 Exod.
608 5757 724 5809 vui,
758 5743 842 5799 lO.
879 5744 923 5778 “
954 5746 1081 5801 ibid.
1118 5748 1201 5800 12.
1279 5750 1323 5781 ⁵⁵
1353 5749 1523 5807 Exod.
1554 5769 1626 5815 ix,
1804 5757 1848 5788 ³⁸
1887 5757 2012 5815 ibid,
2052 5761 2137 5813 ll.
