4204 6450
231 343 334 402 ⁶ὶ9Ί

1461 339 1742 399 ANNAIJ
1760 339 1867 400 UM
1907 341 2096 400 PARS
2141 340 2220 397 ll.

3350 323 3452 384 9.93

233 453 354 505 σθαι
386 451 696 520 δυνάμενοι,
721 449 797 520 τῷ
835 450 1035 520 Φαραὼ
1061 449 1363 516 κατεϐόων,
1393 449 1479 519 ἐφ’
1509 445 1554 519 ᾧ
1593 451 1798 504 καὶτὸν
1826 459 1852 514 Α

1959 452 2097 513 edia,
2159 448 2305 502 nullo
2339 457 2560 515 urgente
2609 445 2819 506 morbo,
2883 444 3031 497 liberi
3091 437 3460 510 :l-Zgyptiormn

229 543 353 596 λαὸν
391 541 542 595 ἄκων
580 542 842 596 ἀπέλυσε.

1899 540 2389 595 interﬁciebantur.
2446 535 2581 591 Cum
2618 546 2796 588 autem
2847 532 3085 586 diluculo
3119 531 3464 599 expergisce-

230 645 424 687 rentur
461 643 513 687 et
542 632 894 688 charissimos
954 643 1111 690 natos
1161 634 1460 690 exstinctos
1504 633 1757 687 viderent
1783 670 1798 694 ,
1837 647 1946 685 non
2017 631 2124 701 iam
2192 629 2427 700 amplius
2461 644 2518 684 se
2555 626 2713 698 154,
2745 626 3025 681 continere
3057 625 3299 679 valentes
3344 635 3464 674 eum

231 724 555 778 clamoribus
595 723 932 778 Pharaonem
990 727 1245 792 adibant;
1283 728 1480 796 quibus
1529 726 1620 780 ille
1681 732 1963 794 permotus
1997 721 2252 790 populum
2291 720 2506 773 tandem
2537 719 2616 771 vel
2657 719 2858 772 invitus
2882 717 3112 771 dimisit.

301 817 449 884 Πλὴν
481 817 573 868 ἐπὶ
599 817 836 882 τούτοις,
869 818 1145 887 ἀγαπητὲ,
1199 818 1274 889 μὴ
1307 819 1626 883 ἀνθίστασο,
1664 817 1799 888 μηδὲ

235 907 359 972 λέγε
388 908 471 959 ὅτι
507 906 569 960 El
606 908 645 968 ό,
670 908 803 972 Θεδς
847 909 1139 980 σκληρύνει
1183 910 1282 980 τὴν
1311 909 1544 980 καρδίαν
1575 909 1796 980 Φαραὼ,

236 998 382 1060 τίνος
441 998 632 1054 ἕνεκεν
685 1001 1060 1072 ἐπιμέμφεται
1124 1003 1274 1074 αὐτῷ
1332 1003 1797 1073 σκληρυνομένῳ;

236 1088 474 1140 Γίνωσκε
505 1090 613 1157 γὰρ
644 1091 782 1160 ὅτιὴ
819 1092 982 1162 ἀνοχὴ
1033 1093 1142 1146 τῶν
1185 1094 1471 1162 μαστίγων
1516 1093 1666 1146 αἰτία
1703 1093 1803 1156 τῆς

237 1179 546 1247 πωρώσεως
573 1181 720 1251 αὐτῷ
752 1182 1002 1250 γέγονεν,
1056 1183 1130 1248 ὡς
1177 1186 1206 1236 ό
1237 1186 1408 1254 μέγας
1447 1187 1582 1254 φησὶ
1635 1184 1802 1237 Βασί-

238 1269 398 1328 λειος.
439 1267 574 1320 Οὐδὲ
616 1270 725 1339 γὰρ
756 1270 1011 1325 εἴκουσαν
1041 1273 1140 1342 τὴν
1189 1274 1400 1328 ἐκείνου
1438 1275 1667 1346 καρδίαν
1704 1275 1802 1329 λα·-

238 1357 353 1408 6ὼν
380 1353 473 1410 καὶ
513 1359 841 1431 πειθομένην
871 1363 1036 1416 αὐτοῦ
1060 1366 1173 1428 τοῖς
1202 1367 1614 1436 προστάγμασι,
1667 1368 1804 1436 πρὸς

243 1446 302 1498 τὸ
334 1447 570 1517 σκληρὸν
598 1451 694 1504 καὶ
723 1451 948 1516 ἀπειθὲς
977 1453 1375 1522 μετεπλάσατο.
1409 1457 1487 1525 Τῇ
1529 1457 1808 1527 μακροθυ-

243 1537 348 1607 μίᾳ
372 1538 558 1592 λοιπὸν
589 1542 684 1597 ἐπὶ
725 1542 888 1595 πλέον
921 1543 1096 1597 ἐποίει
1142 1545 1346 1614 ταύτην
1383 1546 1801 1619 σκλτιούνεσθαι.

1971 815 2239 868 Caeterum
2291 813 2414 866 nolo
2438 823 2510 875 te,
2537 811 2734 865 dilecte
2777 811 2871 873 tili,
2926 809 3024 862 hac
3080 809 3133 861 in
3163 806 3471 860 narratione

1902 905 2038 958 mihi
2091 903 2444 972 refragrando
2475 901 2774 965 adversari,
2814 914 2914 954 nec
2949 897 3269 966 huiusmodi
3321 896 3474 962 quid-

1902 997 2025 1050 dam
2055 995 2297 1065 obiicere
2325 1013 2337 1046 :
2374 993 2430 1046 Si
2465 993 2603 1045 Deus
2631 992 2870 1046 animmn
2905 989 3202 1044 Pharaonis
3232 987 3474 1042 obstina-

1907 1098 2018 1142 tum
2044 1087 2300 1150 reddidit,
2333 1085 2684 1153 quamobrem
2719 1083 3072 1152 pertinaciter
3108 1090 3162 1134 ct
3191 1081 3476 1133 obﬁrmato

1906 1178 2087 1232 animo
2139 1178 2242 1230 sibi
2310 1175 2602 1229 reluctanti
2662 1173 2968 1227 irascitur?
3018 1170 3280 1225 Nimirum
3337 1169 3477 1221 seire.

1906 1269 2075 1324 debes
2113 1267 2463 1322 amictionum
2520 1265 2862 1321 tolerantiam
2893 1265 3058 1319 fuisse
3088 1277 3307 1316 causam
3361 1261 3479 1313 uui-

1907 1374 2048 1422 cam,
2082 1358 2243 1412 sicuti
2278 1374 2504 1427 magnus
2553 1358 2641 1412 ille
2665 1357 2893 1410 Basilius
2924 1354 3181 1422 loquitur.
3215 1351 3480 1422 quamob~

1909 1467 2021 1503 rem
2057 1451 2266 1503 Pharao
2320 1460 2605 1518 tantopere
2662 1466 2818 1502 suum
2881 1448 3117 1500 animum
3167 1443 3478 1498 obduraret.

1912 1540 2054 1594 Deus
2081 1541 2249 1598 enim.
2274 1541 2366 1608 qui
2405 1541 2643 1594 animum
2669 1541 2785 1607 ejus
2818 1539 2958 1591 haud
3002 1537 3287 1590 cedentem
3338 1535 3486 1588 suis-

246 1623 392 1694 Ὅρα
413 1625 522 1696 γὰρ
547 1627 622 1691 ὡς
663 1629 882 1682 ἐπειδὰν
913 1632 1117 1700 ἐπῆγεν
1145 1633 1232 1685 ἐπ’
1253 1635 1418 1687 αὑτὸν
1448 1616 1544 1697 τάξ
1573 1635 1809 1705 πληγὰς,
1848 1617 1852 1666 ¹

1959 1648 2026 1685 ne
2091 1633 2362 1686 mandatis
2416 1635 2881 1700 obtemperantem
2925 1627 3245 1698 accepisset,
3285 1641 3488 1693 nequa-

243 1715 502 1768 ἀπολύειν
535 1718 626 1771 τὸν
649 1718 777 1774 λαὸν
815 1722 1204 1791 ἐπηγγέλλετο,
1234 1726 1398 1794 ἡνίκα
1429 1727 1486 1779 δὲ
1517 1727 1668 1795 ἠφίει
1702 1726 1812 1778 τῶν

248 1803 498 1871 βασάνων
530 1807 714 1874 αὑτὸν,
749 1810 1134 1881 ἐσκληρύνετο.
1185 1814 1254 1866 '0
1302 1814 1364 1884 δὴ
1397 1816 1492 1869 καὶ
1543 1817 1578 1884 ἠ
1620 1817 1658 1866 Γ
1665 1816 1812 1886 ραφὴ

245 1895 594 1959 σημαίνουσα
633 1897 840 1965 ἔλεγεν
877 1919 898 1952 ι
943 1901 1090 1956 Ἰδὼν
1119 1903 1178 1956 δὲ
1226 1905 1427 1975 Φαραὼ
1469 1907 1552 1959 ὅτι
1581 1908 1814 1974 Γέγονεν

242 1983 528 2052 ἀνάφυξις,
558 1987 791 2058 ἐϐάρυνε
821 1992 923 2061 τὴν
942 1994 1171 2063 καρδίαν
1193 1997 1384 2061 αὑτοῦ,
1403 1998 1498 2050 καὶ
1527 1999 1628 2051 οὐκ
1661 1999 1814 2068 εἰσήο

247 2093 445 2130 κουσεν
497 2079 702 2138 αὐτῶν.
759 2068 1056 2139 Ἀλλδίκαὶ
1079 2087 1246 2140 αὑτοῦ
1288 2089 1541 2157 λέγοντος
1583 2091 1818 2145 ἄκουσον

244 2164 346 2218 τοῦ
378 2165 515 2219 Θεοῦ
550 2167 632 2220 ὅτι
661 2168 757 2230 Ei;
777 2169 911 2223 αὐτὸ
947 2171 1106 2226 τοῦτο
1133 2175 1394 2246 ἐξήγειρά
1431 2194 1514 2242 σε,
1545 2177 1692 2240 ὅπως
1734 2181 1819 2234 ἐν-

244 2253 513 2322 δείξωμαι
553 2257 612 2308 ἐν
646 2257 730 2309 σοὶ⁵
757 2257 857 2328 τὴν
898 2259 1131 2330 δύναμίν
1169 2280 1307 2332 μου,
1351 2267 1445 2318 καὶ
1474 2268 1622 2330 ὅπως
1667 2271 1819 2340 διαγ-

249 2343 425 2414 γελθῇ
458 2345 519 2398 τὸ
546 2348 719 2416 ὁνομά
751 2367 854 2419 μου
885 2353 943 2404 ὲν
978 2353 1130 2425 πάσῃ
1175 2358 1242 2426 τῇ
1276 2359 1370 2427 γῇ.
1411 2357 1498 2427 Μὴ
1528 2359 1655 2428 λέγε
1698 2361 1818 2415 δια-

253 2436 612 2507 πορούμενος,
638 2439 755 2495 Ἵνα
787 2444 1062 2520 γνωρίζῃς
1087 2447 1188 2517 τὴν
1219 2447 1449 2519 δύναμίν
1499 2469 1618 2515 σου,
1659 2454 1822 2507 κολά-

253 2525 372 2590 ζεις
419 2528 747 2600 ἄνθρωπον;
783 2534 954 2603 Ἄφες
992 2535 1154 2599 αὐτὰ,
1185 2537 1279 2590 καλ
1313 2541 1548 2610 πρόσχες
1577 2541 1712 2612 τῷδε
1746 2544 1824 2614 τῷ

254 2616 640 2686 ὑποδείγματι.
671 2621 738 2674 Ἦ
771 2623 990 2694 ίατρικὴ
1018 2626 1182 2696 τέχνη
1213 2628 1488 2698 ὠφέλιμόν
1516 2649 1575 2685 τι
1598 2637 1824 2703 ποιῆσαι

255 2709 327 2776 τῇ
370 2708 687 2784 ἀνθρωπίνῃ
733 2714 892 2782 φύσει
945 2719 1324 2784 σπουδάζουσα
1358 2723 1568 2787 ζῶντας
1619 2726 1826 2798 ἀνθρὼ-

264 2812 404 2859 nou;
451 2800 735 2870 ἀνέτεμεν.
779 2805 920 2857 Ἀλλ’
964 2803 1032 2878 ἦν
1067 2811 1166 2876 μὲν
1200 2814 1296 2866 καὶ
1336 2813 1494 2867 τοῦτο
1527 2816 1732 2883 ἄδικον,
1766 2819 1826 2872 τὸ

256 2887 348 2939 διὰ
383 2889 481 2958 τὴν
513 2892 715 2962 ἐτέρων
764 2898 1041 2968 σωτηρίαν
1075 2900 1283 2968 ζῶντας
1323 2905 1520 2968 ἄλλους
1575 2906 1824 2964 θύεσθαι.

189 2994 197 3000 '
257 2980 327 3031 Τί
354 2977 448 3033 οὖν
479 2983 698 3038 ἐποίουν
739 2989 792 3040 oi
824 2992 1078 3060 ἀρχαῖοι;
1121 2995 1225 3048 Τὸν
1277 2997 1680 3068 κατακριθέντα
1731 3001 1828 3054 θα-

256 3072 406 3143 νάτῳ
437 3076 730 3133 ὑποπεσεῖν
763 3082 851 3136 διὰ
881 3083 1136 3154 λῃστείαν
1167 3086 1200 3157 ἢ
1233 3089 1606 3157 φαρμακείαν,
1639 3091 1828 3147 τοῦτον

259 3167 634 3234 λαμϐάνοντες
667 3173 963 3243 ὰνέτεμνον
993 3177 1193 3244 ζῶντα,
1225 3179 1348 3232 οὔτε
1393 3181 1708 3246 ἀδικοῦντες
1739 3187 1831 3237 τὸν

262 3259 629 3327 κολαζόμενον
656 3265 749 3317 καὶ
771 3269 836 3336 τῇ
865 3267 1179 3342 ἀνθρωπίνῃ
1204 3273 1366 3338 φύσει
1397 3273 1653 3344 βοήθειαν
1677 3279 1834 3346 ἐφευ-

262 3350 570 3417 ρῖσκοντες.
616 3353 937 3424 Ἀνὲτεμνον
982 3355 1077 3412 οὖν
1131 3364 1339 3415 ἐκεῖνον
1370 3364 1580 3430 ζῶντα,
1616 3368 1703 3420 ἵνα
1751 3369 1834 3420 ἔτι

263 3441 618 3508 σπαιρόντων
654 3444 775 3496 τῶν
799 3447 1127 3519 σπλάγχνων
1161 3453 1522 3523 καταμάθωσι
1559 3456 1656 3527 τὴν
1685 3459 1836 3529 ἐνέρ-

259 3547 446 3592 γειαν.
480 3533 634 3587 Οὕτω
663 3537 762 3606 μὲν
799 3535 894 3592 οὖν
941 3542 1037 3594 καὶ
1087 3543 1116 3595 ό
1158 3545 1541 3616 ἀριστοτέχνης
1585 3549 1718 3613 Θεὸς
1748 3549 1834 3604 διὰ

257 3625 360 3676 τοῦ
395 3626 632 3690 ἀνιάτως
683 3631 1064 3702 ἡμαρτηκότος
1114 3637 1314 3707 Φαραὼ
1367 3642 1568 3708 σημεῖα
1621 3642 1835 3709 μεγάλα

259 3715 532 3783 δείκνυσι,
557 3719 647 3774 τὸν
675 3723 774 3790 μὲν
812 3724 964 3787 ἄξιον
995 3730 1270 3797 τιμωρίας
1301 3731 1564 3796 κολάζων,
1600 3735 1724 3794 τοὺς
1777 3734 1834 3786 δὲ

264 3810 416 3877 μετὰ
441 3810 615 3864 ταῦτα
671 3817 989 3884 γενομένους
1041 3818 1242 3888 ἄριστα
1274 3821 1614 3891 Θεραπεύων,
1656 3841 1834 3892 σωτη-

265 3901 396 3973 ρίας
435 3905 691 3960 ὑπόθεσιν
729 3909 829 3978 τὴν
877 3911 1090 3966 ἐκείνου
1133 3915 1404 3983 τιμωρίαν
1440 3917 1624 3979 αὐτοῖς
1669 3935 1838 3990 παρε-

263 3999 522 4067 χόμενος.
553 4001 664 4053 Καὶ
695 4003 822 4072 περὶ
850 4003 949 4073 μὲν
979 4005 1186 4059 τούτων
1215 4006 1409 4070 οὕτως.

194 3872 247 3909 ἢ

1919 1739 2080 1791 quam
2115 1723 2265 1778 illum
2299 1724 2363 1777 ad
2409 1723 2662 1777 duritiem
2715 1720 3174 1787 pertinaciamque
3211 1717 3380 1770 limit.
3415 1715 3489 1768 De

1921 1830 2030 1882 quo
2083 1814 2344 1882 consequi
2396 1827 2618 1866 necesse
2668 1821 2750 1867 cst
2805 1811 2896 1864 Dei
2950 1809 3235 1863 tolerantia
3289 1807 3486 1860 factum

1923 1903 2091 1957 fuisse
2139 1913 2194 1956 ut
2239 1903 2407 1974 magis
2437 1903 2650 1956 animus
2707 1901 2874 1971 ipsius
2917 1901 3320 1954 olilirmaretur.
3358 1897 3488 1950 Nam

1924 1995 2048 2048 ride
2097 1995 2252 2060 mihi,
2306 1994 2556 2058 obsecro,
2611 2009 2719 2061 quo
2766 2002 2924 2063 pacto
2979 2009 3067 2046 res
3122 2002 3271 2060 gesta
3306 1992 3489 2044 fuerit.

1924 2085 2146 2152 Quoties
2181 2086 2455 2140 hominem
2482 2084 2879 2138 calamitatibus
2922 2095 2976 2136 et
3004 2083 3174 2152 plagis
3227 2082 3492 2140 alliceret,

1926 2182 2274 2236 dimissurum
2313 2180 2402 2234 ille
2454 2195 2510 2232 sc
2563 2177 2821 2248 populum
2857 2178 3234 2246 pollicebatur.
3275 2176 3340 2228 At
3399 2172 3494 2227 ubi

1927 2290 1959 2328 υ
1987 2273 2196 2326 diverso
2221 2272 2380 2324 liuent
2411 2268 2680 2337 allligendi
2717 2268 2967 2331 faciebat,
3003 2269 3328 2322 obstinatior
3360 2281 3494 2321 cra-

1928 2361 2108 2418 debat.
2140 2360 2257 2415 Hoe
2290 2360 2529 2414 indicare
2557 2359 2800 2414 volentes
2829 2359 3050 2414 Littera:
3100 2375 3271 2414 sacrae
3320 2363 3502 2415 verbis

1932 2448 2240 2522 lhjusmodi
2277 2463 2406 2506 sunt
2462 2467 2610 2505 usae:
2651 2468 2668 2501 ι
2730 2450 2868 2505 Cum
2909 2451 3124 2506 Pharao
3175 2465 3235 2504 se
3267 2460 3416 2505 tanto
3469 2467 3499 2502 e

1931 2547 2071 2601 malo
2126 2546 2419 2616 respirasse
2467 2554 2755 2607 cerneret,
2815 2543 2869 2596 in
2905 2543 3286 2597 obfirmatione
3336 2543 3497 2598 animi

1931 2638 2162 2709 pristina
2223 2636 2487 2707 perstitit,
2523 2651 2625 2690 nec
2677 2635 2880 2689 Aaroni
2935 2635 3176 2705 Mosique
3235 2635 3432 2704 paruit.
3479 2655 3496 2684 ι

1932 2731 2072 2798 Quin
2126 2731 2288 2785 etiam
2339 2745 2463 2783 cum
2526 2729 2694 2782 Deum
2755 2729 2934 2796 ipsum
2987 2728 3252 2782 dicentem
3311 2729 3499 2781 audis:

1941 2844 1958 2875 ι
2008 2823 2246 2878 Excitavi
2284 2831 2336 2876 te
2370 2823 2513 2876 illam
2547 2822 2716 2889 ipsam
2751 2822 2820 2875 ob
2858 2837 3102 2884 causam,
3156 2830 3211 2873 ut
3267 2830 3503 2890 potesta-

1937 2924 2041 2970 tem
2080 2915 2135 2968 in
2170 2923 2222 2969 te
2275 2930 2448 2969 meam
2482 2914 2750 2968 deelarcm
2797 2930 2894 2983 per
2943 2914 3258 2967 universum
3315 2914 3502 2966 orbem

1938 3018 2227 3066 terrarum.
2271 3025 2288 3056 ι
2352 3006 2457 3058 noli
2491 3006 2675 3073 animo
2718 3005 2940 3075 ancipiti
2989 3021 3053 3059 ac
3105 3005 3389 3060 dubitante
3425 3007 3505 3058 di-

1941 3115 2103 3154 cere:
2136 3097 2280 3152 ltane
2315 3107 2598 3166 propterea
2641 3097 2800 3165 punis
2834 3097 3132 3160 hominem,
3169 3105 3228 3151 ut
3270 3107 3507 3166 potesta—

1943 3199 2050 3244 tcm
2079 3201 2222 3242 tuam
2260 3198 2505 3242 testatam
2542 3188 2742 3242 facias?
2779 3188 2980 3241 Omitte.
3030 3190 3177 3242 istrc
3227 3189 3410 3249 verba.
3453 3202 3506 3241 ot

1944 3283 2073 3336 huic
2103 3281 2347 3349 exetuplo
2401 3283 2640 3334 animum
2690 3281 2933 3334 adverte.
2988 3280 3088 3334 Ars
3133 3282 3338 3342 medica
3370 3298 3504 3334 non-

1946 3372 2082 3425 nihil
2141 3369 2421 3423 hominum
2481 3380 2688 3424 uaturre
2749 3371 2997 3423 utilitatis
3049 3370 3244 3424 alTerre
3311 3388 3507 3439 magno

1942 3461 2118 3516 studio
2149 3461 2332 3515 Volens
2382 3462 2531 3515 vivos
2588 3461 2836 3516 homines
2873 3477 3058 3515 secare
3095 3461 3360 3528 instituit:
3401 3460 3506 3513 Ve-

1941 3570 2060 3608 rum
2087 3555 2366 3607 enimvero
2391 3554 2732 3622 periniqumn
2766 3562 2820 3606 et
2853 3553 3210 3608 inhumanum
3237 3565 3355 3608 erat
3377 3556 3512 3608 alio-

1941 3661 2060 3698 rum
2095 3644 2289 3699 salutis
2313 3659 2474 3697 causa
2519 3643 2668 3696 rivos
2699 3642 2836 3696 alios
2872 3645 3120 3697 mactari.
3153 3645 3292 3710 Quid
3348 3645 3510 3715 igitur

1943 3738 2188 3791 homines
2214 3738 2286 3790 illi
2322 3736 2483 3805 prisci
2513 3738 2728 3790 tandem
2755 3737 3041 3792 fecerunt?
3069 3738 3337 3790 Nimirum
3362 3755 3510 3789 sum-

1944 3829 2045 3900 ptis
2080 3830 2144 3881 iis
2166 3829 2256 3898 qui
2287 3829 2365 3882 vel
2395 3829 2530 3883 alios
2559 3828 2852 3897 deprardati
2895 3829 3124 3882 fuissent
3165 3830 3246 3882 vel
3301 3847 3514 3882 veneno

1943 3919 2312 3980 susﬂlisst-nt,
2341 3933 2401 3971 ac
2435 3931 2718 3987 propterea
2763 3919 3108 3971 condemnati
3162 3919 3226 3971 ad
3285 3926 3513 3972 mortem

1944 4019 2147 4076 essem,
2181 4011 2331 4064 viros
2384 4012 2661 4065 secabant.
2703 4009 2812 4063 lloc
2844 4011 3005 4063 modo
3037 4010 3197 4062 liebat
3247 4017 3305 4063 ut
3339 4022 3516 4077 neque

265 4095 550 4164 puniendo
587 4096 793 4152 homini
822 4099 1062 4156 facerent
1094 4101 1350 4170 injuriam
1416 4112 1470 4158 et
1529 4115 1736 4160 naturae
1800 4107 2109 4160 mortalium
2167 4105 2368 4176 aliquid
2405 4105 2706 4176 adjumenti
2739 4107 3063 4175 reperirent.
3107 4103 3295 4172 Itaque
3337 4103 3515 4156 vivum

266 4189 512 4260 εὶῖίῑυοιη
580 4193 738 4246 talem
807 4195 1096 4262 secabant,
1149 4208 1206 4250 ut
1251 4198 1548 4253 visceribus
1617 4201 1794 4254 adhuc
1823 4183 2034 4264 motum
2086 4217 2242 4254 smun
2313 4202 2674 4257 retinentibus
2719 4217 2909 4257 eorum
2952 4199 3268 4255 eiicctiones
3316 4213 3518 4267 COgtto-

268 4301 514 4343 scerent.
553 4287 750 4344 Eodem
790 4298 946 4358 pacto
1009 4290 1152 4344 Deus
1189 4291 1385 4347 artifex
1449 4293 1536 4347 ille
1609 4295 2093 4362 prmstantissimus
2131 4296 2186 4348 in
2252 4294 2538 4351 Pharaone
2587 4296 2960 4350 insanabiliter
3011 4295 3362 4363 delinquentc
3399 4309 3520 4360 pro-

266 4384 422 4452 digia
453 4385 698 4452 quaedam
747 4385 984 4452 ingentia
1015 4388 1147 4452 edit,
1200 4397 1309 4441 tum
1363 4398 1421 4444 ut
1480 4390 1652 4455 ipsum
1724 4405 1910 4457 pinnas
1951 4391 2330 4443 commeritum
2369 4391 2606 4457 puniret,
2642 4399 2752 4444 tum
2803 4399 2861 4443 ut
2892 4388 3121 4458 posteris
3162 4387 3367 4456 optime
3393 4405 3522 4439 eon-

267 4479 502 4539 suleret,
527 4475 723 4544 quibus
756 4476 1057 4532 Pharaonis
1097 4477 1422 4548 supplicium
1462 4479 1614 4549 origo
1649 4481 1837 4534 salutis
1877 4481 2181 4534 exsisteret.
2253 4480 2320 4534 Et
2361 4481 2474 4535 hth
2520 4481 2738 4550 quidem
2791 4482 2842 4532 in
2891 4480 3036 4532 hunc
3103 4480 3320 4531 modum
3353 4479 3525 4545 expli-

261 4580 392 4628 cata
425 4579 607 4624 sunto.

343 4662 508 4718 Μετὰ
536 4663 593 4718 δὲ
618 4663 717 4732 τὴν
738 4663 976 4736 δεκάτην
1007 4664 1224 4737 πληγὴν
1258 4667 1447 4721 θύουσι
1484 4669 1543 4722 τὸ
1575 4667 1848 4737 πρόϐατον

2026 4666 2155 4722 Post
2209 4668 2477 4722 decimam
2529 4668 2672 4724 hanc
2727 4666 3087 4724 calamitatem
3143 4667 3527 4736 (Egyptiorum

254 4761 323 4814 οἱ
363 4757 611 4822 Ἐΰραῖοι
643 4758 737 4810 καὶ
772 4758 914 4811 οὕτω
937 4759 1037 4825 τῆς
1062 4760 1338 4826 Αἰγύπτου
1377 4761 1551 4823 tam
1582 4763 1724 4814 κατὰ
1749 4762 1847 4830 τὴν

253 4847 884 4919 τεσσαρεσκαιδεκάτην
942 4850 1045 4919 τῆς
1085 4851 1336 4921 σελήνης.
1384 4851 1499 4916 Ἐφ’
1536 4845 1580 4916 ᾧ
1618 4851 1715 4902 καὶ
1751 4850 1849 4902 νῦν

250 4945 354 4998 ἐτι
383 4943 528 4994 κατὰ
553 4941 614 4993 τὸ
636 4938 755 5002 ἔθος
782 4939 925 4993 οὕτω
949 4939 1161 5006 θύουσι,
1185 4940 1285 5009 τὴν
1318 4941 1513 5010 ἑορτὴν
1540 4939 1632 4993 τοῦ
1661 4942 1849 5009 Πάσχα

247 5030 616 5094 καλοῦντες·
680 5031 940 5102 σημαίνει
1001 5031 1058 5083 δὲ
1121 5033 1517 5098 ὑπερϐασίαικ
1580 5030 1723 5084 Ἀλλ’
1773 5031 1849 5094 ὼς

265 5125 557 5194 Ἰώσηπός
594 5139 752 5193 φησι,
801 5122 936 5176 διότι
977 5123 1099 5177 κατ’
1161 5123 1379 5193 ἐκείνην
1411 5125 1510 5192 τ’ὴν
1555 5123 1798 5194 ἑσπέραν
1823 5126 1852 5176 ὁ

243 5220 412 5279 Θεὸς
443 5217 624 5270 αὐτῶν
655 5218 902 5283 ὑπερϐὰς
921 5218 1244 5282 Αἰγυπτίοις
1270 5217 1618 5286 ἐναπέσκηψε
1642 5217 1740 5288 τὴν
1771 5218 1854 5270 νό-

246 5329 391 5364 σον.
420 5306 721 5376 Φεύγοντες
748 5307 794 5362 δ’
832 5303 926 5362 οὖν
952 5309 1000 5359 οί
1046 5307 1314 5376 Ἑϐραῖοι,
1364 5310 1458 5361 καὶ
1491 5307 1718 5376 μηδενὸς
1749 5309 1856 5359 τῶν

243 5405 391 5459 ἀπὸ
415 5399 516 5469 τῆς
541 5402 641 5470 γῆς
669 5399 1033 5470 εὐποροῦντες
1064 5401 1152 5454 διὰ
1181 5402 1280 5468 τὴν
1321 5402 1558 5471 ἐρημίαν
1602 5417 1856 5470 πεφυρα-

249 5495 477 5570 μένοις
500 5496 610 5556 τοῖς
642 5493 891 5564 ἀλεύροις
929 5493 1026 5548 καὶ
1064 5494 1338 5563 πεπηγόσι
1382 5494 1542 5563 μόνον
1575 5492 1682 5566 ἐπὸ
1719 5491 1855 5562 βρα-

241 5586 438 5662 χείας
489 5584 826 5655 θερμότητος
869 5589 980 5649 τοῖς
1028 5587 1123 5649 ἀπ’
1177 5585 1361 5638 αὐτῶν
1410 5585 1596 5654 ἄρτοις
1648 5583 1859 5652 διετρέ-

241 5690 471 5747 φοντο.
533 5673 644 5726 Καὶ
670 5673 882 5736 τούτοις
927 5675 1022 5726 ἐπὶ
1077 5675 1373 5762 τριάκοντα
1424 5675 1658 5744 ἡμέραις
1695 5670 1879 5742 ἔχρή-’

243 5782 470 5826 σαντο·
508 5765 646 5838 πρὸς
669 5766 899 5840 βλείονα
933 5768 1040 5838 γὰρ
1081 5767 1178 5820 οὐκ
1212 5765 1518 5838 ἐξήρκεσαν
1545 5767 1738 5837 κρίνον
1770 5765 1866 5818 αὐ-

1957 4761 2191 4815 lsraelici
2232 4775 2428 4830 agnum
2466 4768 2727 4828 mactant,
2785 4771 2948 4830 atque
2982 4761 3055 4812 ita
3089 4758 3308 4812 denmm
3365 4773 3530 4812 exce-

1956 4852 2092 4905 dunt
2119 4849 2371 4920 Egypto,
2392 4852 2478 4905 die
2505 4852 2708 4906 mensis
2727 4853 2870 4905 illius
2890 4851 3103 4904 decimo
3124 4858 3342 4917 quarto.
3373 4848 3531 4904 Unde

1959 4959 2074 4996 mos
2100 4942 2320 4996 inolevit
2348 4951 2401 4996 ut
2427 4943 2590 4996 etiam
2623 4958 2770 4996 nunc
2815 4957 3011 5012 agnum
3051 4941 3122 4992 ita
3157 4949 3418 5000 mactent,
3468 4955 3532 4992 ac

1959 5037 2154 5090 festum
2212 5034 2368 5104 155
2420 5035 2550 5089 illud
2600 5035 2804 5089 Paseha
2863 5041 3181 5099 mmcupant
3210 5069 3226 5096 ,
3276 5046 3395 5099 quae
3427 5046 3534 5084 vox

1959 5128 2242 5178 transitum
2276 5125 2564 5193 signilleat.
2596 5122 2741 5191 quod
2777 5121 3054 5183 nimirum,
3081 5117 3320 5187 Josepho
3373 5125 3531 5176 teste.

1955 5217 2097 5270 Deus
2152 5216 2244 5268 illo
2300 5228 2527 5282 vespere
2584 5211 2853 5266 transiens
2906 5209 3187 5262 Israelicos
3238 5204 3440 5259 caedem
3477 5204 3533 5256 in

1958 5307 2240 5378 Egyptios
2287 5305 2625 5360 immiserit..
2652 5300 2789 5356 llinc
2837 5300 3014 5372 fugam
3049 5299 3380 5368 arripientes
3423 5296 3536 5350 lle-

1959 5397 2111 5463 brazi,
2137 5415 2259 5451 eum
2287 5405 2444 5450 terra!
2471 5396 2748 5450 fructuum
2778 5393 2987 5462 copiam
3021 5391 3222 5444 nullam
3250 5388 3535 5450 haberent,

1957 5491 2101 5560 quod
2138 5499 2318 5545 essent
2342 5490 2431 5544 illa
2455 5489 2572 5543 loca
2622 5487 2856 5549 deserta,
2890 5485 3084 5539 saltem
3117 5481 3353 5552 panibus
3377 5477 3538 5533 vieti-

1963 5584 2168 5646 tabant,
2201 5584 2294 5652 qui
2327 5584 2393 5636 de
2432 5582 2608 5636 farina
2633 5579 2830 5634 leviter
2857 5577 3082 5632 subacta
3115 5583 3171 5629 et
3223 5573 3420 5644 exiguo
3449 5585 3542 5623 ca-

1963 5675 2076 5728 lore
2103 5681 2351 5744 per-cocta
2380 5672 2505 5726 facti
2535 5681 2742 5726 essent.
2774 5668 2868 5723 llis
2910 5667 2977 5723 ad
3008 5666 3340 5722 tricesimum
3371 5677 3544 5729 usque

1964 5766 2106 5819 diem
2149 5773 2275 5820 sunt
2307 5764 2414 5831 usi,
2447 5779 2555 5817 non
2587 5762 2982 5818 sullicientibus
3039 5760 3106 5814 ad
3138 5759 3353 5829 longius
3404 5768 3546 5810 tem-
