4204 6450
766 436 870 500 299

2027 443 2442 505 MICHAFLIS
2483 447 2741 509 GLYCAZ

3899 447 4006 509 300

765 549 913 608 poris
953 549 1186 617 spatium
1230 548 1420 604 larinis
1447 567 1582 620 quas
1617 568 1678 606 ex
1708 553 1935 623 Egypto
1980 568 2160 608 secum
2194 564 2335 610 attu-

2447 558 2552 619 τοῖς
2583 559 2682 610 ὅσα
2717 561 2779 612 ἐκ
2811 561 2910 629 τῆς
2944 559 3222 628 Αίγύπτου
3257 557 3610 628 ἐπεφέροντο.
3644 557 3756 608 Καὶ
3799 554 3867 607 τά
3905 555 4008 624 μὲν

765 636 957 690 lerant.
993 635 1116 692 llaec
1145 654 1173 692 a
1205 639 1445 708 Josepho
1469 641 1544 694 sic
1577 645 1848 697 [nemoriaz
1877 645 2084 712 prodita
2111 655 2258 700 sunt.

840 727 1064 813 Magnus
1097 739 1281 785 autem
1330 731 1560 788 Basilius
1608 745 1794 789 noster
1827 737 2134 805 hujus-modi
2186 755 2334 808 qua}.

767 824 888 876 dam
919 825 986 876 de
1010 821 1156 877 Mosa
1187 824 1406 894 adjecit.
1439 825 1533 880 llic
1573 827 1661 881 ille
1697 826 1798 880 fuit
1827 845 1986 897 quem
2035 831 2179 885 Deus
2216 832 2332 901 ipse

767 916 962 969 scitum
1013 932 1075 970 ac
1121 917 1423 987 elegantem
1470 932 1588 972 esse
1621 919 1930 988 przedicavit
1957 960 1971 982 ,
2011 923 2173 977 etiam
2218 933 2332 979 tum

767 1021 890 1058 cum
934 1005 1115 1060 adhuc
1156 1022 1443 1059 mammam
1475 1018 1724 1075 sugeret;
1758 1026 1916 1078 quem
1949 1010 2057 1067 tilia
2095 1011 2332 1068 Pharao-

768 1099 851 1149 nis
889 1097 1186 1165 adoptavit.
1221 1113 1382 1166 quem
1448 1101 1595 1166 regio
1621 1115 1768 1155 more
1826 1102 2108 1168 educavit,
2140 1108 2333 1174 przefe-

768 1189 869 1242 etis
895 1190 941 1241 ei
975 1189 1316 1258 sapientibus
1344 1189 1719 1260 {Egyptiorum
1752 1195 2046 1264 magistris,
2075 1211 2104 1249 a
2132 1197 2332 1266 quibus

766 1280 1104 1346 erudiretur;
1138 1282 1228 1350 qui
1261 1283 1564 1352 tyrannidis
1606 1285 1866 1355 regnique
1894 1286 2092 1342 fastum
2139 1305 2330 1359 asper-

766 1382 926 1424 natus
959 1384 1013 1424 et
1065 1372 1131 1424 ad
1189 1373 1554 1427 humilitatem
1607 1390 1718 1430 sua!
1759 1377 1994 1434 nationis
2046 1378 2330 1436 hominum

769 1475 1020 1513 reversus
1051 1476 1154 1513 una
1185 1476 1307 1515 cum
1339 1462 1431 1516 Dei
1482 1465 1684 1533 populo
1722 1470 1979 1525 aerumnis
2003 1473 2188 1526 Vexari
2214 1489 2330 1527 ma-

768 1551 910 1610 luit;
944 1551 1034 1617 qui
1071 1553 1138 1604 ab
1172 1554 1237 1606 iis
1275 1558 1481 1622 cjcctus
1517 1555 1569 1608 in
1594 1556 1842 1611 exsilium
1870 1559 1937 1613 de
1966 1561 2162 1630 quibus
2195 1564 2334 1619 bene

771 1645 1103 1706 merebatur,
1145 1644 1196 1698 iu
1239 1643 1576 1714 Ethiopian)
1619 1649 1886 1716 pervenit,
1913 1650 2095 1720 ibique
2123 1669 2152 1707 a
2195 1669 2334 1708 cun-

769 1734 870 1786 ctis
901 1733 1065 1787 rebus
1099 1735 1222 1790 aliis
1249 1735 1457 1790 otiosus
1492 1752 1554 1791 ac
1582 1737 1720 1792 liber
1751 1737 1877 1792 totis
1915 1740 2074 1795 annis
2103 1743 2335 1812 quadra-

767 1827 914 1894 ginta
946 1827 1390 1896 contemplationi
1427 1829 1663 1882 universi
1703 1831 1863 1900 hujus
1904 1831 2141 1887 intentus
2166 1849 2331 1889 vaca-

768 1918 884 1983 vit;
938 1921 1027 1986 qui
1088 1935 1294 1974 annum
1354 1922 1465 1991 jam
1524 1923 1915 1991 octogesimum
1955 1940 2121 1994 agens
2162 1925 2330 1982 Deum

767 2008 1073 2075 conspexit,
1109 2017 1383 2076 quatenus
1420 2011 1625 2065 bomiui
1660 2011 1827 2066 Deum
1870 2013 2070 2068 intueri
2113 2014 2196 2070 fas
2227 2025 2330 2082 est,

768 2099 850 2153 vel
903 2100 1083 2169 potius
1145 2114 1208 2154 co
1258 2112 1414 2170 pacto
1485 2118 1592 2171 quo
1643 2103 1848 2156 nemini
1915 2104 2196 2160 hominum
2249 2109 2332 2161 vi-

767 2191 896 2244 dere
930 2191 1095 2244 Deum
1141 2191 1400 2260 contigit,
1442 2191 1612 2261 ipsius
1652 2194 1809 2247 etiam
1860 2193 1951 2247 Dei
1984 2195 2332 2262 testimonio,

769 2285 858 2351 qui
896 2283 1031 2335 dixit
1067 2300 1079 2335 :
1121 2301 1138 2332 ι
1197 2283 1253 2335 Si
1287 2283 1410 2350 quis
1456 2282 1562 2335 erit
1594 2294 1831 2337 vestrum
1869 2285 2079 2338 Domini
2140 2297 2292 2340 vates
2317 2328 2333 2352 ,

771 2375 844 2426 illi
883 2388 981 2443 ego
1012 2388 1106 2442 per
1154 2373 1265 2427 visa
1308 2382 1467 2427 notus
1507 2373 1628 2426 ﬁam
1678 2383 1732 2426 et
1766 2373 1817 2426 iu
1875 2374 2082 2429 somnis
2115 2391 2240 2429 cum
2270 2391 2336 2430 eo

769 2469 982 2535 luluar.
1032 2467 1100 2520 At
1153 2481 1273 2519 cum
1312 2465 1457 2518 Mose
1517 2480 1638 2519 meo
1686 2483 1792 2519 nou
1844 2467 1994 2532 item,
2049 2469 2133 2522 cui
2169 2470 2337 2525 totius

769 2575 904 2613 mere
967 2559 1162 2612 donius
1218 2556 1350 2612 ﬁdes
1412 2558 1640 2611 habetur
1679 2576 1689 2609 ε
1727 2560 1858 2627 quin
1911 2574 2035 2614 eum
2097 2577 2339 2631 prmsens

772 2663 1095 2720 praesentem
1149 2650 1378 2713 all‘abor,
1412 2665 1706 2719 coramque
1747 2665 1833 2704 me
1865 2651 1955 2704 ille
1987 2666 2195 2718 cernet,
2229 2670 2336 2710 non

771 2758 868 2810 per
909 2743 1191 2812 aenigmata
1225 2741 1294 2794 ⁸ο.
1341 2761 1359 2792 ι
1396 2740 1706 2794 Secundqu
1745 2743 1858 2796 haec
1886 2743 2025 2795 idem
2059 2741 2236 2798 Moses
2270 2745 2339 2798 ad

772 2836 1111 2889 Pharaonem
1145 2835 1445 2902 ablegatur,
1479 2842 1536 2886 ut
1570 2848 1631 2887 ex
1657 2832 1890 2904 Egypto
1923 2835 2178 2903 populum
2207 2836 2334 2889 edu-

772 2937 942 2980 ceret.
1005 2926 1063 2980 lu
1117 2924 1408 2996 Egyptum
1466 2924 1630 2993 igitur
1681 2925 1768 2978 ubi
1829 2926 2089 2989 venisset,
2147 2927 2340 2982 eodem

776 3034 1003 3073 uxorein
1057 3031 1274 3087 quoque
1332 3032 1454 3070 cum
1509 3017 1693 3070 liberis
1735 3018 2031 3071 transtulit.
2089 3015 2341 3074 Obhanc

773 3125 998 3164 causam
1053 3111 1102 3163 ei
1139 3124 1198 3163 se
1252 3107 1475 3179 angelus
1509 3108 1668 3162 olI‘ert
1717 3117 1981 3163 terrorem
2042 3109 2336 3164 incutiens.

2434 648 2528 701 τοῦ
2577 650 2840 720 Ἰωσήπου
2874 651 3124 706 τοιαῦτα.

2516 742 2573 795 '0
2606 742 2659 794 δὲ
2693 743 2866 811 μέγας
2893 743 3172 807 Βασίλειος
3201 747 3296 799 καὶ
3323 742 3447 796 τάδε
3481 741 3607 811 περὶ
3633 737 3727 792 τοῦ
3757 736 4009 796 Μωσέως

2435 833 2599 902 φησὶν
2620 872 2635 890 .
2668 833 2749 885 ὃτι
2784 826 2937 898 οὗτός
2971 836 3118 887 ἐστιν
3148 833 3177 886 δ
3211 829 3582 903 μαρτυρηθεὶς
3615 830 3830 889 ἀστεῖος
3863 821 4010 878 εἶναι

2435 923 2586 994 παρὰ
2613 922 2732 993 Θεῷ
2759 923 2840 976 ἔτι
2870 923 3169 994 ὑπομάξιος
3199 922 3272 976 ὧν
3297 936 3311 951 ⁶
3343 922 3402 974 δν
3428 920 3812 988 εἰσεποιήσατο
3843 915 3944 985 μὲν
3974 915 4011 980 ἡ

2435 1012 2698 1082 θυγάτηρ,
2725 1013 2948 1084 Φαραώ,
2992 1011 3249 1083 ἐξέθρεψε
3289 1011 3347 1064 δέ
3389 1007 3708 1079 βασιλικῶς,
3748 1005 3880 1065 τοὺς
3924 1019 4014 1054 σο-

2434 1103 2569 1171 φοὺς
2599 1103 2708 1156 τῶν
2741 1104 3056 1170 Αἰγυπτίων
3085 1103 3441 1164 διδασκάλους
3474 1097 3622 1168 αὑτῷ
3656 1097 3752 1164 τῆς
3787 1093 4012 1146 παιδεύ-

2435 1211 2572 1258 σεως
2596 1195 2940 1264 ἐπιστήσασα
2964 1213 2975 1226 ·
3004 1197 3062 1259 ὃς
3087 1195 3179 1248 τὸν
3203 1195 3367 1262 ϐγκον
3389 1193 3486 1262 τῆς
3507 1188 3824 1260 τυραννίδος
3851 1185 4014 1254 μισή-

2435 1304 2557 1353 σας,
2581 1289 2674 1340 καὶ
2698 1287 2834 1358 πρὸς
2855 1288 2916 1340 τὸ
2939 1288 3190 1342 ταπεινὸν
3213 1288 3321 1340 τῶν
3344 1284 3633 1356 ὁμοφύλων
3653 1277 4013 1350 ἀναδραμὼν,

2433 1379 2606 1431 εἵλετο
2641 1379 3135 1448 συγκακουχεῖσθαι
3168 1379 3246 1448 τῷ
3279 1376 3392 1446 λαῷ
3423 1376 3518 1428 τοῦ
3552 1371 3689 1428 Θεοῦ
3714 1387 3728 1401 ⁸
3763 1372 3793 1424 ὃ
3828 1385 4014 1438 φυτα⁶

2433 1470 2642 1535 δευθεὶς
2687 1472 2842 1540 παρὰ
2889 1472 2998 1524 τῶν
3042 1469 3535 1542 εὑεργετηθέντων,
3589 1463 3888 1520 κάντεῦθεν
3931 1461 4014 1522 εις

2433 1563 2530 1633 τὴν
2561 1563 2848 1617 Αἰθιοπίαν
2877 1562 3199 1617 καταλαϐὼν
3220 1603 3236 1626 ,
3269 1563 3432 1615 κάκεῖ
3462 1561 3646 1613 πᾶσαν
3675 1555 3878 1626 σχολὴν
3905 1551 4016 1606 ἀπὸ

2433 1654 2541 1708 τῶν
2580 1655 2757 1710 ἄλλων
2795 1656 2946 1722 άγων
2985 1658 3079 1710 καὶ
3121 1658 3179 1707 ἐν
3221 1652 3637 1723 τεσσαράκοντα
3680 1647 3824 1708 ὅλοις
3867 1644 4017 1697 ἐτεσι

2433 1751 2498 1817 τῇ
2533 1745 2736 1817 θεωρίᾳ
2767 1747 2871 1800 τῶν
2901 1746 3070 1800 ὄντων
3103 1745 3489 1815 άποσχολάσας
3514 1761 3528 1776 ο
3561 1742 3620 1804 ὃς
3652 1735 4019 1808 ὀγδοηκοστὸν

2435 1838 2535 1907 ήδη
2573 1837 2816 1904 γεγονὼς
2853 1837 2972 1899 ἔτος
3012 1834 3120 1890 εἶδε
3162 1837 3252 1889 τὸν
3283 1836 3418 1888 Θεὸν
3457 1834 3533 1896 ὡς
3570 1829 3846 1900 ἀνθρώπῳ
3891 1826 4020 1879 ἰδεῖν

2435 1926 2695 1995 δυνατὸν,
2742 1927 2942 1998 μᾶλλον
2982 1927 3040 1982 δὲ
3088 1927 3164 1990 ὡς
3211 1927 3388 1989 οὐδεὶς
3433 1924 3541 1978 τῶν
3584 1921 3761 1976 ἄλλων
3806 1915 4019 1984 ὕπῆρξε

2435 2016 2574 2069 κατὰ
2598 2016 2694 2085 τὴν
2723 2017 3030 2086 μαρτυρίαν
3053 2015 3218 2069 αὑτοῦ
3243 2014 3338 2068 τοῦ
3351 2013 3517 2079 Θεοῦ,
3541 2015 3622 2068 ὅτι
3656 2028 3676 2062 ι
3701 2009 3831 2063 Ἐὰν
3856 2007 4021 2075 γένη-

2434 2126 2521 2162 ται
2565 2110 2850 2178 προφήτης
2895 2109 3050 2178 ὑμῶν
3094 2106 3172 2177 τῷ
3205 2107 3429 2176 Κυρίῳ,
3478 2106 3537 2158 ἐν
3581 2104 3825 2174 ὁράματι
3869 2097 4020 2166 αὑτῷ

2435 2201 2822 2270 γνωσθήσομαι
2853 2202 2948 2254 καὶ
2976 2202 3035 2254 ἐν
3064 2198 3218 2268 ὕπνῳ
3249 2198 3470 2268 λαλήσω
3499 2195 3649 2265 αὑτῷ
3669 2235 3685 2260 ,
3711 2193 3812 2262 οὐχ
3840 2189 4020 2250 οῦτως

2435 2291 2508 2354 ὡς
2531 2293 2558 2342 ὁ
2585 2291 2840 2362 θεράπων
2867 2309 2966 2360 μου
2993 2292 3198 2360 Μωσῆς
3223 2292 3281 2343 ἐν
3305 2289 3413 2359 ὅλῳ
3435 2288 3512 2358 τῷ
3537 2287 3671 2353 οἴκῳ
3699 2301 3803 2356 μου
3830 2281 4022 2343 πιστός

2437 2388 2590 2450 ἐστι,
2624 2385 2798 2456 στόμα
2826 2385 2969 2439 κατὰ
3001 2385 3177 2454 στόμα
3206 2383 3428 2454 λαλήσω
3457 2378 3606 2448 αὑτῷ
3627 2417 3642 2441 ,
3671 2379 3731 2429 ἐν
3759 2376 3895 2428 εῖδει
3927 2371 4023 2425 καὶ

2436 2479 2504 2532 δι’
2526 2478 2882 2546 αἰνιγμάτων.
2918 2497 2937 2528 ι
2973 2476 3085 2530 Καὶ
3115 2476 3252 2542 μετὰ
3280 2475 3455 2526 ταῦτα
3484 2470 3624 2541 πρὸς
3651 2463 3855 2536 Φαραὼ
3883 2466 4025 2518 ἀπο-

2441 2567 2717 2621 στέλλεται
2744 2567 2904 2636 χάριν
2929 2567 3024 2620 τοῦ
3055 2565 3267 2618 ἐκεῖθεν
3297 2563 3584 2630 ἐξαγαγεῖν
3609 2559 3701 2612 τὸν
3728 2555 3886 2609 λαόν.
3913 2554 4024 2606 Πα-

2444 2659 2802 2728 ραγενὸμενος
2851 2653 2945 2710 οὗν
2988 2657 3069 2721 είς
3113 2656 3390 2724 Αἴγυπτον
3433 2651 3595 2706 ἔλαϐε
3636 2648 3736 2719 τὴν
3781 2647 4025 2714 γυναῖκα

2440 2751 2534 2803 καὶ
2565 2749 2632 2802 τά
2669 2749 2856 2802 παιδία
2890 2746 3056 2802 αὑτοῦ
3077 2786 3092 2812 ,
3129 2747 3226 2800 καὶ
3258 2745 3499 2815 εἰσῆλθε.
3534 2742 3629 2796 Διδ
3660 2741 3756 2795 καὶ
3789 2736 4024 2806 ἄγγελος

2442 2842 2692 2911 φαίνεται
2732 2839 2915 2909 φοϐῶν
2948 2840 3112 2893 αὐτόν
3137 2855 3151 2870 ’
3186 2839 3247 2892 οὐ
3290 2838 3397 2905 γὰρ
3435 2835 3654 2903 οἰκῆσαι
3695 2832 3815 2883 ἐκεῖ
3852 2830 4029 2896 ἐπέμ-

2442 2948 2609 2994 πετο,
2644 2929 2758 2984 arm
2788 2929 3079 2996 ἐξαγαγεῖν
3111 2929 3205 2980 τὸν
3243 2924 3479 2995 Ἰσραήλ.
3509 2923 3689 2990 Ὀπερ
3725 2919 3824 2972 καὶ
3862 2916 4028 2978 αὐτὸς

2445 3021 2669 3075 συνιδὼν
2694 3019 2886 3090 ἀφίησι
2913 3020 3011 3088 τὴν
3040 3019 3293 3087 γυναῖκα.
3322 3015 3434 3069 Καὶ
3461 3012 3618 3082 δῆλον
3645 3011 3708 3062 ἐκ
3729 3005 3831 3061 τοῦ
3857 3005 4030 3074 ’Ῑοθδρ

2447 3113 2586 3179 μετὰ
2617 3111 2716 3180 τῆς
2754 3111 3014 3179 γυναικὸς
3057 3107 3222 3162 αὑτοῦ
3265 3106 3576 3175 ὑπαντῆσαι
3616 3101 3766 3169 αὐτῷ
3803 3099 4030 3168 ἐξερχο·

771 3201 888 3256 Non
924 3204 1068 3254 enim
1099 3202 1227 3255 illuc
1252 3209 1538 3270 propterea
1581 3199 1912 3263 mittebatur,
1951 3208 2010 3253 ut
2034 3200 2154 3254 istic
2182 3201 2338 3256 habi-

2447 3204 2608 3273 μένῳ.
2645 3204 2750 3256 Τὸν
2787 3202 2975 3273 μέντοι
3013 3200 3214 3271 Φαραὼ
3252 3199 3328 3270 μὴ
3361 3197 3688 3267 πειθόμενον
3721 3189 4027 3247 ἀποδοῦναι

773 3303 955 3357 taret,
1006 3293 1102 3348 sed
1161 3301 1222 3346 ut
1269 3291 1525 3362 populum
1563 3291 1841 3345 educeret.
1882 3292 1998 3357 Qua
2051 3307 2112 3346 re
2155 3305 2338 3346 secum

2447 3296 2540 3348 τὸν
2565 3297 2694 3348 λαδν
2723 3296 3018 3366 άφορήτοις
3047 3294 3342 3350 ὑποϐάλλει
3376 3287 3647 3362 μάστιξιν.

771 3384 1154 3440 animadversa
1197 3399 1418 3439 uxorem
1451 3382 1695 3437 dimittit.
1731 3382 1844 3438 lloe
1878 3385 2104 3438 omnino
2139 3384 2338 3439 factum
2383 3404 2507 3444 esse
2573 3389 2660 3442 vel
2711 3389 2837 3444 inde
2907 3394 3076 3458 patet,
3109 3387 3258 3458 quod
3287 3385 3534 3441 .Iotorum
3565 3395 3692 3436 cum
3724 3391 3902 3432 uxore
3935 3378 4034 3431 ob-

773 3481 920 3534 vium
953 3479 1189 3545 habuit,
1222 3492 1344 3531 cum
1397 3491 1462 3531 ex
1517 3475 1750 3546 Egypto
1825 3479 2194 3546 egrederetur.
2268 3479 2414 3534 Idem
2457 3481 2796 3536 Pharaonem
2862 3484 3152 3535 restituere
3203 3479 3311 3533 Deo
3365 3477 3622 3548 populum
3659 3489 3819 3528 suum
3874 3488 4036 3527 recu-

773 3583 984 3628 santem
1023 3568 1458 3623 intolerabilibus
1490 3568 1660 3636 plagis
1696 3565 1885 3621 allicit.

843 3669 954 3720 Cur
979 3674 1159 3720 autem
1191 3663 1463 3734 permisit,
1488 3665 1736 3727 obsecro,
1770 3663 1913 3718 Deus
1937 3672 1995 3717 ut
2021 3675 2342 3721 exeantores

775 3760 964 3814 eadem
1025 3752 1357 3826 perlicerent
1414 3770 1536 3823 qua:
1570 3753 1747 3809 Moses
1778 3755 2145 3823 praestiterat?
2173 3755 2348 3810 Nimi-

777 3867 896 3905 rum
929 3852 1009 3904 ut"
1031 3847 1297 3903 u‘eudacii
1335 3847 1685 3916 veritatisque
1711 3846 2008 3900 discrimen
2044 3847 2345 3917 pateﬁeret.

776 3946 912 3998 Nam
941 3953 994 3996 et
1027 3941 1128 4011 ipsi
1165 3940 1384 4010 quidem
1428 3941 1627 4008 virgas.
1653 3937 1707 3992 in
1746 3947 2031 4008 serpentes
2063 3948 2353 3995 converte-

779 4040 928 4101 bant,
965 4049 1152 4088 verum
1188 4033 1334 4103 virga
1382 4031 1544 4086 Mosis
1593 4032 1834 4102 ipsorum
1877 4032 2060 4102 virgas
2089 4033 2352 4101 deglutie—

691 4119 695 4125 ’
777 4128 891 4182 hat.
932 4127 1213 4181 Mutabaut
1240 4134 1292 4180 et
1325 4127 1423 4197 ipsi
1460 4140 1652 4195 aquam
1711 4126 1762 4178 in
1802 4125 2150 4195 sanguinem,
2191 4124 2352 4195 156

778 4219 871 4274 sed
910 4219 1250 4271 immutatam
1277 4216 1446 4271 semel
1482 4226 1691 4270 natura:
1715 4217 1884 4284 priori
1916 4217 2209 4270 restituere
2239 4230 2349 4270 non

778 4319 1052 4381 poterant.
1088 4307 1404 4363 Educebant
1435 4315 1489 4361 et
1545 4307 1644 4376 ipsi
1703 4322 1890 4369 ranas,
1922 4306 2016 4360 sed
2046 4307 2116 4360 ab
2155 4305 2346 4361 iisdem

776 4403 919 4456 aedes
955 4399 1335 4470 Egyptiorum
1370 4413 1662 4468 repurgare
1689 4413 1797 4451 non
1837 4406 2110 4466 poterant.
2148 4397 2346 4451 Iisdem

779 4497 1008 4552 facultas
1045 4503 1163 4549 erat
1197 4493 1482 4565 Egyptios
1515 4493 1767 4558 vexandi,
1806 4491 1902 4547 sed
1957 4491 2180 4546 sedandi
2217 4506 2347 4560 sup-

779 4589 924 4657 plicii
973 4594 1293 4656 potestatem
1315 4583 1517 4637 nullam
1550 4583 1845 4638 habebant.
1883 4583 2025 4648 Quin
2053 4583 2216 4636 etiam
2261 4585 2347 4652 ip-

779 4697 963 4736 sorum
997 4693 1227 4748 corpora
1272 4677 1507 4747 pustulis
1555 4677 1697 4730 Deus
1765 4673 1936 4743 magis
1965 4672 2152 4727 aﬂlixit
2191 4688 2352 4742 quam

779 4774 1142 4841 reliquorum,
1176 4779 1234 4822 ut
1267 4769 1393 4822 hinc
1431 4765 1778 4820 manifestum
1814 4765 1968 4819 ﬁeret
2023 4779 2132 4818 non
2173 4763 2350 4818 solum

781 4866 930 4934 ipsos
995 4877 1186 4933 pceuas
1235 4860 1502 4914 divinitus
1539 4862 1805 4926 irrogatas
1834 4857 2084 4911 inhibere
2119 4871 2228 4909 non
2260 4855 2361 4924 po-

783 4958 972 5018 tuisse,
1007 4955 1101 5010 sed
1137 4957 1302 5009 etiam
1327 4969 1450 5009 cum
1479 4951 1692 5007 cat-teris
1722 4949 1912 5004 eadem
1941 4947 2203 5018 supplicia
2234 4961 2362 5017 per-

785 5050 996 5103 tulisse.
1046 5047 1164 5113 an
1215 5045 1416 5101 factum
1471 5051 1556 5099 est
1615 5051 1672 5096 ut
1730 5044 1880 5096 istaec
1929 5042 2171 5111 prodigia
2221 5038 2359 5110 magi

782 5143 970 5195 divino
998 5141 1163 5210 digito
1195 5139 1376 5208 perlici
1410 5138 1736 5191 faterentur.
1773 5135 1983 5188 Idcirco
2017 5133 2224 5188 nemini
2260 5133 2360 5186 mi-

785 5251 904 5288 rum
936 5233 1102 5288 videri
1133 5232 1356 5286 debebit
1383 5230 1780 5285 Autichristum
1818 5241 2067 5296 quoque,
2118 5225 2209 5279 ubi
2259 5226 2363 5279 sci-

785 5330 912 5382 licet
969 5326 1292 5384 advenerit,
1335 5322 1580 5391 prodigia
1637 5320 1803 5372 multa
1839 5328 2199 5388 portentaque
2239 5317 2359 5371 edi-

786 5427 1003 5480 turum;
1060 5430 1184 5467 nam
1219 5421 1273 5466 et
1308 5413 1362 5465 hi
1424 5401 1588 5480 magi,
1623 5408 1897 5462 ‘Zambres
1929 5418 2092 5476 atque
2126 5406 2360 5468 Jannes,

783 5509 964 5578 virgas
983 5507 1035 5559 in
1061 5515 1342 5575 serpentes
1367 5480 1794 5557 couuuutarunt.
1813 5499 1954 5566 Quin
1981 5499 2145 5554 etiam
2171 5497 2362 5551 Simon

787 5599 880 5654 ille
906 5613 1094 5668 magus
1138 5599 1318 5652 elleeit
1363 5605 1420 5649 ut
1459 5605 1650 5649 statua:
1695 5593 2057 5648 ambularent.
2112 5591 2256 5646 Idem
2311 5591 2363 5642 iu

790 5691 967 5762 ignem
999 5691 1291 5761 prosiliens
1324 5706 1429 5744 non
1462 5698 1644 5742 tamen
1678 5686 1958 5751 urebatur;
1995 5684 2048 5738 in
2084 5699 2210 5739 acra
2241 5683 2369 5738 sub-

865 5862 913 5892 “
951 5857 1111 5914 Num.
1144 5875 1241 5924 xu,
1270 5859 1321 5913 ϐ.

2516 3667 2623 3721 Καὶ
2655 3667 2708 3720 τί
2747 3667 2812 3735 δή
2857 3682 2987 3719 ποτε
3027 3665 3406 3734 συνεχώρησεν
3439 3663 3466 3714 ὁ
3489 3660 3624 3722 Θεὸς
3656 3661 3767 3722 τοῖς
3808 3676 4035 3728 φαρμα-

2444 3761 2560 3820 κοῖς
2594 3759 2662 3812 τὰ
2693 3757 2832 3810 αὐτὰ
2864 3759 3061 3829 δράσαι
3093 3757 3170 3826 τῷ
3203 3757 3426 3819 Μωσεῖ;
3451 3755 3566 3808 Ἵνα
3599 3751 3786 3825 δειχθῇ
3821 3753 3885 3804 τὸ
3920 3752 4038 3804 διά-

2449 3869 2615 3921 φορον
2645 3851 2739 3903 τοῦ
2768 3867 2830 3902 τε
2854 3849 3088 3918 ψεύδους
3119 3849 3212 3900 καὶ
3239 3847 3338 3916 τῆς
3365 3845 3646 3915 ἀληθείας.
3678 3843 4040 3898 Μετέϐαλλον

2452 3944 2561 4012 γάρ
2588 3943 2680 3996 καὶ
2708 3942 2865 3996 αὐτοὶ
2889 3941 2986 4004 τὰς
3016 3940 3246 4010 ῥάϐδους
3273 3941 3354 4002 εἰς
3382 3937 3557 4006 ὄφεις,
3585 3937 3701 3989 ἀλλ’
3727 3937 3760 4006 ἠ
3790 3936 4044 3998 Μωσέως

2461 4033 2654 4105 ῥάϐδος
2692 4031 2793 4094 τὰς
2835 4030 3058 4083 ἐκείνων
3100 4032 3350 4083 κατέπιε.
3397 4026 3743 4081 Μετέϐαλλον
3790 4028 4040 4080 κάκεῖνοι

2458 4127 2520 4178 τδ
2550 4125 2693 4196 ὕδωρ
2723 4125 2804 4188 είς
2829 4121 2990 4194 αἷμα,
3023 4124 3137 4178 ἀλλ’
3162 4125 3243 4187 είς
3287 4122 3386 4194 τὴν
3436 4121 3711 4193 προτέραν
3741 4122 3909 4190 φύσιν
3940 4123 4044 4175 ἐπ-

2462 4219 2758 4285 αναγαγεῖν
2786 4217 2847 4270 τὸ
2878 4217 3023 4288 ὕδωρ
3052 4219 3152 4270 οὐκ
3184 4217 3429 4286 ἴσχυσαν.
3450 4215 3560 4270 Καὶ
3575 4215 3701 4277 τοὺς
3733 4213 4046 4284 βατράχους

2458 4311 2746 4382 ἐξήγαγον,
2773 4312 2833 4364 οὐ
2869 4312 2980 4379 μὴν
3009 4309 3103 4363 καὶ
3135 4308 3446 4373 ἀπαλλάξαι
3475 4306 3654 4360 αὐτῶν
3682 4307 3783 4368 τὰς
3809 4305 3923 4358 τῶν
3953 4305 4044 4360 AI-

2456 4405 2700 4473 γυπτίων
2744 4403 3092 4473 ἠδυνήθησαν
3133 4401 3332 4464 οἰκίας.
3375 4402 3486 4457 Καὶ
3527 4401 3608 4463 είς
3635 4397 3763 4468 -μέν
3803 4398 3867 4448 τὸ
3914 4413 4046 4449 παι-

2456 4499 2632 4552 δεύειν
2671 4499 2798 4560 τοὺς
2836 4495 3172 4564 Αἰγυπτίους
3219 4498 3314 4547 καὶ
3355 4495 3467 4558 τοῖς
3509 4491 3825 4563 φαρμακοῖς
3869 4489 4049 4543 ἐνεδί-

2455 4587 2606 4649 δοτο,
2638 4585 2716 4648 εἰς
2746 4585 2806 4637 τὸ
2839 4583 3033 4636 παύειν
3063 4581 3164 4652 τὴν
3191 4581 3464 4652 τιμωρίαν
3492 4581 3700 4634 οὐκέτι.
3734 4578 3960 4634 Μᾶλλον
3987 4576 4049 4630 δὲ

2453 4677 2880 4754 τάςοφλυκτίδας
2910 4677 3004 4728 καὶ
3033 4675 3144 4738 τοῖς
3177 4673 3402 4726 ἐκείνων
3433 4673 3709 4742 ἐπήνεγκε
3747 4670 4006 4739 σώμασιν
4026 4709 4043 4730 ,

2456 4770 2530 4828 ὡς
2563 4767 2814 4821 ἐντεῦθεν
2843 4767 3002 4835 δῆλον
3033 4765 3110 4828 ὡς
3140 4765 3206 4818 οὐ
3243 4768 3404 4834 μόνον
3435 4762 3654 4832 ἐπέχειν
3684 4763 3745 4816 οὗ
3785 4761 4050 4814 δύνανται

2461 4861 2560 4923 τὰς
2592 4859 2887 4929 θεηλάτους
2917 4858 3118 4926 ὀργάς,
3152 4855 3290 4909 ἀλλὰ
3320 4853 3416 4908 καὶ
3443 4854 3600 4907 αὐτοὶ
3631 4853 4056 4922 συντιμωροῦν-

2463 4965 2555 5000 ται
2585 4949 2698 5011 τοῖς
2732 4945 2935 5004 ἄλλοις.
2967 4943 3128 4997 Ὅθεν
3160 4951 3253 4997 καὶ
3284 4942 3536 5013 δακτύλῳ
3568 4940 3706 4995 Θεοῦ
3735 4941 3805 4994 τά
3841 4943 4055 5010 σημεῖα

2467 5041 2518 5092 οἱ
2564 5038 2728 5108 μάγοι
2775 5037 2959 5103 ἔλεγον
2999 5034 3268 5102 γίνεσθαι.
3308 5033 3517 5104 Μηδεὶς
3560 5028 3658 5087 οὖν
3693 5029 4054 5100 θαυμαζέτω,

2469 5134 2626 5203 εἰπερ
2662 5129 2830 5184 ἐλθὼν
2860 5130 2888 5182 ὁ
2922 5128 3292 5199 Ἀντίχριστος
3331 5129 3537 5196 σημεῖα
3572 5125 3794 5194 ποιήσει
3829 5123 3929 5175 καὶ
3959 5125 4057 5174 τέ-

2472 5239 2610 5292 ρατα
2635 5236 2650 5251 ⁸
2690 5222 2782 5274 καὶ
2820 5221 2928 5290 γὰρ
2964 5220 3014 5271 οἱ
3052 5219 3219 5289 μάγοι
3255 5209 3441 5282 οὗτοι,
3479 5216 3508 5270 ὃ
3548 5231 3608 5268 τε
3644 5212 3917 5283 Ζαμϐρῆς
3954 5215 4056 5264 καὶ

2471 5314 2701 5378 Ἰαννῆς,
2746 5313 2845 5374 τὰς
2895 5310 3126 5383 ῥάϐδους
3169 5311 3249 5368 εἰς
3293 5307 3449 5377 ὄφεις
3498 5302 3848 5376 μετέϐαλλον.
3889 5301 4061 5357 Ἀλλὰ

2464 5409 2556 5460 καὶ
2596 5406 2780 5474 Σίμων
2819 5408 2846 5458 ὁ
2889 5405 3069 5474 μάγος
3105 5401 3431 5474 ἀνδριάντας
3474 5399 3651 5452 ἐποίει
3695 5398 4054 5467 περιπατεῖν,

2464 5500 2555 5552 καὶ
2592 5499 2670 5561 είς
2712 5497 2824 5567 πῦρ
2865 5497 3186 5566 κυλιόμενος
3223 5493 3325 5547 οὐκ
3366 5479 3606 5556 ἐκαίετο,
3649 5488 3746 5543 καὶ
3787 5489 3870 5549 είς
3912 5486 4055 5554 ἀέρα

2467 5589 2690 5653 ἵπτατο,
2725 5586 2818 5638 καὶ
2846 5587 2908 5638 ἐκ
2937 5583 3101 5636 λίθων
3134 5583 3332 5652 ἄρτους
3357 5579 3563 5644 ἐποίει,
3597 5577 4054 5649 μετεμορφοῦτο,

2467 5680 2813 5750 διπρόσωπος
2844 5677 3075 5744 ἐγίνετο,
3109 5678 3188 5739 εἰς
3217 5673 3420 5748 χρυσὸν
3455 5671 3842 5744 μετεϐάλλετο,
3881 5669 4059 5737 θύρας
