4204 6450
225 402 328 464 305

1454 410 1861 471 ANNALIUM
1901 411 1988 470 PA
2004 412 2098 471 RS
2138 413 2214 475 ll.

3338 408 3445 471 3'36

223 512 521 574 Βασίλειος,
549 512 826 566 κελεύεται
854 514 941 567 διὰ
966 513 1066 583 τὴν
1094 515 1152 570 ἐν
1178 515 1256 585 τῷ
1288 515 1441 570 ὕδατι
1473 519 1768 586 ἀντιλογίαι

1856 524 2010 578 .dum
2048 524 2116 577 ab
2159 523 2365 593 angelis
2400 532 2701 593 spectatur,
2753 534 2975 595 propter
3014 523 3444 577 adversalioaem

221 603 392 655 ἐλθεῖν
418 604 498 666 εις
525 602 585 655 τδ
608 602 733 673 ὅρος
758 604 820 656 τὸ
853 604 1114 675 Ἀϐαρὶμ,
1140 606 1169 659 δ
1196 608 1291 659 καὶ
1316 607 1510 661 Ναὸαῦ
1540 609 1780 676 ἐλέγετο,

221 692 313 745 καὶ
353 691 482 744 ἰδεῖν
515 691 614 762 τὴν
650 694 755 762 γῆν
789 694 886 763 τῆς
929 696 1286 764 ἐπαγγελίας,
1321 697 1419 749 καὶ
1459 697 1631 762 οὕτως
1669 701 1786 753 ἐκεῖ

221 781 557 850 τελευτῆσαι.
595 783 727 835 Οὐδὲ
768 784 876 854 γὰρ
919 789 1190 854 συγχωρεῖ
1221 787 1321 857 τὴν
1356 788 1567 840 ἐκείνου
1600 792 1785 841 τελευ-

211 872 317 933 ’τὴν
339 875 366 925 6
388 873 520 936 Θεὸς
544 874 795 941 γενέσθαι
819 876 1123 946 κατάδηλον
1141 916 1156 941 ,
1182 876 1267 930 ῖνα
1297 880 1371 949 μὴ
1395 879 1463 931 τὰ
1487 880 1618 932 ὁστᾶ
1643 881 1788 934 ἐκεῖ·

219 981 308 1015 νου
333 964 587 1028 λα6όντες
610 966 657 1018 οἱ
683 965 773 1018 τὸν
800 969 1002 1037 μόσχον
1025 971 1506 1039 προσκυνήσαντες
1537 972 1787 1040 Θεοποιή-

218 1070 387 1106 σωσιν
432 1055 595 1109 αὑτά.
645 1056 845 1109 Τοῦτον
892 1057 1076 1126 μέντοι
1121 1060 1212 1112 τὸν
1258 1059 1534 1114 θειότατον
1580 1063 1786 1133 δηλαδὴ

216 1145 419 1197 Μωσέα
462 1146 559 1198 καὶ
606 1148 757 1213 παρά
799 1148 958 1201 θείων
997 1150 1244 1217 ἀγγέλων
1284 1152 1717 1221 ἐπαφιασθῆναι
1759 1155 1787 1206 6

217 1236 391 1304 μέγας
432 1238 598 1306 φησὶν
637 1239 967 1307 Ἐπιφάνιος.
1008 1241 1069 1294 Et
1113 1243 1221 1310 γὰρ
1264 1244 1358 1295 καὶ
1397 1246 1602 1312 ἐπέστη
1638 1261 1789 1313 τηνι-

215 1327 400 1414 καῦτα.
422 1329 450 1380 6
485 1328 763 1393 διάὅολος,
798 1330 939 1385 καθά
979 1347 1145 1400 φησιν
1178 1332 1378 1396 Ἰούδας
1421 1336 1479 1387 ἐν
1514 1337 1577 1404 τῇ
1628 1336 1788 1388 καθο-

213 1418 335 1486 λικῇ
368 1414 532 1469 αὑτοῦ
564 1418 851 1489 ἐπιστολῇ,
886 1418 1066 1486 ζητῶν
1098 1437 1158 1472 τε
1191 1422 1355 1474 αὐτὸν
1385 1421 1459 1484 ὡς
1493 1425 1658 1490 φονέα
1693 1427 1787 1477 καὶ

209 1506 284 1566 ὡς
320 1509 597 1578 ἀντιλογέᾳ
631 1508 891 1570 θανόντα.
928 1510 1044 1563 ἀλλ’
1069 1511 1392 1565 ἀνθίσταται
1424 1517 1451 1565 6
1484 1515 1786 1585 ἀρχιστρὰ-

209 1614 377 1667 τηγος
404 1599 640 1670 Μιχαὴλ,
669 1602 763 1653 καὶ
795 1618 815 1651 ι
849 1601 1208 1673 Ἐπιτιμήσαι
1239 1621 1321 1656 σοι
1353 1605 1382 1657 ό
1410 1605 1610 1675 Κύριος
1646 1624 1665 1658 ι
1701 1607 1787 1659 λέ·

209 1706 298 1757 γει
332 1690 467 1758 πρὸς
498 1691 683 1745 αὐτόν.
716 1691 779 1745 El
805 1691 862 1745 δι
888 1692 1062 1745 ταῦτα
1090 1692 1265 1757 οὕτως
1296 1695 1410 1765 ἔχει
1432 1735 1447 1761 ,
1484 1696 1586 1748 ποῦ
1621 1698 1785 1767 θήσο-

213 1797 314 1846 μεν
353 1780 421 1833 τὰ
458 1780 551 1833 τοῦ
587 1781 874 1852 Ἰωσήπου,
914 1783 947 1853 ἢ
990 1784 1107 1846 πῶς
1150 1786 1289 1838 αὑτά
1333 1786 1782 1856 παραδεξόμεθας

209 1871 409 1941 Ὅμως
443 1874 624 1941 μέντοι
654 1875 983 1945 προσθετέον
1010 1877 1121 1937 τοῖς
1151 1878 1263 1932 ἄνω
1293 1880 1388 1931 καὶ
1418 1878 1593 1933 ταῦτα
1621 1880 1687 1933 δι’
1710 1884 1787 1934 εῖ-

202 1963 385 2032 δησιν.
417 1964 663 2036 Παράγει
698 1966 807 2035 γὰρ
835 1965 927 2018 τὸν
956 1967 1163 2020 Μωσὲα
1197 1971 1343 2023 κατὰ
1371 1971 1465 2023 τὸν
1494 1969 1587 2022 τοῦ
1622 1972 1785 2025 θανά-

202 2074 300 2109 του
334 2060 499 2121 αὑτοῦ
530 2061 719 2128 καιρδν
745 2061 839 2113 καὶ
866 2060 991 2114 τάδε
1020 2062 1162 2115 κατά
1194 2064 1347 2133 ῥῆμα
1380 2063 1515 2131 πρὸς
1542 2066 1633 2116 τὸν
1658 2065 1783 2135 λαὸν

200 2148 482 2214 λέγονταἹ
509 2151 729 2220 Ἀνδρες
755 2153 1177 2222 συστρατιῶται,
1204 2155 1327 2205 ἐπεὶ
1351 2154 1429 2225 τῷ
1452 2156 1571 2223 Θεῴ
1590 2155 1783 2209 δοκοῦν

202 2238 310 2307 ἤδη
341 2240 432 2291 καὶ
461 2239 538 2308 τῷ
567 2242 734 2313 γήρα.
767 2243 979 2312 χρόνων
996 2242 1093 2314 -ρκ’
1121 2246 1216 2298 καὶ
1246 2250 1287 2297 ε’
1311 2245 1635 2317 ἠνυσμένων
1656 2289 1672 2312 ,
1700 2248 1783 2300 δεῖ

200 2346 278 2398 με
307 2330 403 2383 τοῦ
440 2331 539 2403 ζῇν
568 2334 860 2402 ἀπελθεῖν,
894 2337 1198 2408 ὑποτίθημι
1234 2339 1330 2392 καὶ
1362 2338 1457 2392 νῦν
1488 2339 1557 2393 τὰ
1590 2340 1781 2395 δέοντα

199 2424 345 2493 πρὸς
376 2424 552 2495 ὑμᾶς,
583 2427 780 2499 ἄπειμι
809 2429 853 2482 δ’
877 2429 1042 2491 αὐτὸς
1072 2431 1282 2501 χαίρων
1315 2432 1409 2485 ἐπὶ
1440 2434 1553 2496 τοῖς
1584 2432 1784 2502 ὑμετέ-

200 2533 323 2585 ροις
372 2516 618 2585 ἀγαθοῖς.
666 2539 685 2572 ι
726 2505 1093 2593 Πορευομένῖρ
1138 2523 1197 2576 δὲ
1244 2522 1395 2594 αὐτῷ
1444 2516 1506 2578 οὗ
1556 2524 1781 2592 ἔμελλεν

200 2608 612 2676 ἀφανισθῆναι,
644 2610 847 2674 πάντες
882 2612 1101 2666 εἵποντο
1134 2613 1548 2684 δεδακρυμένοι.
1583 2615 1784 2668 Ἀσπα-

199 2699 438 2770 ζομένου
482 2703 539 2757 δὲ
584 2705 752 2759 αὐτοῦ
796 2707 890 2760 καὶ
934 2707 1027 2761 τὸν
1065 2708 1392 2780 Ἐλεάζαρον
1436 2710 1531 2764 καὶ
1570 2710 1779 2780 Ἰησοῦν

198 2794 300 2845 καὶ
329 2795 792 2865 προσομιλοῦντος
821 2798 1134 2866 αὐτοῖς,ηέτι
1163 2800 1221 2853 δὲ
1251 2800 1344 2853 ἐπὶ
1369 2800 1462 2853 τοῦ
1492 2802 1659 2871 ὄρους
1682 2803 1779 2856 τοῦ

211 2881 479 2954 Ἀὄαρὶμ,
509 2887 704 2955 νέφους
729 2890 996 2959 αἰφνίδιον
1022 2891 1163 2961 ὑπὲρ
1192 2891 1358 2945 αὑτοῦ
1389 2892 1615 2955 στάντος
1639 2895 1779 2961 ἀφα-

157 3048 163 3053 l
196 2973 412 3037 νὶζεται
449 2979 593 3031 κατά
625 2996 773 3043 τινος
812 2982 1120 3053 φάραγγος.
1159 2984 1270 3037 Καὶ
1304 2985 1332 3037 6
1370 2985 1469 3054 μὲν
1510 2984 1775 3056 Ἰώσηπος

191 3068 348 3122 ἔστιν
378 3069 468 3123 ὅτι
501 3071 820 3142 μυθολογῶν
849 3073 993 3129 οὕτω
1022 3076 1300 3145 φαίνεται.

1889 616 2031 669 illam
2069 631 2188 684 quae
2237 617 2302 670 ad
2350 632 2545 685 aquam
2589 618 2901 677 acciderat,
2943 619 2996 670 in
3031 626 3268 670 montem
3301 613 3447 667 Aha-

1887 708 2013 770 rim,
2047 710 2138 776 qui
2166 716 2221 763 et
2262 709 2411 763 Nabo
2436 710 2657 773 dicitur,
2689 709 2982 763 ascendere
3010 710 3248 776 iubetur,
3285 718 3447 775 atque

1887 801 2010 855 istic
2064 803 2381 870 promissam
2430 811 2626 854 terram
2684 802 2911 854 intuitus
2957 801 3068 855 fato
3109 800 3280 869 iniungi.
3329 800 3445 853 Non

1886 892 2032 946 enim
2063 901 2289 945 mortem
2316 892 2482 959 ipsius
2514 890 2688 958 palam
2716 890 2829 943 ﬁeri
2860 889 3000 942 Dens
3028 889 3193 943 voluit
3217 927 3231 949 .
3265 904 3332 940 ne
3358 887 3447 955 qui

1887 984 2115 1037 vitulum
2157 983 2427 1037 submisse
2449 983 2690 1036 venerati
2738 982 2990 1044 fuerant,
3041 991 3256 1047 sumpta
3283 980 3449 1045 ipsius

1888 1090 2011 1129 ossa
2053 1089 2152 1143 pro
2199 1074 2401 1128 divinis
2451 1075 2731 1126 ducerent.
2782 1072 3041 1125 Enmdem
3082 1073 3252 1124 virum
3289 1069 3452 1138 158

1888 1166 2131 1235 profecto
2159 1165 2562 1219 divinissimunt
2602 1163 2937 1232 Epiphanius
2982 1163 3144 1215 tradit
3186 1162 3253 1214 ab
3283 1176 3450 1229 ange-

1888 1257 1955 1311 lis
1996 1259 2267 1325 sepultum
2296 1273 2439 1311 esse.
2466 1256 2785 1323 Quanquam
2833 1255 2977 1307 enim
3034 1263 3145 1305 ttnu
3179 1252 3451 1305 advolavit

1887 1349 2159 1412 diabolus,
2195 1350 2327 1402 utin
2363 1348 2604 1415 Epistola
2626 1363 2721 1401 sua
2758 1346 3024 1400 catholica
3051 1345 3219 1399 Judas
3250 1343 3449 1410 inquit,

1888 1440 2064 1509 ipsum
2115 1440 2444 1493 homicidam
2478 1448 2734 1507 tanquam
2775 1438 2874 1490 sibi
2924 1436 3226 1496 vindicans,
3275 1444 3330 1487 et
3356 1433 3449 1500 qui

1888 1532 1941 1585 in
1977 1530 2354 1583 adversatione
2376 1529 2719 1596 deliquisset,
2746 1536 2924 1581 tamen
2952 1529 3205 1593 princeps
3228 1525 3313 1578 illc
3341 1525 3449 1578 dux

1886 1622 2185 1676 Michaelus
2212 1624 2261 1675 ei
2297 1621 2520 1681 restitit,
2549 1635 2611 1674 ac
2649 1620 2831 1673 verbis
2867 1618 3176 1685 hujusmodi
3211 1616 3451 1684 compel-

1888 1715 2054 1769 lavit:
2094 1733 2113 1767 ι
2141 1714 2391 1781 lncrepet
2415 1723 2466 1765 te
2502 1712 2762 1766 Dominus
2791 1711 2855 1765 ⁸³.
2893 1729 2911 1761 ι
2947 1709 3078 1775 Quae
3106 1708 3151 1761 si
3187 1723 3312 1761 vera
3342 1717 3453 1759 sta-

1890 1815 2102 1860 tuemus
2129 1819 2284 1867 esse,
2326 1819 2432 1870 quo
2462 1802 2583 1856 loco
2612 1800 2835 1869 Josephi
2880 1799 3247 1853 narrationem
3280 1798 3451 1850 balte-

1887 1896 2088 1960 bimus,
2127 1894 2211 1947 vel
2241 1908 2474 1962 quonam
2513 1904 2669 1960 pacto
2700 1892 2841 1945 illam
2872 1888 3264 1943 admittemus?
3291 1888 3450 1942 Libet

1887 1998 2066 2044 autem
2110 1996 2163 2042 et
2193 1987 2306 2054 ipsa
2339 1987 2489 2054 prius
2518 1984 2772 2038 iudicatis
2815 1983 3077 2049 adjicere,
3110 1995 3219 2049 quo
3252 1980 3445 2031 saltem

1884 2088 2011 2133 nota
2043 2079 2171 2132 sint.
2203 2076 2393 2130 Tradit
2436 2076 2580 2129 enim
2629 2073 2833 2128 Mosen:
2875 2072 2975 2126 sub
3034 2072 3207 2140 ipsum
3259 2069 3449 2122 mortis

1885 2179 2099 2238 tempus
2138 2167 2445 2238 huiusmodi
2472 2166 2718 2220 oratione
2758 2164 3019 2234 populum
3051 2160 3403 2226 compellasse
3431 2172 3446 2211 :

1889 2277 1908 2311 ι
1945 2258 2209 2324 Quando,
2269 2256 2686 2316 commilitones,
2739 2255 2817 2308 sic
2852 2254 2959 2306 Deo
3017 2253 3189 2306 visum
3248 2262 3331 2303 est
3385 2263 3450 2302 ac

1883 2347 2178 2433 senectuti,
2212 2347 2418 2400 exactis
2450 2346 2560 2414 jam
2591 2346 2747 2398 annis
2774 2346 2947 2397 :etatis
2984 2350 3204 2396 centum
3258 2340 3448 2409 viginti

1882 2430 2148 2504 quinque,
2185 2442 2244 2486 ut
2292 2434 2397 2488 hac
2440 2434 2547 2486 vita
2590 2447 2735 2485 llllllc
2762 2431 3054 2492 exc-edam,
3091 2430 3252 2484 etiam
3289 2430 3449 2482 modo

1881 2544 1976 2583 vos
2003 2528 2068 2582 de
2093 2526 2158 2580 iis
2188 2526 2493 2580 admonebo
2521 2541 2639 2594 quae
2667 2524 2916 2577 faciunda
2949 2533 3131 2575 erunt.
3181 2521 3296 2589 Ipse
3326 2522 3446 2588 qui-

1881 2620 2004 2673 dem
2038 2620 2191 2672 laetus
2226 2618 2296 2673 ob
2335 2630 2512 2671 vestra
2549 2618 2689 2671 bona
2727 2615 2919 2685 migro.
2969 2634 2986 2665 ι
3018 2613 3153 2668 Cum
3184 2614 3298 2667 haec
3326 2628 3447 2681 pro-

1878 2711 2092 2765 locutus
2121 2710 2188 2763 ad
2227 2724 2349 2763 eum
2382 2708 2558 2763 locum
2592 2717 2861 2777 pergeret,
2893 2722 3004 2775 quo
3048 2708 3167 2759 loco
3199 2706 3443 2759 futurum

1880 2810 1999 2856 erat
2023 2810 2083 2854 ut
2114 2816 2180 2855 ex
2214 2801 2456 2868 ipsorum
2485 2808 2783 2867 conspectu
2816 2799 3179 2866 abriperetur,
3211 2812 3335 2851 cum
3369 2798 3447 2849 la-

1881 2894 2082 2962 crymis
2137 2907 2329 2946 omnes
2376 2891 2765 2961 sequebantur.
2819 2890 3029 2943 Interea
3083 2904 3250 2951 vero,
3314 2889 3443 2942 dum

1880 2983 2198 3037 Eleazarum
2239 2992 2293 3037 et
2331 2982 2517 3036 Jesum
2569 2983 3017 3050 amplecteretur,
3066 2997 3129 3035 ae
3163 2994 3447 3034 sermones

1872 3091 1997 3131 eum
2029 3076 2110 3129 eis
2138 3072 2416 3128 conferret
2445 3074 2498 3127 in
2523 3083 2708 3144 monte
2737 3074 2926 3136 Abari,
2946 3087 3067 3125 mox
3098 3072 3240 3125 nube
3262 3072 3444 3125 subito

190 3181 257 3223 se
309 3183 481 3238 supra
512 3170 691 3240 ipsum
721 3173 1047 3229 demittente
1075 3176 1251 3231 videri
1284 3175 1467 3241 desiit,
1499 3176 1551 3229 in
1583 3173 1773 3228 vallem
1815 3170 2102 3242 quamdam
2167 3169 2447 3238 abreptus.
2501 3168 2592 3222 Sic
2634 3183 2746 3222 rem
2789 3177 2995 3238 gestam
3060 3164 3329 3235 .Ioscpltus
3361 3180 3446 3219 rc-

188 3270 409 3326 eenset,
441 3265 535 3333 qui
580 3279 713 3321 sane
746 3282 1141 3337 nonnunquam
1171 3269 1366 3325 fabulis
1399 3277 1770 3325 consentanea
1808 3266 2011 3321 litteris
2032 3263 2317 3318 mandasse
2348 3263 2589 3318 videtur.

273 3349 337 3403 Ὀ
369 3351 427 3405 δέ
449 3369 513 3421 γε
541 3355 747 3425 Μωσῆς
802 3359 1072 3414 τελευτῶν
1125 3364 1404 3432 ἐπιτιθησι
1446 3364 1544 3427 τὰς
1575 3366 1764 3432 χεῖρας

1936 3358 2201 3413 Cancrum
2240 3356 2417 3411 Moses
2448 3355 2659 3411 vivendi
2697 3354 2856 3409 ﬁnem
2893 3354 3131 3408 faeturns
3178 3353 3305 3407 Jesu
3338 3350 3444 3404 Na-

184 3442 283 3495 ἐπὶ
312 3443 650 3515 τδνιἸησοῦν
673 3450 765 3503 τὸν
801 3452 897 3505 τοῦ
925 3453 1078 3523 Ναυῆ
1125 3456 1264 3521 υἱὸν,
1323 3457 1504 3509 καίτοι
1536 3472 1600 3523 γε
1633 3471 1767 3524 προ-

183 3539 622 3609 μαρτυρηθέντα
644 3542 870 3613 Πνεῦμα
912 3546 1069 3611 ἅγιον
1100 3547 1267 3616 ἔχειν.
1322 3550 1442 3618 Ἀφ’
1476 3541 1536 3602 οὗ
1568 3548 1632 3619 δὴ
1666 3552 1763 3602 καὶ

180 3630 356 3700 νόμος
378 3632 724 3702 κεκράτηκεν
773 3634 916 3689 ῶοτε
950 3639 1079 3700 τοὺς
1106 3641 1389 3711 ἀρχιερεῖς
1426 3641 1615 3711 χεῖρας
1649 3642 1769 3693 ἐπι-

176 3722 399 3777 τιθέναι
422 3726 541 3787 τοῖς
572 3729 1102 3796 χειροτονουμένοις,
1132 3732 1228 3784 καὶ
1259 3729 1404 3783 οὕτω
1439 3730 1589 3792 θείας
1613 3731 1769 3800 χάρι-

173 3833 277 3879 τος
311 3818 767 3886 μεταλαμὸἀνειν
793 3821 1026 3884 αὐτούς’·
1056 3841 1074 3873 ι
1106 3823 1217 3875 Καὶ
1239 3822 1444 3892 θήσεις,
1477 3824 1586 3892 γάρ
1610 3840 1765 3891 φησι,

173 3909 281 3971 τὰς
311 3910 507 3979 χεῖράς
557 3926 651 3963 σου
704 3912 793 3964 ἐπ’
825 3913 1014 3968 αὐτόν.
1058 3931 1077 3965 ι
1133 3913 1423 3967 Τούτου.δέ
1450 3912 1544 3968 τοῦ
1587 3913 1765 3983 Ἰησοῦ

171 3999 608 4069 συμμαχοῦντος
637 4004 751 4064 τοῖς
789 4003 1170 4066 Γαϐαωνίταις
1216 4005 1627 4075 (ἐστράτευσαν
1656 4003 1766 4074 γάρ

168 4108 327 4155 τινες
355 4092 481 4144 κατ’
510 4092 690 4145 αὐτῶν
720 4092 793 4151 ὡς
823 4092 987 4160 δῆθεν
1014 4094 1506 4162 αὐτομολησάντων
1528 4084 1610 4164 τῷ
1656 4095 1764 4164 ’1η-

116 4206 125 4213 ν
168 4185 273 4240 σοῦ
297 4188 317 4253 )
345 4184 533 4253 θαῦμα
569 4185 699 4251 περὶ
722 4186 815 4238 τὸν
842 4185 996 4254 ἥλιον
1041 4186 1266 4253 γέγονεν
1294 4186 1354 4237 ἐν
1382 4184 1461 4253 τῷ
1491 4201 1766 4255 μεσουρα-

168 4279 424 4348 νήματι·
470 4278 566 4328 mi.
612 4277 719 4345 γὰρ
766 4275 900 4347 ἔστη
953 4276 1054 4348 τῆς
1107 4278 1298 4347 πρόσω
1331 4278 1504 4347 φορᾶς
1550 4278 1764 4349 ἡμέρας

163 4370 487 4438 ὁλοκλήρου
507 4368 811 4437 διάστημα.

235 4549 309 4603 Εἰ
340 4546 401 4599 δὲ
434 4546 531 4599 καὶ
564 4544 622 4596 σὲ
654 4545 794 4615 μετὰ
828 4543 937 4597 τῶν
973 4542 1151 4599 ἄλλων
1185 4540 1390 4612 ἀπορῖα
1420 4539 1643 4609 κατέχει
1676 4538 1764 4592 διὰ

158 4643 214 4693 τι
246 4638 682 4708 τεσσαράκοντα
734 4636 831 4705 ἐτη
859 4636 921 4689 τδ
969 4636 1079 4688 τῶν
1129 4632 1404 4703 Ἐϐραίων
1434 4631 1593 4698 γένος
1620 4630 1762 4695 ἐξιὸν

1871 3464 1951 3503 va:
1984 3448 2091 3502 tilio
2122 3448 2407 3516 imposuit,
2462 3445 2853 3516 quanquam‘ei
2906 3445 3273 3499 testimonium
3327 3444 3438 3511 jam

1870 3549 2031 3596 antea
2061 3556 2280 3609 quoque
2316 3541 2574 3594 tributum
2623 3549 2811 3603 esset,
2843 3538 2986 3607 quod
3022 3536 3285 3605 Spiritum
3314 3551 3439 3589 sau-

1868 3645 2018 3689 ctum
2057 3634 2299 3688 haberet.
2352 3632 2491 3687 Hinc
2542 3647 2659 3686 mos
2716 3630 2940 3685 inolevit
2990 3638 3044 3683 et
3097 3628 3337 3682 obtinuit
3381 3636 3441 3680 ut

1869 3725 2081 3780 muneri
2113 3725 2272 3779 alicui
2306 3724 3003 3792 praeﬁciendisfsaccrdotes
3038 3735 3230 3773 manus
3256 3719 3439 3786 impo-

1867 3827 2036 3879 nant,
2070 3830 2179 3885 quo
2236 3815 2375 3868 facto
2438 3815 2634 3869 divinae
2690 3813 2874 3883 gratiae
2929 3812 3220 3881 participes
3273 3811 3431 3864 ﬁunt.

1874 3927 1892 3959 ι
1926 3909 2198 3976 lmpoues.
2236 3905 2414 3975 inquit
2441 3904 2603 3968 Dens,
2639 3919 2857 3957 manmn
2896 3914 3042 3957 tuam
3076 3903 3200 3971 ipsi,
3233 3911 3283 3955 et
3321 3902 3439 3969 glo-

1866 3979 2003 4057 riam
2050 4007 2195 4050 tuam
2229 3996 2282 4049 iu
2336 4011 2460 4050 eum
2493 3995 2791 4049 transferes
2821 3995 2885 4047 “.
2929 4013 2947 4043 ι
2986 3995 3119 4047 Cum
3151 3995 3242 4047 hic
3274 3991 3437 4048 .lesus

1867 4104 2026 4158 opem
2059 4086 2378 4143 Gabaonitis
2410 4085 2611 4149 ferret,
2640 4102 2776 4153 quos
2809 4087 3121 4139 invaserant
3151 4098 3434 4155 propterea

1867 4180 2115 4236 nonnulli
2164 4180 2307 4248 quod
2346 4188 2541 4249 sponte
2570 4193 2666 4232 sua
2697 4176 2823 4234 Jcsu
2859 4189 3041 4244 partes
3084 4178 3256 4232 secuti
3302 4177 3439 4232 fuis-

1865 4281 2009 4341 sent,
2035 4270 2353 4327 miraculum
2380 4271 2433 4324 in
2462 4270 2577 4324 sole
2604 4270 2836 4337 conligit
2875 4286 2890 4322 :
2922 4284 3048 4322 nam
3079 4284 3202 4323 cum
3236 4270 3280 4324 is
3317 4285 3433 4323 me-

1866 4363 2014 4419 dium
2048 4362 2169 4416 cadi
2219 4362 2520 4430 attigisset,
2559 4361 2790 4415 ulterius
2824 4362 3071 4431 progredi
3120 4376 3212 4429 per
3267 4361 3436 4415 totius

1864 4454 1969 4510 diei
2003 4454 2234 4522 spatium
2264 4452 2449 4507 desiit.

1934 4543 2139 4611 Quodsi
2175 4555 2354 4599 autem
2386 4544 2531 4599 scire
2575 4544 2773 4613 nequis
2801 4545 3157 4612 quamobrem
3183 4542 3437 4598 Hebraeo.

1866 4652 1987 4690 rum
2020 4636 2189 4702 natio,
2239 4646 2525 4705 postquam
2565 4652 2633 4690 ex
2663 4636 2897 4707 XEgypto
2946 4638 3251 4703 migrasset,
3291 4647 3436 4689 totos

152 4734 216 4798 ἐξ
255 4729 552 4797 Δῖγύπτου
599 4728 704 4782 ἀνὰ
741 4728 839 4798 τὴν
865 4726 1073 4795 ἔρημον
1125 4724 1417 4788 ἐπλανᾶτο,
1465 4722 1667 4776 ἄκουε·
1703 4722 1760 4774 ἐν

1863 4743 2036 4782 annos
2070 4728 2425 4799 quadraginta
2477 4728 2530 4780 in
2572 4729 2869 4783 solitudine
2896 4728 3262 4787 oberraverit,
3298 4728 3432 4795 quid

151 4828 269 4891 γάρ
302 4825 378 4893 τῇ
431 4820 599 4889 βίϐλῳ
628 4819 735 4870 τῶν
758 4816 1041 4887 Ἀριθμῶν
1062 4816 1242 4886 σαφὴς
1268 4816 1301 4884 ὴ
1328 4815 1479 4867 αἰτία
1507 4830 1589 4866 σοι
1622 4812 1757 4882 πρό-

152 4930 375 4967 κειται.
416 4912 538 4963 Τῶν
569 4910 717 4977 παρὰ
747 4907 991 4969 Μωσέως
1012 4906 1433 4960 ἀποσταλέντων
1467 4906 1545 4965 εἰς
1581 4919 1753 4958 καταο

150 5006 386 5074 σκοπὴν
430 5003 531 5070 τῆς
594 5002 698 5055 τῶν
751 4998 1077 5052 Χαναναίων
1125 4997 1233 5066 γῆς
1268 4996 1752 5066 ὑποστρεψάντων,

146 5100 246 5150 καί
278 5097 379 5148 τὸν
410 5094 540 5146 λαὸν
596 5088 1022 5159 ἐκφοὸησάντων
1056 5091 1151 5142 ἐπὶ
1191 5087 1449 5143 τοσοῦτον
1477 5087 1623 5141 ὥστε
1651 5088 1750 5141 καὶ

144 5190 334 5243 πολλά
381 5186 528 5240 κατὰ
581 5182 719 5236 Θεοῦ
760 5182 1057 5251 γογγύσαι,
1117 5182 1245 5236 ἄνευ
1277 5181 1373 5235 τοῦ
1427 5182 1611 5235 Χαλεὸ
1654 5184 1750 5234 καὶ

140 5284 242 5336 τοῦ
281 5276 499 5351 Ἰησοῦ,
520 5272 673 5330 εἶπεν
699 5278 727 5329 ὁ
762 5274 893 5335 Θεός
914 5290 930 5306 ·
964 5292 983 5324 ι
1016 5273 1091 5327 Οὐ
1130 5273 1205 5343 μὴ
1232 5272 1517 5341 εἰσέλθητε
1550 5273 1630 5334 εἰς
1650 5272 1749 5341 τὴν

138 5376 249 5446 γῆν
315 5373 412 5443 ἐφ’
460 5372 529 5442 ἢν
589 5369 833 5434 ἐξέτεινα
865 5368 965 5434 τὴν
1004 5366 1167 5435 χεῖρά
1224 5382 1325 5433 μου
1360 5365 1477 5417 ἀλλ’
1509 5365 1542 5435 ἢ
1567 5363 1749 5419 Χάλεϐ

137 5473 238 5524 καὶ
279 5464 509 5537 Ἰησοῦς
539 5463 568 5514 6
597 5460 694 5514 τοῦ
722 5460 881 5529 Ναυῆ
913 5460 1007 5512 καὶ
1029 5459 1098 5512 τὰ
1128 5457 1317 5511 παιδία
1349 5457 1386 5512 ἃ
1418 5458 1609 5512 εἴπατε
1668 5461 1749 5521 εἰς

140 5556 477 5631 διαρπαγὴν
500 5554 741 5608 ἔσεσθαι.
784 5552 970 5620 ’Υμῶν
1021 5550 1079 5602 δὲ
1114 5550 1181 5602 τὰ
1219 5549 1369 5603 κῶλα
1399 5552 1647 5602 πεσεῖται
1687 5554 1745 5603 ἐν

142 5658 211 5723 τῇ
247 5650 464 5721 ἐρήμῳ
488 5645 683 5716 ταύτῃ.
709 5644 773 5696 Οἱ
809 5643 867 5696 δὲ
917 5642 1025 5695 υἱοὶ
1055 5641 1208 5711 ὑμῶν
1238 5641 1455 5695 ἔσονται
1502 5642 1742 5711 νεμόμε-

205 5812 253 5843 ‘3
295 5807 461 5862 διιὼν
492 5809 542 5857 τι.
624 5804 665 5832 ⁸⁵
702 5802 857 5855 Nttllt.
893 5817 1057 5865 Xk’t‘ll,
1104 5802 1183 5854 I8.

1862 4819 2061 4873 dicturi
2116 4819 2289 4873 simus
2348 4820 2561 4873 audias.
2605 4819 2739 4874 Nam
2797 4821 2849 4873 in
2902 4820 3038 4873 libro
3070 4820 3430 4873 Numerorum

1861 4925 2024 4964 causa
2082 4911 2370 4979 perSpieue
2403 4911 2638 4965 indicata
2682 4922 2786 4965 cst.
2830 4911 3040 4979 Quippe
3096 4927 3221 4965 cum
3267 4911 3302 4964 ii
3337 4911 3431 4978 qui

1860 5002 2087 5072 ablegati
2134 5012 2289 5056 erant
2318 5018 2347 5056 a
2393 5003 2538 5057 Mose
2576 5014 2776 5056 terram
2808 5002 3173 5058 Chananazatu
3243 5004 3432 5072 explo-

1856 5104 2054 5154 ratum,
2080 5093 2452 5156 revertissent,
2483 5109 2547 5147 ac
2580 5094 2837 5163 pepulum
2870 5105 3018 5148 tanto
3055 5106 3201 5147 metu
3234 5110 3432 5162 percu~

1857 5182 2047 5236 lissent
2078 5192 2135 5237 ut
2182 5199 2291 5236 non
2333 5200 2525 5253 parum
2562 5186 2829 5239 adversus
2863 5184 3151 5239 Dominum
3183 5201 3431 5238 murmu—

1858 5282 2033 5335 raret,
2065 5274 2306 5328 Chalebo
2357 5284 2411 5328 et
2456 5275 2591 5331 Jesu
2636 5277 2912 5346 exceptis,
2968 5278 3235 5346 tum’ergo
3289 5276 3430 5331 Dens

1860 5365 2010 5419 hisce
2044 5367 2207 5419 mittis
2250 5376 2334 5421 cst
2366 5384 2496 5423 usus
2542 5385 2556 5420 :
2597 5387 2614 5420 ι
2658 5369 2830 5423 Nemo
2879 5384 2943 5422 ex
2980 5367 3127 5422 omni
3184 5379 3424 5421 vestrum

1855 5472 2086 5510 numero
2116 5457 2172 5512 in
2205 5468 2401 5512 terram
2444 5461 2761 5528 perveniet,
2804 5476 2965 5528 supra
3004 5476 3164 5529 quam
3202 5476 3423 5513 manum

1856 5565 2030 5602 meam
2068 5553 2312 5614 extendi,
2380 5562 2576 5621 pra-ter
2617 5553 2917 5608 Cltalebnm
2956 5565 3008 5607 et
3039 5552 3220 5607 Jesnm
3268 5553 3425 5605 Nam:

1851 5640 2041 5707 lilium,
2074 5650 2127 5695 et
2158 5658 2355 5711 pueros
2394 5655 2642 5713 vestros,
2696 5662 2831 5715 quos
2871 5648 3064 5717 pret-da:
3104 5647 3311 5700 futuros
3337 5644 3424 5697 di-
