4204 6450
727 403 830 460 3ίὶ’7

1980 409 2035 468 Μ
2051 409 2407 471 lCIIAELlS
2443 410 2707 473 GLYC£

3852 413 3958 475 308

726 509 905 563 xistis.
942 509 1132 564 Vestra
1187 513 1408 577 quidem
1450 514 1610 584 159
1640 517 1884 571 membra
1926 517 1983 572 in
2016 520 2120 574 ista
2163 519 2330 578 soli-4

2410 512 2473 572 μοι
2504 522 2565 573 ἑν
2609 522 2677 589 τῇ
2738 520 2935 592 ἐρήμῳ
2980 519 3391 591 τεσσαράκοντα
3416 518 3535 586 ἔτη,
3566 518 3660 571 καὶ
3698 510 3959 572 ἀνύσωσι

727 598 917 652 tudine
940 602 1158 657 cadent.
1191 601 1311 655 Nati
1335 614 1514 657 autem
1544 609 1710 660 vestri
1740 608 1938 678 tle-gent
1965 611 2018 663 in
2042 610 2143 665 hac
2157 613 2291 667 soli-

729 691 918 743 tudine
973 708 1149 747 annos
1197 697 1649 763 quadraginta,et
1692 700 1877 753 tandiu
1916 713 2157 756 vestrum
2187 705 2292 759 hoc

731 783 837 836 iter
879 785 1169 839 conﬁcient
1193 826 1208 846 .
1243 788 1419 841 donec
1456 791 1697 843 membra
1730 802 1913 846 vestra
1949 794 2005 847 in
2053 796 2292 850 desertis

731 874 1109 929 absuman'ur.
1163 878 1307 941 Quot
1355 880 1549 934 diebus
1592 890 1792 935 terram
1823 885 2170 952 explorastis,
2198 890 2291 958 qui

731 965 955 1019 omnino
986 968 1341 1035 quadraginta
1368 969 1607 1035 fui-runt,
1651 988 1747 1039 per
1777 976 1999 1030 totidem
2032 993 2205 1033 annos
2225 981 2291 1035 ad

733 1056 959 1107 totidem
993 1057 1108 1110 dics
1160 1059 1358 1113 relatos
1383 1062 1571 1126 culpas
1610 1074 1819 1118 vestras
1851 1066 2011 1120 luetis
2032 1108 2046 1130 ,
2082 1079 2136 1123 et
2166 1070 2293 1137 quid

734 1150 811 1201 ira
844 1166 961 1203 mea
995 1154 1065 1204 sit
1099 1155 1458 1221 experiemini
1483 1157 1547 1209 ⁸⁸.
1588 1176 1606 1208 ι
1644 1157 1906 1212 Nimirum
1944 1160 2020 1213 illi
2044 1161 2296 1230 explen-

732 1247 881 1291 tores
923 1240 1066 1294 inter
1102 1243 1206 1295 alia
1242 1245 1343 1297 hoc
1367 1247 1531 1299 etiam
1554 1250 1896 1315 pervertendi
1922 1251 2105 1319 populi
2132 1266 2295 1307 causa

736 1332 1097 1397 protulerant,
1123 1349 1181 1387 se
1228 1335 1483 1391 familiam
1526 1337 1935 1407 Enaquinorum
1963 1342 2019 1395 in
2067 1343 2133 1397 iis
2162 1344 2297 1401 locis

735 1422 935 1476 vidisse
960 1463 975 1484 ,
1008 1426 1101 1493 qui
1134 1439 1318 1481 essent
1349 1429 1598 1484 Immunes
1634 1446 1798 1499 supra
1836 1433 2053 1486 modum
2084 1436 2297 1502 proceri

733 1524 789 1565 et
819 1514 1101 1584 gigantes.
1133 1533 1255 1571 cum
1295 1521 1494 1587 quibus
1550 1522 1651 1592 ipsi
1706 1524 1886 1578 collati
1937 1524 2160 1580 locustae
2198 1527 2299 1583 sibi

732 1617 855 1658 esse
896 1607 995 1659 visi
1045 1606 1299 1664 fuissent.
1341 1612 1656 1667 Attulerunt
1699 1616 1753 1669 id
1809 1618 2067 1683 temporis
2112 1633 2299 1673 secum

737 1704 902 1748 tanta
934 1697 1147 1750 botrum
1183 1704 1611 1770 magnitudinis,
1664 1717 1724 1759 ut
1764 1708 2012 1761 vectibus
2062 1720 2115 1763 et
2166 1710 2302 1779 palis

734 1785 932 1851 gestari
965 1801 1088 1840 cum
1127 1803 1354 1844 necesse
1404 1792 1561 1847 foret.
1597 1794 1864 1849 Carterum
1896 1796 2197 1863 lsraelicos,
2230 1800 2300 1855 ob

735 1875 869 1930 iram
895 1876 1136 1933 divinam
1163 1882 1477 1949 castigatus,
1504 1892 1711 1937 tantum
1746 1885 1798 1939 in
1830 1886 2131 1944 solitudine
2160 1899 2299 1944 tem-

736 1968 889 2036 poris
938 1971 1185 2038 exegisse
1218 1971 1453 2042 Cyrillus
1475 1974 1638 2028 etiam
1666 1976 1844 2031 verbis
1869 1978 2017 2034 hisee
2048 1988 2298 2049 testatur,

736 2058 790 2110 in
825 2074 892 2113 eo
950 2059 1089 2115 libro
1139 2064 1483 2118 exstantibus
1521 2081 1683 2134 quem
1740 2067 1813 2121 De
1841 2071 2111 2137 spirituali
2156 2075 2301 2128 cultu

737 2149 1057 2219 inscripsit:
1099 2155 1233 2219 Quia
1300 2154 1519 2210 fremitu
1573 2173 1673 2212 suo
1738 2158 1906 2214 Deum
1958 2162 2304 2222 oﬂenderunt

738 2241 1003 2309 Israelici,
1035 2247 1395 2317 quadraginta
1445 2265 1541 2318 per
1587 2251 1934 2307 solitudinem
1985 2258 2143 2310 annis
2177 2268 2304 2312 sunt

738 2332 1016 2397 olwagati.
1070 2336 1216 2389 Deus
1245 2338 1391 2390 enim
1436 2338 1794 2409 jurejurando
1823 2342 2064 2398 futurum
2108 2348 2307 2417 confir—

740 2425 909 2478 mavit
948 2440 1005 2480 se
1042 2427 1095 2481 in
1120 2440 1320 2483 terram
1356 2431 1676 2499 promissam
1708 2432 1855 2502 ipsos
1887 2435 2305 2506 haudquaquam

742 2516 1203 2574 introducturum.
1239 2520 1415 2591 Atque
1467 2524 1978 2595 hocjusjurandum
2017 2528 2109 2582 Dei
2148 2529 2307 2584 Davi-

741 2605 839 2659 dcs
874 2608 959 2661 his
995 2612 1179 2664 verbis
1216 2612 1471 2681 exposuit
1505 2631 1518 2668 :
1569 2634 1588 2666 ι
1634 2614 1807 2669 Iratus
1833 2616 2012 2685 iuravi
2048 2636 2157 2674 non
2184 2636 2307 2677 esse

744 2714 919 2753 meam
960 2700 1013 2754 in
1074 2704 1375 2772 requietem
1427 2718 1789 2773 perventuros
1822 2708 1886 2760 ⁸⁸.
1934 2725 1953 2758 ι
2000 2708 2173 2780 llujus
2215 2714 2308 2768 ira:

746 2792 1016 2847 terminus
1064 2803 1143 2848 tot
1198 2796 1358 2850 annis
1407 2797 1661 2850 definitus
1708 2808 1854 2864 erat.
1876 2809 2006 2868 quot
2052 2806 2308 2872 superius

740 2882 976 2948 expositi
1019 2895 1183 2949 sunt;
1221 2896 1384 2956 atque
1424 2888 1531 2941 illis
1555 2887 1754 2954 elapsis
1782 2889 2009 2943 omnino
2040 2894 2310 2949 exstincta

742 2981 845 3025 cst.
888 2971 1023 3028 Tum
1052 2977 1249 3032 deinde
1276 2980 1385 3033 nati
1426 2995 1616 3035 eorum
1650 2978 1944 3035 Jordanem
1975 2985 2313 3041 transierunt

2389 612 2491 683 τὴν
2514 614 2741 683 πορείαν
2763 616 2937 685 ὑμῶν,
2969 616 3074 683 ἕως
3102 616 3167 668 ἀν
3190 614 3513 669 ἀναλωθῶσι
3528 614 3598 666 τά
3623 614 3775 665 κῶὶα
3802 610 3961 681 ὑμῶν

2391 706 2451 759 ἐν
2480 709 2546 775 τῇ
2582 707 2797 776 ἐρήμῳ,
2841 710 2981 761 κατά
3029 707 3121 761 τδν
3153 706 3536 777 ἀριθμὸν,τῶκδ
3572 705 3798 774 ἡμερῶν
3824 705 3959 764 ὅσας

2393 798 2807 868 κατεσκέψασθε
2838 800 2937 870 τὴν
2970 801 3105 871 γῆν,
3140 800 3555 869 τεσσαράκοντα
3589 798 3827 867 ἡμέρας.
3861 794 3963 847 καὶ

2392 890 2671 957 γνώσεσθε
2701 892 2793 944 τὸν
2846 892 3019 962 θυμόν
3078 909 3204 962 μου.
3248 912 3267 945 ι
3302 892 3459 947 Μετά
3502 890 3614 961 γάρ
3642 889 3752 942 τῶν
3781 890 3963 943 ἀλλων

2392 983 2489 1035 καὶ
2522 983 2682 1037 τοῦτο
2728 979 2886 1037 εἷπον
2925 988 3007 1049 εἰς
3032 984 3366 1055 διαστροφὴν
3406 983 3501 1036 τοῦ
3531 980 3664 1036 λαοῦ
3687 998 3703 1013 ·
3737 1000 3758 1032 α
3808 979 3968 1034 Ἐκεῖ

2394 1071 2611 1141 εἰδομεν
2636 1074 2734 1142 τὴν
2756 1075 2953 1141 γενεάν
2980 1073 3077 1127 τοῦ
3119 1076 3343 1137 'Evaax,
3366 1075 3570 1143 ἄνδρας
3590 1070 3965 1141 ὑπερμήκεις.

2394 1164 2680 1233 γίγαντας,
2703 1161 2780 1221 ὧν
2814 1168 3045 1221 ἐνώπιον
3071 1163 3214 1239 ἦμεν
3242 1168 3378 1222 ὡσεὶ
3399 1166 3643 1237 ἀκρίδες.
3672 1182 3693 1217 ι
3727 1162 3971 1232 Ἔφερον

2393 1255 2452 1309 δὲ
2511 1256 2603 1309 καὶ
2637 1258 2833 1327 βότρυν
2867 1260 3080 1312 ἐκεῖθεν
3130 1258 3431 1329 ὑπερμήκη
3465 1255 3726 1310 τοσοῦτον
3773 1254 3853 1315 ὡς
3878 1254 3969 1303 ἐπ’

2397 1346 2767 1415 ἀναφορεῦσιν
2796 1348 2961 1400 αύτδν
2984 1348 3376 1418 βαστάζεσθαι.
3404 1348 3531 1400 Ὀτι
3556 1345 3613 1398 δὲ
3638 1343 3971 1410 παιδευόμε-

2397 1454 2486 1500 νος
2515 1440 2544 1491 6
2581 1438 2796 1511 Ἰσραήλ
2824 1443 2966 1495 κατά
2995 1440 3149 1496 θείαν
3177 1441 3349 1511 ὀργὴν
3384 1439 3642 1493 τοσοῦτον
3676 1439 3737 1490 ὲν
3773 1437 3972 1505 ἐρήμῳ

2397 1530 2674 1584 διεϐίϐασε
2709 1534 2923 1605 καιρὸν,
2949 1536 3047 1588 καὶ
3075 1533 3169 1587 τοῦ
3197 1532 3435 1602 μεγάλου
3473 1530 3748 1601 Κυρίλλου
3777 1528 3974 1595 λὲγον-

2398 1640 2491 1686 τος
2516 1624 2705 1678 ἄκουε.
2754 1623 2846 1677 Ἐν
2875 1627 2985 1693 γὰρ
3016 1627 3085 1693 τῇ
3111 1625 3253 1692 Περὶ
3279 1622 3388 1691 τῆς
3433 1624 3504 1677 ἐν
3530 1622 3831 1690 πνεύματι
3865 1621 3977 1671 ,ια-

2399 1714 2599 1781 τρείας
2634 1714 2802 1784 βίϐλῳ
2834 1715 3003 1767 αὑτοῦ
3025 1719 3122 1770 καὶ
3145 1716 3275 1768 τάδε
3303 1714 3495 1782 φησὶν,
3541 1713 3626 1775 ὅτι
3657 1707 3973 1781 προσκρού-

2404 1819 2502 1865 σας
2529 1805 2558 1856 ὁ
2611 1804 2830 1874 Ἰσραὴλ
2869 1805 3309 1873 τεσσαρακοστὸν
3362 1803 3482 1865 ἔτος
3526 1801 3806 1854 ἐπλανᾶτο
3830 1799 3976 1850 κατὰ

2402 1895 2503 1964 τὴν
2525 1895 2767 1967 ἔρημον·
2792 1899 2939 1968 ὅρκῳ
2961 1897 3071 1968 γάρ
3108 1896 3327 1967 ὤμοσεν
3358 1898 3388 1949 6
3446 1894 3578 1956 Θεὸς
3622 1892 3698 1963 μὴ
3733 1891 3980 1955 εἰσάξειν

2405 1988 2602 2051 αὐτοὺς
2633 1991 2712 2054 είς
2745 1992 2846 2060 τὴν
2882 1990 2987 2059 γῆν
3016 1990 3115 2059 τῆς
3155 1988 3512 2065 ἐπαγγελίας.
3546 1987 3658 2039 Καὶ
3706 1984 3868 2039 τοῦτο
3887 1984 3981 2036 διά

2404 2076 2500 2130 τοῦ
2533 2078 2697 2131 Δαϐὶδ
2719 2077 2919 2145 ἔδειξεν
2940 2080 3130 2143 εἰπὼν,
3157 2079 3233 2143 ὡς
3257 2079 3475 2147 Ὠμοσα
3503 2078 3562 2129 ἑν
3590 2078 3658 2146 τῇ
3683 2076 3823 2146 ὀργῇ
3848 2090 3983 2142 μου.

2410 2168 2459 2220 εί
2490 2168 2890 2223 εἰσελεύσονται
2948 2171 3029 2233 εἰς
3065 2171 3164 2241 τὴν
3199 2168 3553 2222 κατάπαυσίν
3591 2183 3716 2235 μου.
3754 2167 3867 2218 Ka‘t
3908 2159 3983 2233 ἦν

2400 2261 2523 2329 ὅρος
2575 2260 2762 2324 αὐτοῖς
2802 2262 2901 2330 τῆς
2969 2262 3163 2331 ὀργῆς,
3218 2260 3402 2322 καθὼς
3456 2259 3664 2313 ἄνωθεν
3731 2257 3979 2325 είρηται.

2404 2354 2803 2424 Παρῳχηκότος
2858 2354 2917 2408 δὲ
2973 2354 3068 2409 τοῦ
3103 2352 3300 2423 καιροῦ
3341 2353 3566 2405 λέλυται
3603 2350 3706 2419 μὲν
3735 2348 3981 2417 ήκόργὴ.

2401 2444 2661 2515 διέϐησαν
2686 2446 2743 2501 δὲ
2764 2448 2859 2501 τὸν
2889 2448 3167 2519 Ἰορδάνην
3193 2449 3243 2501 oi
3265 2446 3323 2511 ἐξ
3351 2444 3534 2499 αὐτῶν
3558 2444 3652 2497 καὶ
3683 2440 3985 2510 εἰσέϐησαν

2403 2537 2485 2597 εἱς
2506 2535 2604 2606 τὴν
2642 2538 2765 2607 γῆν,
2799 2540 2899 2609 οὑχ
2924 2538 3392 2610 ὐπερδραμούσης
3414 2535 3515 2605 τῆς
3544 2534 3984 2603 ἀγανακτήσεως

2408 2625 2469 2679 τδ
2496 2629 2936 2698 τεσσαρακοστὸν
2961 2628 3104 2694 ἔτος.
3141 2628 3328 2690 τύπος
3362 2626 3475 2696 ἄρα
3503 2623 3602 2678 καὶ
3620 2623 3777 2677 τοῦδε
3804 2620 3990 2690 σαφὴς

2410 2718 2469 2769 τδ
2506 2719 2666 2789 μέχρι
2702 2720 2928 2789 πληγῶν
2947 2720 3361 2791 τεσσαράκοντα
3383 2713 3985 2773 καταπαίεσθαίτινας·

2410 2808 2660 2875 ἀφέσεως
2699 2810 2808 2883 γὰρ
2847 2814 2875 2864 6
2913 2812 3057 2881 μετά
3081 2810 3242 2865 τοῦτο
3280 2808 3497 2879 καιρὸς,
3547 2805 3804 2861 διάϐασιν
3853 2805 3991 2874 ἡμῖν

2410 2899 2682 2971 εἰσφέρων
2717 2902 2987 2971 Ἰορδάνου
3013 2902 3112 2973 τὴν
3140 2902 3433 2979 μυστικήν.
3466 2901 3626 2955 Μετά
3653 2899 3766 2968 γὰρ
3789 2911 3993 2950 τεσσα-

2415 2990 2651 3058 ράκοντα
2677 2992 2773 3064 ἐτη
2793 2993 3037 3047 κάκεῖνοι
3059 2994 3154 3048 τὸν
3185 2994 3461 3065 Ἰορδάνην
3487 2991 3769 3061 διέϐησαν.

742 3070 797 3114 et
818 3074 1015 3119 terram
1042 3068 1359 3135 promissam
1397 3071 1625 3142 ingressi
1660 3078 1809 3133 sunt,
1847 3069 2031 3129 divina
2063 3074 2152 3129 illa
2208 3079 2489 3135 iracundia
2540 3082 3019 3154 quadragesimum
3076 3098 3281 3138 annum
3346 3098 3458 3138 non
3510 3080 3833 3136 excedente.
3861 3076 3993 3132 Fuit

745 3156 906 3226 huius
940 3160 1017 3215 rei
1064 3165 1336 3232 quondam
1371 3166 1457 3220 illa
1494 3180 1711 3237 quoque
1762 3171 1930 3242 ﬁgura
1955 3211 1970 3235 ,
1998 3171 2143 3241 quod
2184 3173 2371 3245 plagas
2399 3176 2469 3229 40
2506 3178 2823 3249 acciperent
2878 3180 2973 3250 qui
3036 3179 3398 3250 deliquerant.
3434 3175 3568 3232 Post
3625 3173 3779 3229 illum
3839 3173 3993 3229 enim

746 3269 1031 3309 numerum
1069 3267 1284 3328 tempus
1318 3260 1654 3318 liberationis
1710 3267 1977 3331 succedit,
2036 3268 2184 3338 quod
2243 3272 2527 3342 mysticam
2578 3272 2835 3332 Iordanis
2891 3275 3276 3333 transitionem
3308 3288 3495 3331 secum
3528 3270 3729 3328 affert:
3770 3284 3902 3325 nam
3940 3277 4000 3325 et

745 3349 847 3419 ipsi
888 3363 1011 3421 post
1046 3368 1250 3407 annum
1292 3358 1770 3426 quadragesimum
1805 3360 2099 3420 Jordanem
2148 3364 2507 3433 traiecerunt.

811 3444 972 3501 Jesus
1014 3455 1193 3501 autem
1226 3449 1313 3503 hic
1341 3449 1499 3505 Nam
1524 3452 1664 3507 filius
1695 3455 1870 3509 Auses
1884 3456 2038 3524 prius
2067 3458 2311 3529 appella-

2485 3455 2657 3528 Οὗτος
2692 3465 2790 3535 μιν
2820 3465 2915 3520 οῦν
2936 3466 2966 3519 6
2990 3465 3085 3519 τοῦ
3130 3465 3287 3536 Ναυῆ
3330 3463 3541 3535 Ἰησοῦς
3570 3463 3756 3534 Δύσῆς
3791 3462 4000 3531 πρότεο

747 3538 939 3615 batur:
982 3555 1168 3593 verum
1203 3551 1556 3613 posteaquam
1590 3547 1659 3600 ab
1701 3547 2078 3616 exploratione
2133 3564 2318 3605 rever-

744 3628 1099 3707 sus_fuisset,
1133 3647 1162 3685 a
1220 3631 1365 3689 Mose
1401 3650 1598 3689 nomen
1644 3637 1764 3706 eius
1813 3646 1897 3693 est
1942 3640 2315 3696 immutatum.

748 3720 1010 3776 Eumdem
1045 3736 1166 3795 post
1196 3740 1370 3780 annos
1401 3727 1495 3793 40,
1549 3744 1687 3795 quos
1715 3729 1768 3782 iu
1798 3730 2099 3786 solitudine
2136 3748 2314 3803 popu-

750 3812 832 3864 lus
880 3813 1077 3883 exegit,
1135 3815 1279 3870 Deus
1316 3816 1371 3869 in
1415 3818 1560 3870 hunc
1606 3817 1825 3871 modum
1867 3819 2140 3874 allocutus
2190 3828 2318 3875 est:

752 3900 1127 3959 «Circumcide
1184 3907 1443 3975 populum
1498 3908 1692 3963 cultris
1755 3910 1955 3972 saxeis,
2015 3920 2181 3979 atque
2242 3915 2316 3966 ita

2423 3573 2516 3626 ρον
2544 3556 2814 3622 ἐκαλεῖτο,
2856 3557 3205 3627 ὑποστρέψας
3240 3556 3297 3610 δὲ
3345 3555 3455 3610 ἀπὸ
3500 3554 3601 3623 τῆς
3633 3555 4001 3621 κατασκοπῆς

2420 3649 2574 3718 παρὰ
2604 3647 2701 3703 τοῦ
2751 3650 3000 3713 Μωσέως
3055 3646 3514 3719 μετονομάζεται.
3552 3645 3745 3713 Τούτῳ
3786 3644 3855 3715 δὴ
3920 3643 4002 3713 τῷ

2431 3739 2610 3809 Ἰησοῦ
2654 3740 2793 3809 μετά
2842 3755 2908 3808 γε
2931 3737 3347 3809 τεσσαράκοντα
3375 3737 3472 3806 ἔτη
3508 3734 3545 3790 ἃ
3592 3732 3913 3787 διεϐίϐασεν
3943 3734 4005 3785 ὲν

2418 3831 2487 3898 τῇ
2511 3831 2726 3902 ἐρήμῳ,
2758 3831 2911 3900 λέγει
2952 3831 2981 3882 6
3023 3830 3195 3894 Θεὸς⁹
3254 3848 3273 3881 ι
3313 3827 3564 3891 Καθίσας
3598 3826 3873 3897 περίτεμε
3909 3825 4006 3878 τὸν

2419 3924 2551 3977 λαδν
2600 3924 2901 3995 μαχαίραις
2936 3922 3244 3993 πετρίναις,
3281 3921 3377 3977 καὶ
3406 3920 3551 3974 οὓτω
3578 3921 3669 3973 τὸν
3713 3919 4005 3990 Ἰορδάνην

744 3990 1037 4049 Jordanem
1065 3997 1299 4065 trajicito
1312 3999 1409 4053 ⁸⁷.»
1446 3999 1579 4053 Nam
1607 3998 1735 4054 Mosi
1763 4008 2004 4070 potestas
2025 4000 2318 4057 Jordanem

751 4088 1066 4141 transeundi
1110 4088 1248 4142 facta
1294 4105 1404 4144 non
1441 4101 1544 4164 est,
1597 4107 1907 4161 quanquam
1963 4093 2174 4148 crebris
2228 4094 2318 4149 ille

750 4178 1003 4244 precibus
1056 4180 1161 4235 hoc
1206 4192 1549 4251 exposceret.
1596 4182 1811 4253 Quippe
1863 4199 1988 4238 cum
2046 4186 2311 4241 carminis

749 4269 909 4324 verba
945 4270 1144 4340 pepqu
1180 4272 1487 4336 recitasset,
1523 4272 1608 4327 liis
1637 4274 1819 4328 verbis
1840 4289 1964 4328 eum
1991 4263 2135 4329 Deus
2165 4291 2318 4330 com-

747 4361 1006 4429 pellavit:
1054 4362 1335 4417 «Ascende
1364 4363 1419 4416 in
1453 4372 1693 4418 montem
1749 4366 1991 4428 Abarim,
2041 4366 2131 4435 qui
2168 4366 2319 4421 Nabo

748 4470 905 4509 mons
928 4464 1032 4514 est,
1076 4470 1107 4507 e
1158 4454 1375 4525 regione
1428 4453 1826 4520 llierichuntis,
1862 4465 2025 4525 atque
2056 4457 2179 4512 istic
2213 4467 2322 4512 ter-

2419 4016 2658 4083 διάϐηθι.
2700 4034 2720 4069 ι
2768 4017 2831 4069 '0
2854 4017 2963 4087 γὰρ
3003 4014 3210 4083 Μωσῆς
3237 4014 3477 4082 περᾶσαι
3504 4011 3566 4065 οὐ
3610 4010 4006 4082 συνεχωρήθη,

2422 4107 2600 4161 καίτοι
2667 4109 2838 4162 πολλὰ
2874 4109 3001 4178 περὶ
3057 4107 3251 4160 τούτου
3277 4105 3374 4160 τοῦ
3409 4105 3549 4159 Θεοῦ
3572 4103 3817 4175 δεηθείς.
3843 4105 4010 4157 Μετὰ

2421 4196 2530 4267 γὰρ
2555 4196 2615 4249 τὸ
2634 4196 2867 4267 λαλῆσαι
2888 4197 2958 4249 τά
2983 4197 3081 4265 τῆς
3114 4195 3259 4266 ᾠδῆς
3292 4195 3371 4263 τῷ
3399 4193 3540 4264 λαῷ,
3584 4187 3709 4246 εἷπε
3733 4192 3878 4262 πρὸς
3905 4193 4010 4246 αῦ-

2420 4285 2512 4337 τὸν
2532 4287 2560 4338 6
2587 4284 2722 4348 Θεός
2740 4301 2757 4316 ⁸
2794 4302 2814 4337 ι
2852 4285 3112 4355 Ἀνάϐηθι
3144 4286 3225 4347 είς
3253 4285 3316 4336 τδ
3344 4283 3469 4353 ὅρος
3498 4281 3769 4352 Ἀραϐίμ.
3822 4280 4007 4334 Τοῦτο

2420 4376 2545 4448 ὅρος
2576 4377 2767 4432 Ναϐαῦ
2806 4376 2951 4431 κατά
3000 4378 3296 4446 πρόσωπον
3350 4371 3588 4443 ⁸1εριχὼ.
3641 4373 3751 4425 Καὶ
3798 4372 3878 4426 ῐδε
3906 4373 4015 4443 τὴν

2421 4467 2526 4535 γῆν
2555 4466 2798 4528 Χαναὰν,
2830 4465 2927 4519 καὶ⁵
2951 4463 3205 4530 τελεύτα,
3226 4464 3287 4516 ὃν
3311 4464 3515 4530 τρόπον
3557 4460 3839 4515 ἀπέθανεν
3879 4461 4018 4515 ’Δα-

750 4559 862 4598 ram
905 4544 1276 4599 Cliananzcam
1312 4546 1543 4601 intuitus
1583 4562 1820 4611 morere,
1852 4548 2314 4617 quemadmodum

2427 4552 2536 4624 ρὼν
2566 4554 2595 4606 6
2624 4549 2855 4614 ἀδελφός
2890 4566 2985 4603 σου
3050 4552 3108 4605 ἑν
3142 4549 3255 4647 ὀρ
3387 4546 3503 4617 θρει
3529 4587 3565 4647 ,⁸
3601 4546 4020 4647 διότιὶὴπειθή-

746 4648 801 4690 ct
846 4637 991 4691 Aaro
1042 4636 1208 4691 frater
1259 4646 1385 4691 tuus
1430 4638 1485 4693 in
1527 4638 1638 4694 Oro
1667 4649 1850 4695 monte
1899 4652 2149 4696 mortuus
2209 4649 2313 4695 est.

2426 4656 2555 4693 σατε
2584 4639 2661 4708 τῷ
2682 4638 2892 4709 ῥήματί
2920 4655 3021 4709 μου
3040 4638 3135 4689 ἐπὶ
3163 4635 3258 4689 τοῦ
3285 4635 3481 4697 ὓδατος
3503 4634 3603 4703 τῆς
3625 4633 3974 4700 ἀντιλογίας.
3989 4651 4014 4685 ι

749 4727 866 4782 Non
901 4728 1047 4781 enim
1084 4728 1267 4783 verbis
1323 4729 1463 4784 meis
1508 4729 1574 4783 ad
1611 4746 1805 4798 aquam
1840 4731 2241 4786 adversationis
2270 4741 2324 4786 et

2426 4733 2550 4786 Ὀτι
2603 4732 2661 4785 δὲ
2698 4732 2881 4785 ἐδέετο
2935 4729 3030 4783 τοῦ
3083 4728 3222 4781 Θεοῦ
3288 4728 3530 4798 περᾶσαι
3561 4725 3655 4777 τὸν
3703 4722 4020 4795 Ἰορδάνην,

748 4824 877 4876 rixzn
907 4820 1062 4874 ﬁdem
1094 4822 1362 4877 habuistis
1381 4822 1449 4877 ⁸⁸.
1476 4840 1493 4874 ι
1515 4821 1633 4877 lam
1658 4792 1801 4892 quod
1819 4822 2119 4877 obsecrarit
2152 4824 2319 4877 Deum

2434 4845 2451 4879 ι
2499 4825 2607 4879 Καὶ
2659 4824 2911 4892 ὑπερεῖδε
2944 4822 3152 4893 Κύριος
3189 4823 3213 4873 ι
3226 4822 3294 4891 μὲ
3344 4792 3538 4874 ένεκεν
3570 4818 3746 4890 ὑμῶν,
3778 4792 3885 4872 καὶ
3911 4792 4025 4874 οῦκ

749 4923 806 4970 ut
832 4914 1127 4968 Iordanem
1157 4916 1456 4985 trajiceret,
1491 4916 1607 4984 ipse
1636 4916 1981 4985 signiﬁcavit,
2011 4932 2134 4970 cum
2168 4916 2321 4971 dice-

2428 4917 2716 4987 είσήκουσέ
2736 4933 2859 4985 μου.
2893 4913 2997 4969 Καὶ
3014 4910 3136 4966 εἷπε
3157 4914 3358 4983 Κύριος
3387 4914 3523 4982 πρός
3548 4929 3639 4982 με,
3676 4910 4027 5013 Ἰκανούσθω

748 5016 867 5058 ret:
931 5004 1227 5073 «Equidem
1287 5021 1451 5061 amne
1504 5006 1663 5077 160
1718 5007 1947 5076 trajectu
1997 5007 2319 5076 prazclaram

2430 5023 2535 5071 σοι,
2586 5008 2660 5076 μὴ
2710 5008 2957 5075 προσθῇς
3019 5005 3099 5058 ἔτι
3150 5003 3383 5073 λαλῆσαι
3426 5004 3520 5057 τὸν
3576 5003 3737 5069 λόγον
3791 5003 4021 5055 τοῦτον.

750 5097 896 5149 illum
932 5098 1207 5168 regionem
1231 5142 1244 5165 ,
1284 5110 1434 5154 trans
1471 5100 1763 5154 Jordanem
1805 5101 1987 5166 sitam,
2021 5101 2320 5157 intuiturus

2441 5098 2727 5151 Ἀνάϐαινε
2760 5098 2868 5167 γὰρ
2902 5099 2985 5159 είς
3008 5097 3067 5149 τὸ
3097 5096 3247 5166 ὅρος,
3294 5095 3391 5148 καὶ
3423 5095 3500 5147 ῐδε
3533 5096 3647 5156 τοῖς
3679 5092 4024 5161 ὀφθαλμοῖς,

747 5206 895 5243 eram
919 5209 929 5242 Ξ
965 5207 1150 5246 verum
1181 5194 1319 5248 DCIIS
1342 5208 1426 5247 me
1459 5203 1637 5247 VCSll‘ﬂ
1669 5208 1830 5247 causa
1857 5203 1941 5247 εει
1966 5206 2319 5261 aspernatus,

2424 5193 2510 5246 ὅτι
2532 5193 2593 5245 οὐ
2624 5191 2860 5261 διαϐήσῃ
2899 5191 2992 5243 τὸν
3018 5190 3296 5259 Ἰορδάνην
3318 5188 3530 5241 τοῦτον.
3558 5204 3576 5237 ι
3604 5187 3713 5239 Καὶ
3731 5185 3783 5239 τί
3810 5186 4031 5253 δήποτε

748 5296 849 5334 nec
885 5298 1073 5351 preces
1112 5300 1261 5340 meas
1294 5286 1565 5340 exaudiit.
1603 5284 1907 5354 Respondit
1935 5286 2082 5339 enim
2121 5285 2173 5338 in
2209 5286 2323 5340 lucc

2428 5282 2516 5336 διά
2548 5284 2752 5352 μικρὰν
2789 5279 3174 5351 πλημμέλειαν
3225 5279 3516 5350 πόρρωθεν
3550 5278 3679 5330 ίδεῖν
3738 5279 3766 5329 6
3804 5278 4033 5347 Μωσῆς

749 5375 914 5429 verba
958 5377 1090 5430 mihi
1120 5393 1132 5430 :
1171 5376 1317 5432 Satis
1357 5378 1461 5432 hoc
1494 5388 1612 5432 esto
1634 5378 1754 5442 tibi,
1790 5378 1898 5431 noli
1927 5377 2035 5430 tale
2059 5376 2319 5447 quiddam

2435 5372 2784 5443 προσετάχθη
2842 5371 2940 5441 τὴν
2977 5371 3103 5437 γῆν,
3138 5369 3229 5422 τὸν
3280 5369 3338 5422 δὲ
3370 5368 3499 5421 λαὸν
3525 5368 3852 5434 εἰσαγαγεῖν
3875 5367 4035 5421 6w-

750 5467 982 5534 amplius
1037 5484 1065 5521 a
1126 5484 1213 5523 mc
1268 5481 1474 5539 petere.
1530 5470 1731 5523 Saltem
1784 5470 1835 5522 in
1890 5477 2128 5522 montem
2183 5469 2329 5523 hunc

2437 5466 2616 5534 λύθης
2655 5465 2911 5518 Διδάσκει
2968 5464 3116 5532 ἡμᾶς
3162 5464 3190 5515 6
3233 5460 3515 5530 Δεσπότης
3552 5460 3643 5513 διὰ
3691 5460 3910 5511 τούτων
3946 5460 4036 5523 ὡς

2439 5559 2565 5621 τοὺς
2593 5560 2649 5611 ὲν
2672 5559 2843 5626 ἀρετῇ
2874 5556 3251 5626 τελείουςτὴν
3283 5556 3463 5625 ἄκραν
3504 5552 3799 5623 ἀκρίϐειαν
3850 5554 4003 5606 ἀπαι

2439 5651 2524 5701 sei
2550 5664 2564 5679 ο
2598 5666 2620 5702 t
2672 5649 2732 5702 ὐ
2761 5650 2861 5719 μὲν
2894 5649 3004 5716 γὰρ
3037 5648 3343 5717 ἐλάχιστος,
3369 5647 3503 5718 φησὶ
3535 5644 3701 5712 σοφία
3729 5643 4041 5713 Σολομῶν-

751 5557 1056 5622 ascendito,
1088 5570 1142 5613 et
1174 5569 1371 5613 terram
1406 5560 1578 5615 oculis
1627 5560 1733 5614 tuis
1781 5561 2011 5623 intuere;
2059 5574 2181 5612 nam
2208 5558 2329 5612 loro

750 5650 946 5704 dilllClll
987 5652 1131 5707 hunc
1164 5670 1272 5707 nun
1314 5653 1557 5723 trajicics
1577 5656 1675 5707 ⁸³.»
1736 5652 2005 5720 Qui-lnam
2041 5667 2171 5706 vero
2207 5664 2332 5705 cau-

837 5810 883 5843 ⁶⁸
908 5809 1069 5874 Num.
1108 5829 1211 5878 xlv,
1241 5813 1326 5867 5f).
1408 5814 1451 5839 ""
1490 5813 1630 5869 Psal.
1668 5826 1809 5877 xciv,
1848 5809 1930 5864 Il.
2009 5809 2053 5840 ⁸⁷
2082 5805 2247 5861 ,Ιειειιο
2282 5824 2330 5870 ν,

2410 5843 2417 5857 .
2496 5804 2539 5836 ⁸⁸
2576 5804 2732 5860 Deut.
2770 5820 2939 5866 χχχιι,
2966 5804 3055 5869 if),
3091 5806 3181 5860 δυ.
3261 5804 3304 5836 ⁸⁸
3344 5803 3502 5856 Deut.
3539 5815 3695 5860 xxxi.
3733 5801 3791 5853 ‘2.
