4204 6450
223 377 327 442 309

1468 382 1875 443 ANNALIUM
1918 384 2114 443 PARS
2158 383 2234 444 Ιῐ.

3346 385 3453 447 310

218 502 330 547 τος,
355 485 703 551 συγγνωστός
761 486 909 540 ἐστιν
963 487 1170 550 ἐλέους,
1209 488 1428 541 δυνατοὶ
1460 489 1517 541 δὲ
1545 488 1790 549 δυνατῶς

1907 504 1965 542 sa:
2024 488 2128 545 fuit
2177 487 2529 559 quamobrem
2584 489 2653 543 ob
2698 489 2953 545 delictum
2992 492 3250 561 exiguum
3278 492 3455 549 Moses

220 576 626 645 ὲτασθήσονταί.
663 594 681 627 ι
714 576 838 631 Ὀτι
878 579 935 632 δὲ
968 581 1111 648 μέγα
1152 579 1297 643 ἔδοξε
1327 580 1389 632 τὸ
1414 579 1505 632 τοῦ
1540 580 1787 643 Μωσέως

220 664 544 733 ἁμάρτημα,
577 664 881 733 δεδήλωκεν
926 669 1089 730 αὐτὸς
1128 668 1157 720 6
1207 668 1341 729 Θεὸς
1373 667 1547 731 οὕτως
1578 666 1784 733 εἰπών·

225 770 245 806 ι
292 755 597 820 Ἀνάϐαινε,
632 757 727 809 καὶ
754 757 1008 821 τελεύτα,
1039 758 1174 810 διότι
1201 758 1538 827 ἠπειθήσατε
1574 758 1654 827 τῷ
1690 759 1788 829 ῥή-

223 844 351 915 ματί
385 863 487 914 μου
526 848 619 898 ἐπὶ
670 847 764 898 τοῦ
812 845 1005 910 ὓδατος
1043 850 1142 915 τῆς
1175 848 1508 915 ἀντιλογίας.
1553 866 1571 900 ι
1606 848 1788 900 Πάντα

217 937 396 990 ταῦτα
433 938 735 1006 πεποίηκεν
765 939 796 1005 ἡ
829 936 1035 1004 θλίψις.
1082 938 1453 1001 Ἐπιτιθέντες
1506 938 1616 1008 γὰρ
1660 940 1791 992 Ἰου-

217 1025 356 1078 δαῖοι
396 1026 472 1095 τῷ
504 1025 632 1095 θείῳ
660 1026 874 1089 Μωσεῖ,
925 1026 1014 1078 ὅτε
1048 1025 1281 1094 ἀθυμῶν
1336 1022 1403 1097 ἦν
1439 1026 1526 1079 διὰ
1563 1027 1663 1094 τὴν
1694 1027 1791 1095 τῆς

218 1116 451 1183 Μαριὰμ
486 1116 765 1185 τελευτὴν,
796 1117 891 1167 καὶ
928 1114 1238 1185 βιαζόμενοι
1265 1115 1423 1185 χάριν
1452 1115 1646 1171 ὓδατος
1677 1155 1690 1179 ,
1717 1120 1792 1176 ὡς

218 1208 276 1258 tv
306 1209 370 1276 τῇ
418 1206 586 1276 βίϐλῳ
618 1210 731 1278 τῆν
776 1190 1058 1277 Ἀριθμῶν
1097 1206 1434 1275 γέγραπται,
1472 1206 1791 1275 ἠνάγκασαν

218 1298 319 1364 τὴν
347 1297 658 1366 ἀμφίϐολον
694 1298 917 1367 εκείνην
948 1298 1200 1366 προϊέναι
1227 1298 1433 1366 φωνήν.
1488 1296 1658 1365 Ἄφες
1676 1296 1789 1348 λοιο

219 1390 323 1440 πδν
374 1372 444 1441 τὰ
505 1388 600 1440 τοῦ
644 1387 933 1458 Ἰωσήπου,
985 1389 1067 1441 ὅτι
1130 1388 1403 1441 καὶκατὰ
1438 1387 1619 1441 πάντα
1672 1387 1793 1448 ταῖς

220 1479 398 1548 ίεραϊς
418 1479 663 1549 Γραφαϊς
689 1479 1082 1549 ἐναντιούμενα
1106 1479 1417 1547 φαίνονται·
1448 1478 1542 1532 καὶ
1570 1479 1679 1548 γὰρ
1705 1477 1792 1532 διὰ

219 1571 372 1623 θείαν
410 1570 579 1641 ὀργὴν
618 1570 998 1639 ἐτελεύτησεν,
1051 1571 1114 1623 οὐ
1172 1569 1280 1638 μὴν
1328 1570 1417 1625 διὰ
1474 1573 1673 1640 γῆρας,
1717 1568 1794 1633 ὠς

218 1662 428 1724 δκεῖνὸς
461 1665 645 1731 φησιν.
671 1661 795 1716 Ὀτι
822 1661 878 1714 δὲ
900 1660 995 1714 τοῦ
1021 1660 1157 1714 Θεοῦ
1199 1661 1545 1732 ὀργισθέντος
1571 1663 1664 1715 ἐπὶ
1683 1663 1794 1723 τοῖς

218 1753 594 1818 κατασκόποις
632 1752 727 1824 ἔτη
755 1752 1173 1824 τεσσαράκοντα
1207 1751 1481 1822 διέτριψεν
1516 1754 1544 1805 6
1577 1753 1704 1817 λαὸς
1736 1754 1795 1805 tv

1895 582 2055 647 longo
2070 582 2281 649 quidem
2302 598 2367 635 ex
2394 581 2678 636 intervallo
2705 591 2905 636 terram
2925 583 3125 637 intueri
3146 586 3455 653 jussus'est.

1897 673 1990 728 sed
2020 672 2195 726 eidem
2227 672 2550 743 denegatum
2582 688 2651 726 ne
2685 673 2941 743 populum
2978 674 3030 727 in
3064 690 3182 729 eam
3208 676 3458 731 introdu-

1895 764 2085 817 ceret?
2119 763 2386 817 Nimirum
2421 778 2518 833 per
2550 765 2665 817 haec
2695 767 2894 818 docere
2937 780 3037 818 nos
3070 766 3336 821 Dominus
3364 783 3461 823 vo-

1896 855 1998 909 luit
2031 869 2088 909 se
2116 856 2185 909 ab
2215 854 2282 908 iis
2321 854 2412 924 qui
2443 855 2645 911 virtute
2694 855 2919 924 perfecti
2974 858 3107 920 sint,
3161 865 3457 913 extremam

1896 947 2295 1000 accurationem
2321 947 2623 1016 requirere.
2659 966 2678 997 ι
2707 946 2838 999 Nam
2873 949 2963 1014 qui
2999 950 3327 1018 perpusillus
3355 960 3456 1014 est.

1896 1037 2075 1101 inquit
2133 1035 2411 1105 Sapientia
2463 1037 2858 1101 Salomonis",
2909 1039 2977 1092 ob
3030 1041 3460 1095 misericordiam

1901 1126 2301 1195 quodammodo
2333 1127 2549 1180 veniam
2612 1136 2885 1191 meretur;
2913 1136 2964 1180 at
3011 1129 3255 1181 valentes
3286 1129 3462 1182 valide

1897 1217 2345 1286 explorabuntur.
2376 1235 2396 1269 ι
2426 1217 2491 1271 Et
2515 1232 2640 1271 vero
2660 1218 2913 1272 delictum
2948 1218 3111 1274 Mosis
3137 1221 3328 1291 ingens
3361 1221 3463 1276 sibi

1896 1313 2070 1367 visum
2104 1312 2273 1366 fuisse
2307 1313 2449 1366 Deus
2489 1312 2603 1380 ipse
2629 1312 2807 1365 verbis
2836 1312 2920 1365 his
2945 1311 3277 1367 declaravit:
3330 1332 3349 1365 ‹
3395 1314 3467 1366 Α»

1900 1402 2104 1458 scende
2136 1417 2199 1457 ac
2225 1417 2459 1467 morere,
2494 1412 2781 1471 propterea
2828 1403 2970 1471 quod
3015 1404 3195 1458 verbis
3238 1406 3372 1460 meis
3397 1406 3463 1460 ad

1899 1507 2092 1561 aquam
2140 1492 2302 1562 jurgii
2335 1491 2492 1546 ﬁdem
2549 1508 2655 1545 non
2708 1493 3025 1548 habueritis.
3067 1512 3084 1545 ι
3118 1494 3292 1563 Atque
3352 1496 3469 1551 haec

1900 1584 2080 1637 omnia
2112 1584 2178 1638 de
2208 1583 2439 1652 quadam
2493 1583 2784 1638 atilictione
2808 1584 3047 1653 proiecta
3104 1596 3281 1641 erant.
3333 1587 3466 1641 Nam

1902 1691 2024 1730 cum
2069 1673 2281 1729 Hebraei
2328 1675 2396 1730 ad
2427 1674 2627 1729 Mosem
2665 1676 3041 1741 convolareut,
3089 1678 3207 1747 ipso
3246 1688 3469 1747 propter

1904 1765 2086 1819 Maria:
2110 1768 2314 1820 sororis
2342 1764 2547 1819 obitum
2579 1766 2740 1829 tristi,
2773 1774 2828 1821 et
2852 1765 3121 1821 violenter
3154 1783 3278 1821 eum
3309 1783 3470 1837 urge-

217 1847 289 1914 τῇ
321 1844 537 1915 δρήμῳ,
593 1846 691 1899 καὶ
739 1845 799 1899 tv
835 1842 913 1915 τῷ
967 1846 1383 1915 Δευτερονομίῳ
1415 1845 1575 1898 τοῦτο
1607 1844 1795 1913 σαφῶς

1907 1863 2022 1909 rent
2054 1854 2125 1909 ob
2157 1869 2308 1924 aqua:
2359 1854 2654 1922 defectum,
2693 1855 2836 1909 sicut
2863 1856 2915 1909 in
2943 1856 3301 1912 Numerorum
3328 1834 3469 1910 libro

218 1936 541 2006 δεδήλωται.
602 1936 799 1991 Ἦνίκα
841 1937 951 2007 γὰρ
988 1938 1016 1990 6
1047 1937 1255 2002 Μωσῆς
1290 1936 1357 1990 τὰ
1379 1937 1676 1990 τελευταῖα
1713 1936 1792 2006 τῷ

217 2027 337 2096 λαῷ
383 2028 670 2097 διελέγετο,
714 2030 809 2083 καὶ
851 2028 976 2082 τάδε
1024 2028 1162 2100 πρὸς
1189 2031 1303 2092 τοῖς
1330 2028 1513 2091 ἄλλοις
1571 2029 1792 2096 ἔλεγενο

227 2135 248 2168 ι
289 2117 566 2184 Ἤλθομεν
609 2119 704 2173 καὶ
736 2119 868 2190 πρὶν
901 2119 980 2181 είς
1016 2120 1078 2172 τδ
1112 2122 1354 2191 περᾶσαι
1398 2121 1490 2173 καὶ
1516 2120 1797 2190 κατακλη-

221 2209 525 2281 ρονομῆσαι
553 2211 653 2281 τὴν
686 2210 1020 2264 Χανανίτιδα
1054 2211 1183 2277 γῆν.
1221 2228 1240 2262 ι
1292 2210 1436 2263 Ἀλλ’
1466 2210 1516 2263 οι
1545 2209 1799 2280 διάστρο-

220 2319 316 2370 φοι
346 2303 548 2355 ἐκεῖνοι
608 2303 947 2356 κατάσκοποι
983 2301 1082 2354 καὶ
1112 2304 1140 2355 6
1187 2302 1284 2355 τοῦ
1309 2301 1439 2354 λαοῦ
1480 2300 1797 2370 γογγυσμὸς

218 2395 318 2465 ἔτη
344 2402 396 2463 μ’
414 2394 851 2462 περι-πλανᾶσθαι
877 2395 1078 2455 αὐτοὺς
1102 2395 1160 2448 tv
1182 2395 1250 2465 τῇ
1275 2394 1469 2463 ἐρήμῳ
1498 2392 1794 2461 πεποίηκε.

219 2487 411 2541 Ταῦτα
462 2488 517 2540 δὲ
572 2488 707 2559 πρὸς
740 2487 938 2549 αὐτοὺς
965 2486 1154 2555 ἔλεγεν
1182 2488 1239 2539 tv
1282 2489 1348 2555 τῇ
1396 2484 1627 2556 δευτέρᾳ
1659 2485 1795 2538 ὑπο-

218 2583 456 2650 στροφῇ,
487 2580 597 2632 τῶν
634 2585 686 2648 μ’
712 2581 845 2632 ἐτῶν
867 2578 1066 2651 δηλαδὴ
1088 2577 1511 2649 συμπληρώσει.
1545 2577 1791 2647 Πρόσεχε

217 2672 446 2725 λοιπόν·
487 2674 736 2739 φαίνεται
790 2673 899 2742 γὰρ
957 2672 1214 2726 ἐντεῦθεν
1238 2673 1321 2725 ὅτι
1367 2673 1418 2724 εί
1464 2673 1540 2741 μὴ
1567 2670 1691 2724 θεία
1724 2666 1793 2741 ἦν

217 2766 362 2836 ὀργὴ
389 2765 487 2833 τῆς
515 2766 624 2818 τῶν
672 2764 1040 2818 κατασκόπων
1091 2766 1427 2835 διαστροφῆς
1467 2763 1681 2825 ἕνεκεν,
1733 2764 1795 2817 tv

216 2859 422 2928 βραχεῖ
440 2840 657 2928 διῆλθον
679 2858 776 2929 τὴν
799 2857 1009 2929 ἔρημον
1033 2859 1130 2911 καὶ
1154 2857 1245 2911 τὸν
1281 2856 1569 2936 Ἰορδάνην.
1592 2856 1796 2927 ἐπέρα-

216 2969 325 3005 σαν
347 2951 436 3007 ἄν.

1902 1943 2272 2016 perscriptum
2318 1944 2570 2015 legimus,
2604 1947 2747 2002 hanc
2786 1945 2835 2001 ei
2882 1962 3072 2015 vocem
3114 1947 3471 2001 dubitationis

1900 2038 2118 2107 plenam
2172 2047 2547 2092 extorserunt.
2604 2039 2952 2108 Quapropter
2991 2042 3208 2094 missam
3243 2039 3328 2094 iac
3375 2038 3472 2093 Jo-

1903 2128 2056 2198 sepbi
2104 2128 2502 2193 narrationem,
2553 2144 2673 2199 qua:
2726 2145 2953 2199 prorsus
3008 2132 3231 2186 Litteris
3295 2132 3473 2185 sacris

1906 2220 2184 2275 adversari
2219 2220 2454 2274 videtur.
2514 2219 2695 2275 Moses
2733 2221 2880 2275 enim
2914 2230 3138 2292 pr0pter
3170 2224 3303 2277 iram
3337 2223 3476 2277 divi-

1903 2326 2031 2365 nam
2061 2310 2167 2366 hoc
2216 2310 2379 2365 modo
2427 2320 2675 2367 mortuus
2728 2321 2846 2375 est,
2901 2328 3010 2367 non
3054 2314 3124 2367 ob
3174 2314 3474 2368 senectutis

1905 2403 2142 2469 molem,
2191 2403 2649 2472 quemadmodum
2698 2403 2787 2458 ille
2841 2405 3023 2459 tradit.
3086 2402 3241 2470 Quod
3289 2414 3472 2458 autem

1901 2496 2013 2550 Deo
2048 2504 2267 2565 propter
2292 2494 2667 2564 exploratores
2688 2496 2827 2549 irato
2863 2496 3095 2565 populus
3138 2497 3300 2549 annis
3335 2512 3473 2564 qua-

1902 2584 2152 2657 draginta
2192 2584 2248 2639 in
2303 2585 2601 2643 solitudine
2652 2597 3026 2643 commoratus
3078 2589 3171 2652 sit,
3219 2589 3384 2642 etiam
3420 2588 3474 2641 in

1902 2677 2325 2732 Deuteronomio
2346 2679 2633 2748 perspicue
2652 2679 2945 2735 indicatur.
2978 2681 3113 2735 Cum
3134 2680 3277 2735 enim
3298 2679 3477 2735 Moses

1911 2776 2159 2821 extrema
2190 2767 2440 2822 oratione
2475 2769 2734 2838 populum
2782 2769 3173 2839 alloqueretnr.
3201 2768 3344 2823 inter
3371 2768 3476 2822 alia

1915 2859 2100 2915 verbis
2156 2860 2467 2930 huiusmodi
2527 2876 2655 2916 usus
2698 2873 2818 2917 est:
2881 2862 3258 2917 «Accessimus
3308 2862 3478 2916 etiam

1902 2958 2065 3005 antea
2116 2951 2399 3019 trajecturi
2452 2950 2678 3018 ﬂumen,
2734 2960 2790 3007 et
2824 2961 3025 3008 terrain
3057 2950 3481 3006 tlhauauitidem

212 3047 543 3117 occupaturi
568 3064 584 3105 :
614 3048 708 3103 sed
735 3049 1105 3119 exploratores
1128 3048 1205 3104 illi
1231 3046 1477 3119 perversi
1507 3046 1802 3118 populique
1842 3044 2095 3103 fremitus
2161 3047 2461 3105 etl’ecerunt
2492 3056 2549 3103 ut
2584 3050 2774 3103 .anuis
2821 3051 3177 3121 quadraginta
3215 3064 3311 3118 per
3344 3048 3485 3102 soli—4

213 3145 468 3202 tudinem
517 3145 969 3214 obvagaremur.»

1054 3143 1185 3210 Qua:
1212 3144 1433 3214 quidem
1498 3143 1669 3199 verba
1729 3141 1961 3214 protulit
2023 3143 2078 3197 in
2141 3144 2310 3199 altera
2360 3146 2676 3201 reversione
2710 3144 2776 3199 ad
2827 3144 3147 3207 Jordanem,
3192 3158 3315 3197 cum
3347 3144 3478 3197 anni

211 3237 436 3294 scilicet
479 3235 839 3306 quadraginta
887 3235 997 3303 jam
1040 3234 1300 3303 completi
1348 3241 1555 3289 essent.
1620 3232 1801 3301 Atque
1841 3232 1950 3297 bic,
1979 3248 2188 3302 quaeso,
2220 3235 2356 3289 mihi
2429 3235 2674 3289 animum
2746 3233 3035 3291 advertito.
3073 3231 3303 3287 Videtur
3332 3235 3478 3288 enim

209 3332 469 3387 futurum
498 3330 665 3385 fuisse
703 3336 762 3382 ut
792 3328 898 3382 nisi
927 3310 1112 3382 divina
1148 3328 1298 3383 istaec
1362 3326 1442 3381 ira
1511 3324 1914 3379 intercessisset
1983 3326 2052 3380 ob
2092 3326 2502 3396 exploratorum
2564 3327 2985 3397 perversitatem
3019 3336 3160 3393 orta,
3202 3326 3353 3382 brevi
3385 3326 3501 3382 ad--

211 3428 445 3480 modum
485 3422 749 3492 temporis
781 3420 960 3491 spatio
1012 3419 1365 3474 solitudinem
1416 3426 1795 3488 peragrarent,
1837 3430 1900 3471 ac
1928 3412 2222 3471 Jordanem
2252 3417 2589 3487 trajicerent.

287 3516 506 3571 Οὐκοῦν
538 3515 633 3585 ἔτη
670 3522 721 3584 μ’
752 3513 1185 3582 περιπατοῦντες
1204 3512 1349 3567 κατὰ
1368 3512 1469 3583 τὴν
1505 3512 1710 3583 ἔρημον
1743 3511 1802 3564 τὸ

1982 3510 2253 3566 Caeterum
2302 3514 2430 3567 dum
2490 3514 2652 3567 annis
2702 3511 2772 3567 40
2822 3528 2921 3582 per
2955 3512 3306 3567 solitudinem
3357 3511 3485 3568 hinc

218 3610 401 3679 μάννα
427 3607 637 3677 ἢσθιον,
662 3607 872 3675 τροφὴν
904 3606 1188 3674 ἄσπαρτυν
1214 3605 1311 3658 καὶ
1342 3605 1629 3674 άνήροτον.
1661 3605 1799 3658 Καθ’

214 3704 464 3772 ἑκάστην
498 3703 606 3771 γὰρ
643 3699 871 3769 ἔϐρεχεν
907 3699 1124 3768 ἡμέραν
1187 3697 1321 3753 αὐτὸ
1378 3699 1405 3751 6
1456 3698 1612 3761 Θεὸς,
1672 3699 1799 3752 ἄνευ

221 3800 412 3867 μέντοι
444 3793 541 3848 τοῦ
594 3793 900 3857 Σαϐϐάτου,
950 3782 1223 3846 διδάσκων
1276 3789 1574 3844 κάντεῦοεν
1604 3790 1803 3850 αὐτοὺς

222 3889 398 3959 μηδὲν
444 3888 504 3939 tv
532 3884 799 3954 Σαϐϐάτῳ
836 3885 1035 3937 ποιεῖν.
1081 3882 1199 3950 Ἐφ’
1230 3874 1273 3949 ᾧ
1303 3882 1394 3934 καὶ
1426 3881 1486 3933 τὸ
1521 3881 1577 3933 tv
1611 3883 1802 3950 Παρα-

219 3983 400 4050 σκευῇ
434 3976 844 4047 κατερχόμενον
877 3975 1056 4045 μάννα
1094 3974 1382 4028 διπλάσιον
1420 3968 1511 4043 ἦν,
1547 3972 1623 4035 ὡς
1658 3972 1804 4042 ἔχειν

215 4068 423 4128 αὐτοὺς
442 4066 537 4118 καὶ
555 4063 654 4132 τὴν
680 4066 737 4115 tv
767 4063 1031 4133 Σαϐϐάτῳ
1053 4064 1285 4134 τροφήν.
1310 4063 1370 4116 Εί
1393 4064 1451 4115 δὲ
1482 4065 1538 4116 tv
1570 4061 1805 4131 δευτέρᾳ

208 4160 387 4231 τυχδν
418 4157 608 4229 ἡμέρα
640 4156 673 4225 ἢ
705 4153 865 4227 τρίτῃ
895 4155 1081 4209 λαϐὼν
1110 4158 1175 4209 ἐκ
1214 4154 1308 4209 τοῦ
1347 4156 1525 4225 μάννα
1566 4153 1804 4221 ἐφύλαξὲ

210 4270 328 4317 τις,
355 4251 440 4314 είς
471 4249 573 4319 τὴν
598 4248 892 4319 ὑστεραίαν
924 4247 1328 4319 διεφθαρμένον
1358 4243 1428 4319 ἦν
1462 4246 1520 4311 ἐξ
1556 4246 1806 4316 ἀνάγκης

204 4346 280 4399 τὸ
302 4342 549 4398 τοιοῦτον
578 4340 901 4405 ἰδεῖν.Τίνος
930 4341 1149 4406 ἓνεκενς
1193 4340 1409 4411 Ἐπειδὴ
1442 4339 1607 4409 νόμου
1628 4339 1810 4409 παρά-

207 4436 381 4499 ϐασις
420 4429 513 4504 ἦν.
581 4432 863 4486 Διδάσκων
913 4432 1024 4502 γὰρ
1079 4432 1280 4496 αὐτοὺς
1342 4434 1452 4485 τῶν
1504 4431 1807 4502 φροντίδων

202 4528 516 4598 ἐλεύθερον
580 4524 756 4595 βιοῦν,
816 4524 1089 4595 ὑπέσχετο
1119 4524 1244 4578 καθ’
1303 4525 1546 4594 ἑκάστην
1585 4524 1807 4595 ἡμέραν

200 4618 492 4688 παρέχειν
521 4614 620 4686 τὴν
651 4614 958 4682 ἀναγκαίαν
994 4614 1181 4677 αὐτοῖς
1209 4618 1442 4685 τροφήν.
1497 4615 1728 4667 Ἐκεῖνοι
1750 4612 1807 4667 δὲ

196 4706 635 4777 ἀπιστήσαντες
692 4704 857 4774 μέρος
913 4721 966 4758 τι
1018 4703 1113 4757 τοῦ
1156 4705 1512 4775 συλλεγέντος
1565 4710 1644 4771 εἰς
1704 4710 1805 4779 τὴν

196 4798 525 4869 ὑστεραίαν
557 4796 852 4867 ἐφύλαξαν.
889 4795 989 4849 Διά
1014 4797 1175 4850 τοῦτο
1218 4800 1312 4852 καὶ
1342 4800 1645 4864 ὲπώζεσεν.
1680 4801 1803 4854 Ὅτι

192 4894 336 4963 γὰρ
360 4894 422 4946 ού
448 4892 550 4961 τῆς
584 4889 680 4944 τοῦ
728 4892 909 4961 μάννα
940 4891 1158 4959 φύσεως
1184 4885 1253 4961 ἦν
1279 4891 1340 4944 τδ
1364 4891 1558 4956 πάθος,
1592 4909 1803 4962 μαρτυ-

196 4990 313 5058 ρεῖ
334 4988 396 5038 τὸ
433 4984 736 5047 Σάϐϐατον,
761 4986 819 5038 tv
835 4978 880 5052 ᾧ
900 4983 1187 5053 άλώϐητον
1218 4986 1526 5055 διετηρεῖτο
1559 4985 1621 5037 τὸ
1643 4984 1807 5055 χάριν

190 5078 397 5136 αὐτοῦ
433 5078 579 5131 κατά
611 5078 711 5147 τὴν
765 5077 1137 5147 Παρασκευὴν
1175 5077 1573 5155 συλλεγδμενόν
1610 5094 1671 5129 τε
1712 5077 1806 5130 καὶ

190 5171 665 5244 φυλασσόμενον.
722 5173 1010 5243 Μαρτυρεῖ
1057 5171 1114 5224 δὲ
1148 5172 1243 5224 καὶ
1290 5171 1350 5223 τὸ
1395 5172 1451 5223 tv
1486 5172 1553 5241 τῇ
1589 5170 1808 5239 κιϐωτῷ

184 5265 319 5320 ἐπὶ.
344 5262 567 5324 πολλαῖς
590 5261 963 5332 διαφυλαχθὲν
986 5262 1227 5327 γενεαῖς.
1246 5259 1422 5314 Τοῦτο
1452 5260 1510 5314 δὲ
1538 5262 1599 5313 τὸ
1628 5260 1808 5328 μάννα

183 5355 368 5412 κατά
421 5370 489 5422 γε
524 5354 588 5407 τὸ
622 5352 769 5425 πρωῒ
805 5355 901 5408 καὶ
938 5354 1102 5422 μόνον
1129 5354 1427 5421 συνήγετοο
1493 5351 1646 5419 ἡλίου
1697 5351 1805 5421 γὰρ

180 5447 611 5507 ἀνατείλαντος
641 5445 888 5514 ἐτήκετο.
918 5444 1091 5497 Τοῦτο
1136 5444 1322 5513 μέντοι
1350 5443 1412 5494 τὸ
1442 5443 1640 5513 μάννα,
1662 5443 1807 5497 καθά

176 5559 391 5617 φησιν
422 5542 452 5593 6
490 5539 768 5602 θειότατος
790 5538 1034 5608 Νύσσης,
1058 5538 1120 5590 ὲκ
1159 5537 1257 5605 ’τῆς
1287 5534 1483 5603 σοφίας
1523 5535 1808 5605 Σολομῶν-

174 5651 301 5696 τος
334 5633 448 5694 τὰς
470 5629 727 5700 ἀφορμὰς
748 5628 968 5696 λαϐὼν,
1005 5628 1275 5699 μονοειδὲς
1306 5624 1396 5699 ἦν,
1430 5629 1461 5699 ἠ
1488 5629 1545 5681 δὲ
1581 5628 1804 5699 ποιότης

272 5802 335 5833 ⁷⁸
375 5800 504 5867 53p.
537 5813 610 5860 Vt,
648 5798 697 5849 7.

1906 3605 2033 3660 inde
2078 3606 2431 3672 oberrabant,
2496 3622 2696 3659 manna
2744 3605 3138 3666 vescebantur,
3199 3606 3321 3660 cibo
3369 3622 3478 3659 non

1903 3708 2023 3752 sato
2065 3713 2166 3751 nec
2215 3712 2313 3767 per
2341 3706 2645 3751 aratonem
2676 3706 3020 3767 comparato.
3092 3693 3226 3748 Nam
3267 3697 3319 3749 in
3367 3696 3485 3750 dies

1907 3790 2152 3857 singulos
2184 3790 2449 3844 divinitus
2487 3790 2662 3844 instar
2695 3791 2889 3856 pluviae
2907 3790 2973 3844 de
3005 3790 3145 3844 cutio
3178 3791 3483 3851 labebatur,

1904 3884 2070 3938 unico
2100 3882 2338 3936 Sabbato
2364 3892 2624 3950 excepto:
2676 3896 2787 3947 quo
2816 3880 2934 3949 ipso
2959 3880 3193 3935 docebat
3223 3896 3319 3933 eos
3346 3881 3484 3934 nihil

1905 3986 2029 4026 esse
2099 3970 2339 4024 Sabbato
2400 3968 2714 4023 faciundum
2772 3968 2978 4037 operis.
3050 3969 3363 4036 Eademque
3422 3970 3485 4022 de

1909 4077 2078 4118 causa
2104 4061 2248 4130 quod
2281 4060 2366 4115 die
2396 4059 2691 4115 Sabbatum
2722 4061 3087 4128 praecedente,
3134 4075 3293 4128 quem
3327 4060 3480 4130 161

1906 4170 1936 4208 a
1968 4154 2366 4223 praeparatione
2407 4153 2750 4208 Parasceven
2814 4153 3234 4222 nuncupabant,
3284 4168 3483 4207 manna

1907 4247 2285 4311 delabebatur,
2319 4246 2542 4316 duplum
2575 4257 2694 4302 erat
2722 4247 2953 4300 aliorum
2977 4246 3187 4301 dierum
3209 4257 3484 4316 respectu,

1905 4356 2014 4410 quo
2042 4340 2299 4396 videlicet
2329 4340 2551 4395 abunde
2600 4340 2739 4410 ipsis
2776 4340 2941 4395 etiam
2975 4338 3217 4395 Sabbato
3252 4340 3488 4396 durante

1909 4432 2152 4488 alimenti
2189 4429 2484 4487 suiliceret.
2527 4431 2733 4498 Quodsi
2765 4432 2890 4502 quis
2914 4442 3099 4487 autem
3128 4432 3217 4487 die
3243 4434 3489 4488 secundo

1908 4525 2228 4593 septimanae
2267 4524 2351 4578 vel
2377 4524 2542 4579 tertio
2573 4533 2857 4593 acceptum
2890 4539 3088 4578 manna
3126 4534 3399 4580 servasset
3433 4525 3488 4579 in

1906 4615 2055 4671 diem
2087 4616 2341 4683 alterum,
2398 4632 2513 4671 non
2561 4625 2783 4685 poterat
2830 4616 3098 4686 deinceps
3129 4618 3293 4671 aliter
3322 4633 3486 4687 quam

1909 4707 2275 4778 putrefactum
2310 4707 2535 4762 intueri.
2581 4706 2947 4774 Quamobrem
2982 4709 3158 4764 istuc?
3186 4708 3325 4775 Quia
3352 4710 3489 4780 legis

1912 4808 2033 4854 erat
2071 4798 2186 4854 haec
2227 4798 2467 4853 violatio.
2515 4798 2731 4869 Quippe
2770 4800 2913 4855 Deus
2945 4800 3138 4855 volens
3168 4815 3264 4855 eos
3287 4801 3490 4856 docere

1908 4891 2039 4961 quid
2056 4901 2204 4947 esset
2222 4892 2330 4945 vita
2357 4892 2507 4946 curis
2530 4891 2707 4947 soluta
2730 4899 2786 4945 et
2810 4891 3004 4956 libera,
3034 4909 3092 4947 se
3114 4893 3487 4963 praebiturum

1907 4985 1989 5039 eis
2047 4984 2413 5054 pollicebatur
2472 4984 2528 5037 in
2584 4984 2701 5037 dies
2745 4983 3004 5053 singulos}
3038 4993 3248 5039 tantum
3304 4986 3484 5040 victus

1908 5087 2173 5145 quantum
2208 5076 2341 5147 ipsis
2369 5076 2581 5131 alendis
2605 5075 2899 5130 suﬂiceret.
2933 5076 3073 5131 Huic
3107 5078 3490 5147 pollicitationi

1912 5186 2035 5225 cum
2073 5169 2233 5225 fidem
2263 5169 2484 5238 quidam
2530 5184 2640 5224 non
2673 5169 2937 5223 baberent
2966 5184 3071 5224 nec
3098 5170 3354 5225 mandato
3390 5185 3490 5238 pa-

1914 5269 2121 5325 rerent,
2175 5260 2315 5315 forte
2360 5259 2573 5314 collecti
2628 5274 2842 5313 maunre
2894 5266 3105 5328 partem
3167 5260 3403 5326 aliquam
3436 5261 3491 5314 in

1913 5353 2056 5406 diem
2108 5360 2391 5420 posterum
2442 5357 2757 5415 servarunt,
2809 5366 2930 5419 qua:
2985 5351 3252 5405 continuo
3287 5349 3487 5405 fremit.

1913 5443 1981 5499 Et
1997 5442 2137 5497 hanc
2158 5457 2503 5511 nequaquam
2520 5442 2766 5512 profecto
2788 5457 3000 5495 manna:
3020 5455 3273 5497 naturam
3297 5442 3491 5508 fuisse,

1916 5535 2090 5608 colligi
2126 5544 2241 5591 tum
2268 5536 2335 5590 de
2368 5536 2611 5590 Sabbato
2641 5544 2855 5606 potest,
2896 5550 3008 5605 quo
3059 5536 3321 5605 quidquid
3369 5538 3490 5605 ejus

1914 5644 2078 5683 causa
2129 5629 2523 5699 prmparatorio
2554 5627 2643 5685 dic
2678 5637 2927 5683 coactum
2954 5637 3075 5683 crat
3109 5628 3489 5697 incorruptum
