  <div class='ocr_page' id='page_1' title='image "/cluster/home/n/w/nwhite01/storage/ocr_20150623/158/nnc1.0046980636/193.png"; bbox 0 0 4204 6450; ppageno 0'>
   <div class='ocr_carea' id='block_1_1' title="bbox 745 385 844 449">
    <p class='ocr_par' dir='ltr' id='par_1_1' title="bbox 745 385 844 449">
     <span class='ocr_line' id='line_1_1' title="bbox 745 385 844 449; baseline -0.03 0"><span class='ocrx_word' id='word_1_1' title='bbox 745 385 844 449; x_wconf 81' lang='lat' dir='ltr'><strong>3H</strong></span> 
     </span>
    </p>
   </div>
   <div class='ocr_carea' id='block_1_2' title="bbox 2001 401 2726 467">
    <p class='ocr_par' dir='ltr' id='par_1_2' title="bbox 2001 401 2726 467">
     <span class='ocr_line' id='line_1_2' title="bbox 2001 401 2726 467; baseline 0.01 -9"><span class='ocrx_word' id='word_1_2' title='bbox 2001 401 2055 459; x_wconf 83' lang='lat' dir='ltr'><strong><em>M</em></strong></span> <span class='ocrx_word' id='word_1_3' title='bbox 2070 402 2425 463; x_wconf 77' lang='lat' dir='ltr'><strong>lClIAELIS</strong></span> <span class='ocrx_word' id='word_1_4' title='bbox 2464 406 2726 467; x_wconf 67' lang='lat' dir='ltr'><strong>GLYCJE</strong></span> 
     </span>
    </p>
   </div>
   <div class='ocr_carea' id='block_1_3' title="bbox 3872 403 3981 468">
    <p class='ocr_par' dir='ltr' id='par_1_3' title="bbox 3872 403 3981 468">
     <span class='ocr_line' id='line_1_3' title="bbox 3872 403 3981 468; baseline 0 -1"><span class='ocrx_word' id='word_1_5' title='bbox 3872 403 3981 468; x_wconf 73' lang='lat'><strong>312</strong></span> 
     </span>
    </p>
   </div>
   <div class='ocr_carea' id='block_1_4' title="bbox 744 498 2315 586">
    <p class='ocr_par' dir='ltr' id='par_1_4' title="bbox 744 498 2315 575">
     <span class='ocr_line' id='line_1_4' title="bbox 744 498 2315 575; baseline 0.01 -24"><span class='ocrx_word' id='word_1_6' title='bbox 744 498 1020 558; x_wconf 78' lang='lat' dir='ltr'><strong>manebat.</strong></span> <span class='ocrx_word' id='word_1_7' title='bbox 1066 505 1181 553; x_wconf 90' lang='lat' dir='ltr'><strong>tum</strong></span> <span class='ocrx_word' id='word_1_8' title='bbox 1233 501 1302 555; x_wconf 90' lang='lat' dir='ltr'><strong>de</strong></span> <span class='ocrx_word' id='word_1_9' title='bbox 1352 500 1442 555; x_wconf 90' lang='lat' dir='ltr'><strong>illo</strong></span> <span class='ocrx_word' id='word_1_10' title='bbox 1489 518 1687 558; x_wconf 82' lang='lat' dir='ltr'><strong>manna</strong></span> <span class='ocrx_word' id='word_1_11' title='bbox 1716 507 1943 575; x_wconf 84' lang='lat' dir='ltr'><strong>quodin</strong></span> <span class='ocrx_word' id='word_1_12' title='bbox 1974 523 2098 563; x_wconf 89' lang='lat' dir='ltr'><strong>arca</strong></span> <span class='ocrx_word' id='word_1_13' title='bbox 2131 513 2315 567; x_wconf 88' lang='lat' dir='ltr'><strong>nmltis</strong></span> 
     </span>
    </p>
   </div>
   <div class='ocr_carea' id='block_1_5' title="bbox 2415 498 3982 586">
    <p class='ocr_par' dir='ltr' id='par_1_5' title="bbox 2420 510 3982 586">
     <span class='ocr_line' id='line_1_5' title="bbox 2420 510 3982 586; baseline -0.002 -15"><span class='ocrx_word' id='word_1_14' title='bbox 2420 518 2588 572; x_wconf 80' lang='grc' dir='ltr'>αὑτοῦ</span> <span class='ocrx_word' id='word_1_15' title='bbox 2619 518 2680 569; x_wconf 83' lang='grc' dir='ltr'>τὸ</span> <span class='ocrx_word' id='word_1_16' title='bbox 2711 516 2957 571; x_wconf 76' lang='grc' dir='ltr'>ποικίλον</span> <span class='ocrx_word' id='word_1_17' title='bbox 2998 510 3167 586; x_wconf 76' lang='grc' dir='ltr'>εἶχεν,</span> <span class='ocrx_word' id='word_1_18' title='bbox 3209 516 3427 585; x_wconf 80' lang='grc' dir='ltr'>ἑκάστῳ</span> <span class='ocrx_word' id='word_1_19' title='bbox 3472 516 3803 585; x_wconf 70' lang='grc' dir='ltr'>προσφόρως</span> <span class='ocrx_word' id='word_1_20' title='bbox 3836 516 3982 568; x_wconf 78' lang='grc' dir='ltr'>κατᾶ</span> 
     </span>
    </p>
   </div>
   <div class='ocr_carea' id='block_1_6' title="bbox 746 589 2312 665">
    <p class='ocr_par' dir='ltr' id='par_1_6' title="bbox 746 589 2312 665">
     <span class='ocr_line' id='line_1_6' title="bbox 746 589 2312 665; baseline 0.011 -25"><span class='ocrx_word' id='word_1_21' title='bbox 746 589 962 641; x_wconf 73' lang='lat' dir='ltr'><strong>szrenlis</strong></span> <span class='ocrx_word' id='word_1_22' title='bbox 987 600 1070 642; x_wconf 85' lang='lat' dir='ltr'><strong>est</strong></span> <span class='ocrx_word' id='word_1_23' title='bbox 1093 602 1498 646; x_wconf 79' lang='lat' dir='ltr'><strong>conservatum.</strong></span> <span class='ocrx_word' id='word_1_24' title='bbox 1539 593 1907 665; x_wconf 84' lang='lat' dir='ltr'><strong>Colligebatur</strong></span> <span class='ocrx_word' id='word_1_25' title='bbox 1930 610 2110 655; x_wconf 88' lang='lat' dir='ltr'><strong>autem</strong></span> <span class='ocrx_word' id='word_1_26' title='bbox 2138 612 2312 656; x_wconf 88' lang='lat' dir='ltr'><strong>matu-</strong></span> 
     </span>
    </p>
   </div>
   <div class='ocr_carea' id='block_1_7' title="bbox 745 680 2313 756">
    <p class='ocr_par' dir='ltr' id='par_1_7' title="bbox 745 680 2313 756">
     <span class='ocr_line' id='line_1_7' title="bbox 745 680 2313 756; baseline 0.011 -27"><span class='ocrx_word' id='word_1_27' title='bbox 745 680 857 729; x_wconf 72' lang='lat' dir='ltr'><strong>t‘no</strong></span> <span class='ocrx_word' id='word_1_28' title='bbox 877 687 1119 748; x_wconf 88' lang='lat' dir='ltr'><strong>tempore</strong></span> <span class='ocrx_word' id='word_1_29' title='bbox 1136 688 1345 735; x_wconf 88' lang='lat' dir='ltr'><strong>tantum</strong></span> <span class='ocrx_word' id='word_1_30' title='bbox 1371 702 1383 736; x_wconf 93' lang='lat'><strong>:</strong></span> <span class='ocrx_word' id='word_1_31' title='bbox 1416 685 1614 753; x_wconf 80' lang='lat' dir='ltr'><strong>quippe</strong></span> <span class='ocrx_word' id='word_1_32' title='bbox 1635 688 2035 756; x_wconf 84' lang='lat' dir='ltr'><strong>quamprimum</strong></span> <span class='ocrx_word' id='word_1_33' title='bbox 2055 691 2135 744; x_wconf 89' lang='lat' dir='ltr'><strong>sol</strong></span> <span class='ocrx_word' id='word_1_34' title='bbox 2161 701 2313 745; x_wconf 90' lang='lat' dir='ltr'><strong>ortus</strong></span> 
     </span>
    </p>
   </div>
   <div class='ocr_carea' id='block_1_8' title="bbox 744 770 2309 847">
    <p class='ocr_par' dir='ltr' id='par_1_8' title="bbox 744 770 2309 847">
     <span class='ocr_line' id='line_1_8' title="bbox 744 770 2309 847; baseline 0.012 -28"><span class='ocrx_word' id='word_1_35' title='bbox 744 770 959 830; x_wconf 77' lang='lat' dir='ltr'><strong>fuisset,</strong></span> <span class='ocrx_word' id='word_1_36' title='bbox 991 770 1348 839; x_wconf 82' lang='lat' dir='ltr'><strong>liquescebat.</strong></span> <span class='ocrx_word' id='word_1_37' title='bbox 1405 774 1553 828; x_wconf 88' lang='lat' dir='ltr'><strong>Idem</strong></span> <span class='ocrx_word' id='word_1_38' title='bbox 1591 792 1811 843; x_wconf 89' lang='lat' dir='ltr'><strong>manna,</strong></span> <span class='ocrx_word' id='word_1_39' title='bbox 1851 783 2309 847; x_wconf 68' lang='lat' dir='ltr'><strong>quemadmodum</strong></span> 
     </span>
    </p>
   </div>
   <div class='ocr_carea' id='block_1_9' title="bbox 748 858 2310 937">
    <p class='ocr_par' dir='ltr' id='par_1_9' title="bbox 748 858 2310 937">
     <span class='ocr_line' id='line_1_9' title="bbox 748 858 2310 937; baseline 0.01 -30"><span class='ocrx_word' id='word_1_40' title='bbox 748 858 1024 926; x_wconf 59' lang='lat' dir='ltr'><strong>lNyssenns</strong></span> <span class='ocrx_word' id='word_1_41' title='bbox 1056 861 1289 916; x_wconf 89' lang='lat' dir='ltr'><strong>antistes</strong></span> <span class='ocrx_word' id='word_1_42' title='bbox 1321 863 1408 917; x_wconf 92' lang='lat' dir='ltr'><strong>ille</strong></span> <span class='ocrx_word' id='word_1_43' title='bbox 1449 864 1827 920; x_wconf 85' lang='lat' dir='ltr'><strong>divinissimus</strong></span> <span class='ocrx_word' id='word_1_44' title='bbox 1863 868 1958 933; x_wconf 88' lang='lat' dir='ltr'><strong>ait,</strong></span> <span class='ocrx_word' id='word_1_45' title='bbox 1989 870 2310 937; x_wconf 84' lang='lat' dir='ltr'><strong>sapientiam</strong></span> 
     </span>
    </p>
   </div>
   <div class='ocr_carea' id='block_1_10' title="bbox 746 948 2311 1029">
    <p class='ocr_par' dir='ltr' id='par_1_10' title="bbox 746 948 2311 1029">
     <span class='ocr_line' id='line_1_10' title="bbox 746 948 2311 1029; baseline 0.01 -31"><span class='ocrx_word' id='word_1_46' title='bbox 746 948 1053 1002; x_wconf 83' lang='lat' dir='ltr'><strong>Solomonis</strong></span> <span class='ocrx_word' id='word_1_47' title='bbox 1089 962 1334 1012; x_wconf 88' lang='lat' dir='ltr'><strong>secutus.</strong></span> <span class='ocrx_word' id='word_1_48' title='bbox 1372 953 1537 1007; x_wconf 92' lang='lat' dir='ltr'><strong>unius</strong></span> <span class='ocrx_word' id='word_1_49' title='bbox 1565 957 1786 1023; x_wconf 88' lang='lat' dir='ltr'><strong>quidem</strong></span> <span class='ocrx_word' id='word_1_50' title='bbox 1811 966 1927 1012; x_wconf 86' lang='lat' dir='ltr'><strong>erat</strong></span> <span class='ocrx_word' id='word_1_51' title='bbox 1955 960 2311 1029; x_wconf 80' lang='lat' dir='ltr'><strong>ejusdemque</strong></span> 
     </span>
    </p>
   </div>
   <div class='ocr_carea' id='block_1_11' title="bbox 743 1042 2307 1116">
    <p class='ocr_par' dir='ltr' id='par_1_11' title="bbox 743 1042 2307 1116">
     <span class='ocr_line' id='line_1_11' title="bbox 743 1042 2307 1116; baseline 0.01 -25"><span class='ocrx_word' id='word_1_52' title='bbox 743 1042 952 1101; x_wconf 69' lang='lat' dir='ltr'><strong>forma),</strong></span> <span class='ocrx_word' id='word_1_53' title='bbox 981 1042 1303 1108; x_wconf 82' lang='lat' dir='ltr'><strong>qualitatem</strong></span> <span class='ocrx_word' id='word_1_54' title='bbox 1337 1061 1465 1098; x_wconf 79' lang='lat' dir='ltr'><strong>vero</strong></span> <span class='ocrx_word' id='word_1_55' title='bbox 1512 1047 1871 1116; x_wconf 81' lang='lat' dir='ltr'><strong>multiplicem</strong></span> <span class='ocrx_word' id='word_1_56' title='bbox 1921 1051 2177 1113; x_wconf 84' lang='lat' dir='ltr'><strong>habebat,</strong></span> <span class='ocrx_word' id='word_1_57' title='bbox 2229 1053 2307 1106; x_wconf 90' lang='lat' dir='ltr'><strong>uti</strong></span> 
     </span>
    </p>
   </div>
   <div class='ocr_carea' id='block_1_12' title="bbox 742 1131 2306 1207">
    <p class='ocr_par' dir='ltr' id='par_1_12' title="bbox 742 1131 2306 1207">
     <span class='ocr_line' id='line_1_12' title="bbox 742 1131 2306 1207; baseline 0.012 -27"><span class='ocrx_word' id='word_1_58' title='bbox 742 1131 885 1196; x_wconf 85' lang='lat' dir='ltr'><strong>quod</strong></span> <span class='ocrx_word' id='word_1_59' title='bbox 914 1132 1112 1200; x_wconf 80' lang='lat' dir='ltr'><strong>cuique</strong></span> <span class='ocrx_word' id='word_1_60' title='bbox 1150 1148 1245 1199; x_wconf 91' lang='lat' dir='ltr'><strong>pro</strong></span> <span class='ocrx_word' id='word_1_61' title='bbox 1268 1135 1478 1189; x_wconf 88' lang='lat' dir='ltr'><strong>ratione</strong></span> <span class='ocrx_word' id='word_1_62' title='bbox 1495 1139 1809 1205; x_wconf 89' lang='lat' dir='ltr'><strong>cupiditatis</strong></span> <span class='ocrx_word' id='word_1_63' title='bbox 1832 1150 2070 1207; x_wconf 76' lang='lat' dir='ltr'><strong>saperet.</strong></span> <span class='ocrx_word' id='word_1_64' title='bbox 2102 1142 2306 1198; x_wconf 79' lang='lat' dir='ltr'><strong>Eodem</strong></span> 
     </span>
    </p>
   </div>
   <div class='ocr_carea' id='block_1_13' title="bbox 743 1222 2311 1293">
    <p class='ocr_par' dir='ltr' id='par_1_13' title="bbox 743 1222 2311 1293">
     <span class='ocr_line' id='line_1_13' title="bbox 743 1222 2311 1293; baseline 0.011 -23"><span class='ocrx_word' id='word_1_65' title='bbox 743 1222 901 1274; x_wconf 90' lang='lat' dir='ltr'><strong>modo</strong></span> <span class='ocrx_word' id='word_1_66' title='bbox 934 1223 1088 1288; x_wconf 89' lang='lat' dir='ltr'><strong>panis</strong></span> <span class='ocrx_word' id='word_1_67' title='bbox 1121 1223 1209 1276; x_wconf 92' lang='lat' dir='ltr'><strong>ille</strong></span> <span class='ocrx_word' id='word_1_68' title='bbox 1241 1225 1329 1293; x_wconf 88' lang='lat' dir='ltr'><strong>qui</strong></span> <span class='ocrx_word' id='word_1_69' title='bbox 1367 1225 1434 1279; x_wconf 87' lang='lat' dir='ltr'><strong>de</strong></span> <span class='ocrx_word' id='word_1_70' title='bbox 1469 1227 1607 1281; x_wconf 66' lang='lat' dir='ltr'><strong>caalo</strong></span> <span class='ocrx_word' id='word_1_71' title='bbox 1643 1228 1947 1293; x_wconf 76' lang='lat' dir='ltr'><strong>descendit,</strong></span> <span class='ocrx_word' id='word_1_72' title='bbox 1978 1247 2173 1285; x_wconf 87' lang='lat' dir='ltr'><strong>manna</strong></span> <span class='ocrx_word' id='word_1_73' title='bbox 2204 1234 2311 1287; x_wconf 88' lang='lat' dir='ltr'><strong>sci-</strong></span> 
     </span>
    </p>
   </div>
   <div class='ocr_carea' id='block_1_14' title="bbox 743 1310 2309 1389">
    <p class='ocr_par' dir='ltr' id='par_1_14' title="bbox 743 1310 2309 1389">
     <span class='ocr_line' id='line_1_14' title="bbox 743 1310 2309 1389; baseline 0.011 -28"><span class='ocrx_word' id='word_1_74' title='bbox 743 1310 871 1363; x_wconf 87' lang='lat' dir='ltr'><strong>licet</strong></span> <span class='ocrx_word' id='word_1_75' title='bbox 895 1310 1237 1375; x_wconf 85' lang='lat' dir='ltr'><strong>intellectilc,</strong></span> <span class='ocrx_word' id='word_1_76' title='bbox 1281 1330 1377 1383; x_wconf 88' lang='lat' dir='ltr'><strong>pro</strong></span> <span class='ocrx_word' id='word_1_77' title='bbox 1406 1316 1699 1373; x_wconf 79' lang='lat' dir='ltr'><strong>aﬂectione</strong></span> <span class='ocrx_word' id='word_1_78' title='bbox 1738 1321 1908 1373; x_wconf 90' lang='lat' dir='ltr'><strong>animi</strong></span> <span class='ocrx_word' id='word_1_79' title='bbox 1937 1324 2309 1389; x_wconf 79' lang='lat' dir='ltr'><strong>quorumlibet</strong></span> 
     </span>
    </p>
   </div>
   <div class='ocr_carea' id='block_1_15' title="bbox 740 1402 2307 1482">
    <p class='ocr_par' dir='ltr' id='par_1_15' title="bbox 740 1402 2307 1482">
     <span class='ocr_line' id='line_1_15' title="bbox 740 1402 2307 1482; baseline 0.011 -29"><span class='ocrx_word' id='word_1_80' title='bbox 740 1412 795 1454; x_wconf 89' lang='lat' dir='ltr'><strong>et</strong></span> <span class='ocrx_word' id='word_1_81' title='bbox 819 1402 932 1470; x_wconf 91' lang='lat' dir='ltr'><strong>ipse</strong></span> <span class='ocrx_word' id='word_1_82' title='bbox 961 1404 1189 1458; x_wconf 71' lang='lat' dir='ltr'><strong>allectus</strong></span> <span class='ocrx_word' id='word_1_83' title='bbox 1219 1422 1342 1461; x_wconf 87' lang='lat' dir='ltr'><strong>esse</strong></span> <span class='ocrx_word' id='word_1_84' title='bbox 1387 1409 1546 1463; x_wconf 85' lang='lat' dir='ltr'><strong>solet.</strong></span> <span class='ocrx_word' id='word_1_85' title='bbox 1607 1411 1752 1465; x_wconf 73' lang='lat' dir='ltr'><strong>Iden:</strong></span> <span class='ocrx_word' id='word_1_86' title='bbox 1786 1429 1985 1468; x_wconf 91' lang='lat' dir='ltr'><strong>manna</strong></span> <span class='ocrx_word' id='word_1_87' title='bbox 2018 1417 2307 1482; x_wconf 81' lang='lat' dir='ltr'><strong>quamdam</strong></span> 
     </span>
    </p>
   </div>
   <div class='ocr_carea' id='block_1_16' title="bbox 742 1495 2307 1571">
    <p class='ocr_par' dir='ltr' id='par_1_16' title="bbox 742 1495 2307 1571">
     <span class='ocr_line' id='line_1_16' title="bbox 742 1495 2307 1571; baseline 0.01 -28"><span class='ocrx_word' id='word_1_88' title='bbox 742 1506 866 1545; x_wconf 89' lang='lat' dir='ltr'><strong>esse</strong></span> <span class='ocrx_word' id='word_1_89' title='bbox 918 1495 1191 1549; x_wconf 86' lang='lat' dir='ltr'><strong>coriandri</strong></span> <span class='ocrx_word' id='word_1_90' title='bbox 1242 1499 1478 1566; x_wconf 84' lang='lat' dir='ltr'><strong>speciem</strong></span> <span class='ocrx_word' id='word_1_91' title='bbox 1528 1501 1701 1566; x_wconf 85' lang='lat' dir='ltr'><strong>aiunt,</strong></span> <span class='ocrx_word' id='word_1_92' title='bbox 1760 1502 1914 1571; x_wconf 89' lang='lat' dir='ltr'><strong>cujus</strong></span> <span class='ocrx_word' id='word_1_93' title='bbox 1967 1517 2217 1558; x_wconf 88' lang='lat' dir='ltr'><strong>naturam</strong></span> <span class='ocrx_word' id='word_1_94' title='bbox 2255 1507 2307 1559; x_wconf 92' lang='lat' dir='ltr'><strong>in</strong></span> 
     </span>
    </p>
   </div>
   <div class='ocr_carea' id='block_1_17' title="bbox 756 1586 2306 1661">
    <p class='ocr_par' dir='ltr' id='par_1_17' title="bbox 756 1586 2306 1661">
     <span class='ocr_line' id='line_1_17' title="bbox 756 1586 2306 1661; baseline 0.009 -25"><span class='ocrx_word' id='word_1_95' title='bbox 756 1586 1073 1640; x_wconf 75' lang='lat' dir='ltr'><strong>universum</strong></span> <span class='ocrx_word' id='word_1_96' title='bbox 1099 1590 1296 1642; x_wconf 86' lang='lat' dir='ltr'><strong>semini</strong></span> <span class='ocrx_word' id='word_1_97' title='bbox 1331 1592 1662 1659; x_wconf 85' lang='lat' dir='ltr'><strong>respondere</strong></span> <span class='ocrx_word' id='word_1_98' title='bbox 1690 1594 2001 1661; x_wconf 84' lang='lat' dir='ltr'><strong>perhibent,</strong></span> <span class='ocrx_word' id='word_1_99' title='bbox 2040 1594 2112 1648; x_wconf 86' lang='lat' dir='ltr'><strong>ita</strong></span> <span class='ocrx_word' id='word_1_100' title='bbox 2158 1605 2216 1648; x_wconf 87' lang='lat' dir='ltr'><strong>ut</strong></span> <span class='ocrx_word' id='word_1_101' title='bbox 2262 1596 2306 1650; x_wconf 88' lang='lat' dir='ltr'><strong>si</strong></span> 
     </span>
    </p>
   </div>
   <div class='ocr_carea' id='block_1_18' title="bbox 744 1677 2305 1753">
    <p class='ocr_par' dir='ltr' id='par_1_18' title="bbox 744 1677 2305 1753">
     <span class='ocr_line' id='line_1_18' title="bbox 744 1677 2305 1753; baseline 0.008 -26"><span class='ocrx_word' id='word_1_102' title='bbox 744 1677 1072 1739; x_wconf 78' lang='lat' dir='ltr'><strong>disseretur,</strong></span> <span class='ocrx_word' id='word_1_103' title='bbox 1144 1681 1292 1733; x_wconf 86' lang='lat' dir='ltr'><strong>nulla</strong></span> <span class='ocrx_word' id='word_1_104' title='bbox 1341 1681 1413 1734; x_wconf 78' lang='lat' dir='ltr'><strong>sit</strong></span> <span class='ocrx_word' id='word_1_105' title='bbox 1468 1683 1730 1750; x_wconf 86' lang='lat' dir='ltr'><strong>particula</strong></span> <span class='ocrx_word' id='word_1_106' title='bbox 1795 1700 1915 1753; x_wconf 74' lang='lat' dir='ltr'><strong>qua:</strong></span> <span class='ocrx_word' id='word_1_107' title='bbox 1979 1686 2089 1739; x_wconf 83' lang='lat' dir='ltr'><strong>vim</strong></span> <span class='ocrx_word' id='word_1_108' title='bbox 2156 1701 2305 1740; x_wconf 89' lang='lat' dir='ltr'><strong>suam</strong></span> 
     </span>
    </p>
   </div>
   <div class='ocr_carea' id='block_1_19' title="bbox 740 1767 2305 1843">
    <p class='ocr_par' dir='ltr' id='par_1_19' title="bbox 740 1767 2305 1843">
     <span class='ocr_line' id='line_1_19' title="bbox 740 1767 2305 1843; baseline 0.005 -24"><span class='ocrx_word' id='word_1_109' title='bbox 740 1768 975 1821; x_wconf 86' lang='lat' dir='ltr'><strong>amittat.</strong></span> <span class='ocrx_word' id='word_1_110' title='bbox 1032 1767 1123 1823; x_wconf 91' lang='lat' dir='ltr'><strong>Sic</strong></span> <span class='ocrx_word' id='word_1_111' title='bbox 1164 1780 1215 1823; x_wconf 83' lang='lat' dir='ltr'><strong>et</strong></span> <span class='ocrx_word' id='word_1_112' title='bbox 1247 1771 1489 1824; x_wconf 81' lang='lat' dir='ltr'><strong>divinum</strong></span> <span class='ocrx_word' id='word_1_113' title='bbox 1531 1772 1662 1826; x_wconf 89' lang='lat' dir='ltr'><strong>illttd</strong></span> <span class='ocrx_word' id='word_1_114' title='bbox 1699 1788 1762 1827; x_wconf 91' lang='lat' dir='ltr'><strong>ac</strong></span> <span class='ocrx_word' id='word_1_115' title='bbox 1794 1774 2074 1843; x_wconf 84' lang='lat' dir='ltr'><strong>spirituale</strong></span> <span class='ocrx_word' id='word_1_116' title='bbox 2107 1790 2305 1828; x_wconf 87' lang='lat' dir='ltr'><strong>manna</strong></span> 
     </span>
    </p>
   </div>
   <div class='ocr_carea' id='block_1_20' title="bbox 2413 601 3981 679">
    <p class='ocr_par' dir='ltr' id='par_1_20' title="bbox 2413 601 3981 679">
     <span class='ocr_line' id='line_1_20' title="bbox 2413 601 3981 679; baseline -0.004 -16"><span class='ocrx_word' id='word_1_117' title='bbox 2413 610 2475 663; x_wconf 79' lang='grc' dir='ltr'><strong>τὸ</strong></span> <span class='ocrx_word' id='word_1_118' title='bbox 2499 607 2641 671; x_wconf 78' lang='grc' dir='ltr'>εἶδος</span> <span class='ocrx_word' id='word_1_119' title='bbox 2669 608 2769 677; x_wconf 79' lang='grc' dir='ltr'>τῆς</span> <span class='ocrx_word' id='word_1_120' title='bbox 2797 606 3095 679; x_wconf 75' lang='grc' dir='ltr'>ἐπιθυμίας</span> <span class='ocrx_word' id='word_1_121' title='bbox 3122 606 3472 675; x_wconf 81' lang='grc' dir='ltr'><strong>ἐγγινομένη.</strong></span> <span class='ocrx_word' id='word_1_122' title='bbox 3522 605 3681 658; x_wconf 89' lang='grc' dir='ltr'>Οῦτω</span> <span class='ocrx_word' id='word_1_123' title='bbox 3729 606 3836 672; x_wconf 84' lang='grc' dir='ltr'>μὲν</span> <span class='ocrx_word' id='word_1_124' title='bbox 3887 601 3981 659; x_wconf 80' lang='grc' dir='ltr'>οὖν</span> 
     </span>
    </p>
   </div>
   <div class='ocr_carea' id='block_1_21' title="bbox 2412 695 3985 769">
    <p class='ocr_par' dir='ltr' id='par_1_21' title="bbox 2412 695 3985 769">
     <span class='ocr_line' id='line_1_21' title="bbox 2412 695 3985 769; baseline -0.004 -15"><span class='ocrx_word' id='word_1_125' title='bbox 2412 701 2509 754; x_wconf 81' lang='grc' dir='ltr'>καὶ</span> <span class='ocrx_word' id='word_1_126' title='bbox 2540 702 2569 754; x_wconf 99' lang='lat'><strong>6</strong></span> <span class='ocrx_word' id='word_1_127' title='bbox 2605 699 2774 769; x_wconf 78' lang='grc' dir='ltr'>ἄρτος</span> <span class='ocrx_word' id='word_1_128' title='bbox 2811 700 2841 751; x_wconf 91' lang='lat'><strong>6</strong></span> <span class='ocrx_word' id='word_1_129' title='bbox 2872 698 3116 756; x_wconf 73' lang='grc' dir='ltr'>καταϐὰς</span> <span class='ocrx_word' id='word_1_130' title='bbox 3161 698 3227 749; x_wconf 63' lang='grc' dir='ltr'>ἐκ</span> <span class='ocrx_word' id='word_1_131' title='bbox 3259 695 3354 749; x_wconf 85' lang='grc' dir='ltr'><strong>τοῦ</strong></span> <span class='ocrx_word' id='word_1_132' title='bbox 3404 695 3664 765; x_wconf 86' lang='grc' dir='ltr'>οὐρανοῦ,</span> <span class='ocrx_word' id='word_1_133' title='bbox 3704 695 3767 747; x_wconf 87' lang='grc' dir='ltr'><strong>τδ</strong></span> <span class='ocrx_word' id='word_1_134' title='bbox 3790 696 3985 763; x_wconf 75' lang='grc' dir='ltr'>νοητὸν</span> 
     </span>
    </p>
   </div>
   <div class='ocr_carea' id='block_1_22' title="bbox 2410 786 3985 860">
    <p class='ocr_par' dir='ltr' id='par_1_22' title="bbox 2410 786 3985 860">
     <span class='ocr_line' id='line_1_22' title="bbox 2410 786 3985 860; baseline -0.006 -16"><span class='ocrx_word' id='word_1_135' title='bbox 2410 789 2655 860; x_wconf 84' lang='grc' dir='ltr'>δηλονότι</span> <span class='ocrx_word' id='word_1_136' title='bbox 2716 790 2913 857; x_wconf 85' lang='grc' dir='ltr'>μάννα,</span> <span class='ocrx_word' id='word_1_137' title='bbox 2967 790 3104 855; x_wconf 71' lang='grc' dir='ltr'>πρ³.ς</span> <span class='ocrx_word' id='word_1_138' title='bbox 3151 787 3251 857; x_wconf 81' lang='grc' dir='ltr'>τὴν</span> <span class='ocrx_word' id='word_1_139' title='bbox 3309 787 3552 839; x_wconf 83' lang='grc' dir='ltr'>διάθεσιν</span> <span class='ocrx_word' id='word_1_140' title='bbox 3592 786 3693 853; x_wconf 82' lang='grc' dir='ltr'>τῆς</span> <span class='ocrx_word' id='word_1_141' title='bbox 3745 786 3985 839; x_wconf 75' lang='grc' dir='ltr'><strong>ἑκάστου</strong></span> 
     </span>
    </p>
   </div>
   <div class='ocr_carea' id='block_1_23' title="bbox 2412 872 3986 951">
    <p class='ocr_par' dir='ltr' id='par_1_23' title="bbox 2412 872 3986 951">
     <span class='ocr_line' id='line_1_23' title="bbox 2412 872 3986 951; baseline -0.003 -18"><span class='ocrx_word' id='word_1_142' title='bbox 2412 882 2593 951; x_wconf 74' lang='grc' dir='ltr'>ψυχῆς</span> <span class='ocrx_word' id='word_1_143' title='bbox 2631 880 2967 933; x_wconf 79' lang='grc' dir='ltr'><strong>διατίθεσθαι</strong></span> <span class='ocrx_word' id='word_1_144' title='bbox 3018 878 3196 931; x_wconf 85' lang='grc' dir='ltr'>είωθε.</span> <span class='ocrx_word' id='word_1_145' title='bbox 3231 878 3405 930; x_wconf 89' lang='grc' dir='ltr'>Τοῦτο</span> <span class='ocrx_word' id='word_1_146' title='bbox 3444 878 3509 946; x_wconf 83' lang='grc' dir='ltr'><strong>δὴ</strong></span> <span class='ocrx_word' id='word_1_147' title='bbox 3537 878 3598 929; x_wconf 84' lang='grc' dir='ltr'>τδ</span> <span class='ocrx_word' id='word_1_148' title='bbox 3627 878 3805 945; x_wconf 80' lang='grc' dir='ltr'>μάννα</span> <span class='ocrx_word' id='word_1_149' title='bbox 3839 872 3986 938; x_wconf 76' lang='grc' dir='ltr'>εῐδος</span> 
     </span>
    </p>
   </div>
   <div class='ocr_carea' id='block_1_24' title="bbox 2412 951 3988 1039">
    <p class='ocr_par' dir='ltr' id='par_1_24' title="bbox 2412 951 3988 1039">
     <span class='ocr_line' id='line_1_24' title="bbox 2412 951 3988 1039; baseline -0.005 -16"><span class='ocrx_word' id='word_1_150' title='bbox 2412 969 2527 1039; x_wconf 77' lang='grc' dir='ltr'>εἶχε</span> <span class='ocrx_word' id='word_1_151' title='bbox 2582 951 2795 1039; x_wconf 83' lang='grc' dir='ltr'>κορίου,</span> <span class='ocrx_word' id='word_1_152' title='bbox 2848 960 2909 1020; x_wconf 75' lang='grc' dir='ltr'><strong>οῦ</strong></span> <span class='ocrx_word' id='word_1_153' title='bbox 2953 967 3050 1037; x_wconf 82' lang='grc' dir='ltr'><strong>τὴν</strong></span> <span class='ocrx_word' id='word_1_154' title='bbox 3080 966 3241 1035; x_wconf 81' lang='grc' dir='ltr'>φύσιν</span> <span class='ocrx_word' id='word_1_155' title='bbox 3289 967 3421 1035; x_wconf 81' lang='grc' dir='ltr'>ὅλην</span> <span class='ocrx_word' id='word_1_156' title='bbox 3445 966 3624 1019; x_wconf 78' lang='grc' dir='ltr'><strong>διόλου</strong></span> <span class='ocrx_word' id='word_1_157' title='bbox 3651 966 3814 1031; x_wconf 69' lang='grc' dir='ltr'>λόγον</span> <span class='ocrx_word' id='word_1_158' title='bbox 3843 965 3988 1032; x_wconf 77' lang='grc' dir='ltr'>ἔχειν</span> 
     </span>
    </p>
   </div>
   <div class='ocr_carea' id='block_1_25' title="bbox 2414 1058 3977 1128">
    <p class='ocr_par' dir='ltr' id='par_1_25' title="bbox 2414 1058 3977 1128">
     <span class='ocr_line' id='line_1_25' title="bbox 2414 1058 3977 1128; baseline -0.001 -18"><span class='ocrx_word' id='word_1_159' title='bbox 2414 1058 2734 1125; x_wconf 81' lang='grc' dir='ltr'>σπέρματος</span> <span class='ocrx_word' id='word_1_160' title='bbox 2794 1060 3067 1126; x_wconf 71' lang='grc' dir='ltr'>λέγουσιν,</span> <span class='ocrx_word' id='word_1_161' title='bbox 3100 1060 3240 1111; x_wconf 83' lang='grc' dir='ltr'>ὥστε</span> <span class='ocrx_word' id='word_1_162' title='bbox 3270 1058 3404 1128; x_wconf 85' lang='grc' dir='ltr'>μηδὲ</span> <span class='ocrx_word' id='word_1_163' title='bbox 3436 1061 3493 1112; x_wconf 82' lang='grc' dir='ltr'>ὲν</span> <span class='ocrx_word' id='word_1_164' title='bbox 3523 1060 3604 1128; x_wconf 81' lang='grc' dir='ltr'>τῷ</span> <span class='ocrx_word' id='word_1_165' title='bbox 3633 1058 3977 1113; x_wconf 64' lang='grc' dir='ltr'>κατακόπτει</span> 
     </span>
    </p>
   </div>
   <div class='ocr_carea' id='block_1_26' title="bbox 2414 1147 3987 1218">
    <p class='ocr_par' dir='ltr' id='par_1_26' title="bbox 2414 1147 3987 1218">
     <span class='ocr_line' id='line_1_26' title="bbox 2414 1147 3987 1218; baseline -0.001 -17"><span class='ocrx_word' id='word_1_166' title='bbox 2414 1148 2539 1201; x_wconf 71' lang='grc' dir='ltr'>σθαι</span> <span class='ocrx_word' id='word_1_167' title='bbox 2563 1147 2980 1217; x_wconf 69' lang='grc' dir='ltr'>ὲξιφανίζεσθαι</span> <span class='ocrx_word' id='word_1_168' title='bbox 3001 1149 3101 1215; x_wconf 84' lang='grc' dir='ltr'>τὴν</span> <span class='ocrx_word' id='word_1_169' title='bbox 3146 1150 3282 1218; x_wconf 63' lang='grc' dir='ltr'>πρξς</span> <span class='ocrx_word' id='word_1_170' title='bbox 3309 1150 3369 1201; x_wconf 74' lang='grc' dir='ltr'>τὸ</span> <span class='ocrx_word' id='word_1_171' title='bbox 3396 1148 3726 1217; x_wconf 70' lang='grc' dir='ltr'><strong>σπείρεσθαι</strong></span> <span class='ocrx_word' id='word_1_172' title='bbox 3750 1148 3987 1216; x_wconf 79' lang='grc' dir='ltr'>δύναμιν</span> 
     </span>
    </p>
   </div>
   <div class='ocr_carea' id='block_1_27' title="bbox 2411 1236 3985 1309">
    <p class='ocr_par' dir='ltr' id='par_1_27' title="bbox 2411 1236 3985 1309">
     <span class='ocr_line' id='line_1_27' title="bbox 2411 1236 3985 1309; baseline -0.001 -18"><span class='ocrx_word' id='word_1_173' title='bbox 2411 1239 2602 1294; x_wconf 82' lang='grc' dir='ltr'>αὐτοῦ.</span> <span class='ocrx_word' id='word_1_174' title='bbox 2636 1238 2795 1292; x_wconf 77' lang='grc' dir='ltr'>Οὕτω</span> <span class='ocrx_word' id='word_1_175' title='bbox 2824 1239 2922 1309; x_wconf 67' lang='grc' dir='ltr'>μὲν</span> <span class='ocrx_word' id='word_1_176' title='bbox 2954 1236 3047 1291; x_wconf 80' lang='grc' dir='ltr'>οὖν</span> <span class='ocrx_word' id='word_1_177' title='bbox 3083 1240 3179 1291; x_wconf 78' lang='grc' dir='ltr'>καὶ</span> <span class='ocrx_word' id='word_1_178' title='bbox 3207 1245 3269 1291; x_wconf 87' lang='grc' dir='ltr'>τὸ</span> <span class='ocrx_word' id='word_1_179' title='bbox 3297 1238 3445 1291; x_wconf 87' lang='grc' dir='ltr'>θεῖον</span> <span class='ocrx_word' id='word_1_180' title='bbox 3489 1244 3663 1307; x_wconf 83' lang='grc' dir='ltr'>μάννα</span> <span class='ocrx_word' id='word_1_181' title='bbox 3696 1240 3794 1290; x_wconf 76' lang='grc' dir='ltr'><strong>καὶ</strong></span> <span class='ocrx_word' id='word_1_182' title='bbox 3823 1244 3985 1289; x_wconf 75' lang='grc' dir='ltr'>πνὲυ-</span> 
     </span>
    </p>
   </div>
   <div class='ocr_carea' id='block_1_28' title="bbox 2414 1325 3984 1395">
    <p class='ocr_par' dir='ltr' id='par_1_28' title="bbox 2414 1325 3984 1395">
     <span class='ocr_line' id='line_1_28' title="bbox 2414 1325 3984 1395; baseline -0.002 -17"><span class='ocrx_word' id='word_1_183' title='bbox 2414 1327 2647 1395; x_wconf 77' lang='grc' dir='ltr'>ματικδν</span> <span class='ocrx_word' id='word_1_184' title='bbox 2677 1325 2953 1393; x_wconf 81' lang='grc' dir='ltr'><strong>πανταχοῦ</strong></span> <span class='ocrx_word' id='word_1_185' title='bbox 2987 1326 3421 1394; x_wconf 83' lang='grc' dir='ltr'>σκεδαννύμενόν</span> <span class='ocrx_word' id='word_1_186' title='bbox 3466 1344 3528 1378; x_wconf 90' lang='grc' dir='ltr'><strong>τε</strong></span> <span class='ocrx_word' id='word_1_187' title='bbox 3573 1328 3671 1380; x_wconf 75' lang='grc' dir='ltr'>καὶ</span> <span class='ocrx_word' id='word_1_188' title='bbox 3702 1341 3984 1390; x_wconf 74' lang='grc' dir='ltr'>κατακερο</span> 
     </span>
    </p>
   </div>
   <div class='ocr_carea' id='block_1_29' title="bbox 2416 1414 3989 1486">
    <p class='ocr_par' dir='ltr' id='par_1_29' title="bbox 2416 1414 3989 1486">
     <span class='ocr_line' id='line_1_29' title="bbox 2416 1414 3989 1486; baseline -0.003 -17"><span class='ocrx_word' id='word_1_189' title='bbox 2416 1419 2779 1486; x_wconf 72' lang='grc' dir='ltr'>ματιζόμενον</span> <span class='ocrx_word' id='word_1_190' title='bbox 2807 1418 2928 1469; x_wconf 78' lang='grc' dir='ltr'>ὅλον</span> <span class='ocrx_word' id='word_1_191' title='bbox 2952 1416 3127 1469; x_wconf 76' lang='grc' dir='ltr'>διόλου</span> <span class='ocrx_word' id='word_1_192' title='bbox 3153 1418 3209 1467; x_wconf 80' lang='grc' dir='ltr'>ὲν</span> <span class='ocrx_word' id='word_1_193' title='bbox 3245 1417 3389 1476; x_wconf 80' lang='grc' dir='ltr'>ὅλοις</span> <span class='ocrx_word' id='word_1_194' title='bbox 3420 1416 3759 1486; x_wconf 80' lang='grc' dir='ltr'>εὑρίσκεται.</span> <span class='ocrx_word' id='word_1_195' title='bbox 3790 1417 3905 1468; x_wconf 86' lang='lat' dir='ltr'><strong>Kal</strong></span> <span class='ocrx_word' id='word_1_196' title='bbox 3936 1414 3989 1466; x_wconf 86' lang='grc' dir='ltr'><strong>τί</strong></span> 
     </span>
    </p>
   </div>
   <div class='ocr_carea' id='block_1_30' title="bbox 2410 1504 3984 1577">
    <p class='ocr_par' dir='ltr' id='par_1_30' title="bbox 2410 1504 3984 1577">
     <span class='ocr_line' id='line_1_30' title="bbox 2410 1504 3984 1577; baseline -0.001 -19"><span class='ocrx_word' id='word_1_197' title='bbox 2410 1507 2517 1577; x_wconf 87' lang='grc' dir='ltr'>χρή</span> <span class='ocrx_word' id='word_1_198' title='bbox 2564 1506 2738 1559; x_wconf 81' lang='grc' dir='ltr'>πολλὰ</span> <span class='ocrx_word' id='word_1_199' title='bbox 2793 1506 3005 1574; x_wconf 54' lang='lat' dir='ltr'><strong>“fetv;</strong></span> <span class='ocrx_word' id='word_1_200' title='bbox 3063 1506 3279 1574; x_wconf 81' lang='grc' dir='ltr'>’Ὥσπερ</span> <span class='ocrx_word' id='word_1_201' title='bbox 3309 1507 3401 1558; x_wconf 76' lang='grc' dir='ltr'><strong>ἐπὶ</strong></span> <span class='ocrx_word' id='word_1_202' title='bbox 3428 1505 3524 1557; x_wconf 90' lang='grc' dir='ltr'><strong>τοῦ</strong></span> <span class='ocrx_word' id='word_1_203' title='bbox 3562 1506 3741 1573; x_wconf 83' lang='grc' dir='ltr'>μάννα</span> <span class='ocrx_word' id='word_1_204' title='bbox 3768 1504 3984 1557; x_wconf 76' lang='grc' dir='ltr'>ἐκείνου</span> 
     </span>
    </p>
   </div>
   <div class='ocr_carea' id='block_1_31' title="bbox 2409 1590 3987 1661">
    <p class='ocr_par' dir='ltr' id='par_1_31' title="bbox 2409 1590 3987 1661">
     <span class='ocr_line' id='line_1_31' title="bbox 2409 1590 3987 1661; baseline -0.003 -16"><span class='ocrx_word' id='word_1_205' title='bbox 2409 1591 2813 1661; x_wconf 79' lang='grc' dir='ltr'>κατερχομένου</span> <span class='ocrx_word' id='word_1_206' title='bbox 2846 1590 3054 1644; x_wconf 74' lang='grc' dir='ltr'>ἄνωθεν</span> <span class='ocrx_word' id='word_1_207' title='bbox 3077 1593 3139 1644; x_wconf 80' lang='grc' dir='ltr'>τὸ</span> <span class='ocrx_word' id='word_1_208' title='bbox 3169 1591 3280 1643; x_wconf 85' lang='grc' dir='ltr'><strong>τῶν</strong></span> <span class='ocrx_word' id='word_1_209' title='bbox 3313 1591 3589 1659; x_wconf 84' lang='grc' dir='ltr'>Ἑϐραίων</span> <span class='ocrx_word' id='word_1_210' title='bbox 3623 1591 3785 1656; x_wconf 82' lang='grc' dir='ltr'>γένος</span> <span class='ocrx_word' id='word_1_211' title='bbox 3812 1592 3987 1659; x_wconf 80' lang='grc' dir='ltr'>ὑπερ-</span> 
     </span>
    </p>
   </div>
   <div class='ocr_carea' id='block_1_32' title="bbox 2408 1679 3992 1751">
    <p class='ocr_par' dir='ltr' id='par_1_32' title="bbox 2408 1679 3992 1751">
     <span class='ocr_line' id='line_1_32' title="bbox 2408 1679 3992 1751; baseline -0.001 -18"><span class='ocrx_word' id='word_1_212' title='bbox 2408 1680 2847 1749; x_wconf 78' lang='grc' dir='ltr'>εκπληττόμενον</span> <span class='ocrx_word' id='word_1_213' title='bbox 2887 1679 3064 1747; x_wconf 79' lang='grc' dir='ltr'>ἔλεγε,</span> <span class='ocrx_word' id='word_1_214' title='bbox 3101 1679 3167 1731; x_wconf 76' lang='grc' dir='ltr'>τί</span> <span class='ocrx_word' id='word_1_215' title='bbox 3208 1679 3369 1733; x_wconf 83' lang='grc' dir='ltr'>τοῦτό</span> <span class='ocrx_word' id='word_1_216' title='bbox 3404 1682 3591 1745; x_wconf 61' lang='lat' dir='ltr'><strong>tactv;</strong></span> <span class='ocrx_word' id='word_1_217' title='bbox 3622 1679 3767 1733; x_wconf 75' lang='grc' dir='ltr'>οὕτω</span> <span class='ocrx_word' id='word_1_218' title='bbox 3791 1680 3858 1751; x_wconf 72' lang='grc' dir='ltr'><strong>δὴ</strong></span> <span class='ocrx_word' id='word_1_219' title='bbox 3895 1682 3992 1733; x_wconf 83' lang='grc' dir='ltr'>καὶ</span> 
     </span>
    </p>
   </div>
   <div class='ocr_carea' id='block_1_33' title="bbox 2408 1770 3982 1841">
    <p class='ocr_par' dir='ltr' id='par_1_33' title="bbox 2408 1770 3982 1841">
     <span class='ocr_line' id='line_1_33' title="bbox 2408 1770 3982 1841; baseline 0.002 -21"><span class='ocrx_word' id='word_1_220' title='bbox 2408 1771 2503 1823; x_wconf 75' lang='grc' dir='ltr'><strong>ἐπὶ</strong></span> <span class='ocrx_word' id='word_1_221' title='bbox 2530 1770 2624 1823; x_wconf 88' lang='grc' dir='ltr'><strong>τοῦ</strong></span> <span class='ocrx_word' id='word_1_222' title='bbox 2661 1770 2854 1841; x_wconf 79' lang='grc' dir='ltr'>νοητοῦ</span> <span class='ocrx_word' id='word_1_223' title='bbox 2887 1770 3067 1840; x_wconf 82' lang='grc' dir='ltr'>μάννα</span> <span class='ocrx_word' id='word_1_224' title='bbox 3103 1770 3201 1822; x_wconf 87' lang='grc' dir='ltr'><strong>τοῦ</strong></span> <span class='ocrx_word' id='word_1_225' title='bbox 3232 1772 3401 1841; x_wconf 82' lang='grc' dir='ltr'>άρτου</span> <span class='ocrx_word' id='word_1_226' title='bbox 3436 1770 3536 1839; x_wconf 79' lang='grc' dir='ltr'>τῆς</span> <span class='ocrx_word' id='word_1_227' title='bbox 3592 1771 3763 1839; x_wconf 76' lang='grc' dir='ltr'>ζωῆς,</span> <span class='ocrx_word' id='word_1_228' title='bbox 3811 1771 3982 1826; x_wconf 80' lang='grc' dir='ltr'>αὑτοῦ</span> 
     </span>
    </p>
   </div>
   <div class='ocr_carea' id='block_1_34' title="bbox 741 1858 2315 1955">
    <p class='ocr_par' dir='ltr' id='par_1_34' title="bbox 741 1858 2308 1933">
     <span class='ocr_line' id='line_1_34' title="bbox 741 1858 2308 1933; baseline 0.004 -23"><span class='ocrx_word' id='word_1_229' title='bbox 741 1860 941 1928; x_wconf 72' lang='grc' dir='ltr'><strong>ιιιιίιιιιρ</strong></span> <span class='ocrx_word' id='word_1_230' title='bbox 971 1858 1215 1914; x_wconf 82' lang='lat' dir='ltr'><strong>locorum</strong></span> <span class='ocrx_word' id='word_1_231' title='bbox 1260 1861 1569 1930; x_wconf 67' lang='lat' dir='ltr'><strong>dispersum</strong></span> <span class='ocrx_word' id='word_1_232' title='bbox 1608 1872 1663 1918; x_wconf 89' lang='lat' dir='ltr'><strong>et</strong></span> <span class='ocrx_word' id='word_1_233' title='bbox 1704 1865 1857 1933; x_wconf 88' lang='lat' dir='ltr'><strong>quasi</strong></span> <span class='ocrx_word' id='word_1_234' title='bbox 1893 1866 2175 1920; x_wconf 88' lang='lat' dir='ltr'><strong>concisum</strong></span> <span class='ocrx_word' id='word_1_235' title='bbox 2209 1866 2308 1921; x_wconf 87' lang='lat' dir='ltr'><strong>mi-</strong></span> 
     </span>
    </p>
   </div>
   <div class='ocr_carea' id='block_1_35' title="bbox 2415 1858 3989 1955">
    <p class='ocr_par' dir='ltr' id='par_1_35' title="bbox 2415 1860 3989 1930">
     <span class='ocr_line' id='line_1_35' title="bbox 2415 1860 3989 1930; baseline 0.001 -18"><span class='ocrx_word' id='word_1_236' title='bbox 2415 1860 2610 1930; x_wconf 80' lang='grc' dir='ltr'>δηλαδὴ</span> <span class='ocrx_word' id='word_1_237' title='bbox 2643 1860 2735 1913; x_wconf 90' lang='grc' dir='ltr'><strong>τοῦ</strong></span> <span class='ocrx_word' id='word_1_238' title='bbox 2770 1861 3098 1930; x_wconf 76' lang='grc' dir='ltr'>μονογενοῦς</span> <span class='ocrx_word' id='word_1_239' title='bbox 3134 1861 3273 1915; x_wconf 84' lang='grc' dir='ltr'>Υίοῦ</span> <span class='ocrx_word' id='word_1_240' title='bbox 3302 1861 3648 1923; x_wconf 83' lang='grc' dir='ltr'>καταϐάντος</span> <span class='ocrx_word' id='word_1_241' title='bbox 3674 1862 3736 1929; x_wconf 73' lang='grc' dir='ltr'><strong>ἐξ</strong></span> <span class='ocrx_word' id='word_1_242' title='bbox 3753 1860 3989 1930; x_wconf 84' lang='grc' dir='ltr'>οὐρανοῦ</span> 
     </span>
    </p>
   </div>
   <div class='ocr_carea' id='block_1_36' title="bbox 743 1950 2307 2027">
    <p class='ocr_par' dir='ltr' id='par_1_36' title="bbox 743 1950 2307 2027">
     <span class='ocr_line' id='line_1_36' title="bbox 743 1950 2307 2027; baseline 0.006 -26"><span class='ocrx_word' id='word_1_243' title='bbox 743 1959 903 2004; x_wconf 85' lang='lat' dir='ltr'><strong>notas</strong></span> <span class='ocrx_word' id='word_1_244' title='bbox 933 1950 985 2004; x_wconf 88' lang='lat' dir='ltr'><strong>in</strong></span> <span class='ocrx_word' id='word_1_245' title='bbox 1020 1964 1203 2019; x_wconf 89' lang='lat' dir='ltr'><strong>partes</strong></span> <span class='ocrx_word' id='word_1_246' title='bbox 1239 1952 1595 2007; x_wconf 87' lang='lat' dir='ltr'><strong>nihilominus</strong></span> <span class='ocrx_word' id='word_1_247' title='bbox 1622 1961 1797 2009; x_wconf 87' lang='lat' dir='ltr'><strong>totum</strong></span> <span class='ocrx_word' id='word_1_248' title='bbox 1838 1956 2048 2027; x_wconf 79' lang='lat' dir='ltr'><strong>integre</strong></span> <span class='ocrx_word' id='word_1_249' title='bbox 2080 1958 2132 2010; x_wconf 92' lang='lat' dir='ltr'><strong>in</strong></span> <span class='ocrx_word' id='word_1_250' title='bbox 2166 1956 2307 2010; x_wconf 91' lang='lat' dir='ltr'><strong>inte-</strong></span> 
     </span>
    </p>
   </div>
   <div class='ocr_carea' id='block_1_37' title="bbox 737 2043 2305 2118">
    <p class='ocr_par' dir='ltr' id='par_1_37' title="bbox 737 2043 2305 2118">
     <span class='ocr_line' id='line_1_37' title="bbox 737 2043 2305 2118; baseline 0.007 -27"><span class='ocrx_word' id='word_1_251' title='bbox 737 2043 850 2110; x_wconf 75' lang='lat' dir='ltr'><strong>gris</strong></span> <span class='ocrx_word' id='word_1_252' title='bbox 882 2044 1170 2111; x_wconf 74' lang='lat' dir='ltr'><strong>reperitur.</strong></span> <span class='ocrx_word' id='word_1_253' title='bbox 1213 2044 1351 2110; x_wconf 82' lang='lat' dir='ltr'><strong>Quid</strong></span> <span class='ocrx_word' id='word_1_254' title='bbox 1401 2048 1566 2101; x_wconf 87' lang='lat' dir='ltr'><strong>multa</strong></span> <span class='ocrx_word' id='word_1_255' title='bbox 1612 2048 1990 2118; x_wconf 78' lang='lat' dir='ltr'><strong>proferemus?</strong></span> <span class='ocrx_word' id='word_1_256' title='bbox 2031 2048 2305 2113; x_wconf 85' lang='lat' dir='ltr'><strong>Quemad-</strong></span> 
     </span>
    </p>
   </div>
   <div class='ocr_carea' id='block_1_38' title="bbox 740 2135 2306 2195">
    <p class='ocr_par' dir='ltr' id='par_1_38' title="bbox 740 2135 2306 2195">
     <span class='ocr_line' id='line_1_38' title="bbox 740 2135 2306 2195; baseline 0.003 -8"><span class='ocrx_word' id='word_1_257' title='bbox 740 2136 959 2188; x_wconf 90' lang='lat' dir='ltr'><strong>modum</strong></span> <span class='ocrx_word' id='word_1_258' title='bbox 1006 2135 1096 2190; x_wconf 92' lang='lat' dir='ltr'><strong>illo</strong></span> <span class='ocrx_word' id='word_1_259' title='bbox 1144 2153 1339 2192; x_wconf 88' lang='lat' dir='ltr'><strong>manna</strong></span> <span class='ocrx_word' id='word_1_260' title='bbox 1406 2140 1621 2194; x_wconf 77' lang='lat' dir='ltr'><strong>erelitus</strong></span> <span class='ocrx_word' id='word_1_261' title='bbox 1671 2140 1908 2195; x_wconf 88' lang='lat' dir='ltr'><strong>demisso</strong></span> <span class='ocrx_word' id='word_1_262' title='bbox 1956 2139 2306 2194; x_wconf 68' lang='lat' dir='ltr'><strong>Hebraeorum</strong></span> 
     </span>
    </p>
   </div>
   <div class='ocr_carea' id='block_1_39' title="bbox 744 2228 2312 2298">
    <p class='ocr_par' dir='ltr' id='par_1_39' title="bbox 744 2228 2312 2298">
     <span class='ocr_line' id='line_1_39' title="bbox 744 2228 2312 2298; baseline 0.003 -19"><span class='ocrx_word' id='word_1_263' title='bbox 744 2230 891 2281; x_wconf 85' lang='lat' dir='ltr'><strong>natio</strong></span> <span class='ocrx_word' id='word_1_264' title='bbox 920 2228 1315 2285; x_wconf 86' lang='lat' dir='ltr'><strong>admirabumla</strong></span> <span class='ocrx_word' id='word_1_265' title='bbox 1348 2231 1605 2298; x_wconf 82' lang='lat' dir='ltr'><strong>diccbat,</strong></span> <span class='ocrx_word' id='word_1_266' title='bbox 1642 2231 1785 2298; x_wconf 83' lang='lat' dir='ltr'><strong>Quid</strong></span> <span class='ocrx_word' id='word_1_267' title='bbox 1828 2233 1930 2286; x_wconf 90' lang='lat' dir='ltr'><strong>hoc</strong></span> <span class='ocrx_word' id='word_1_268' title='bbox 1980 2232 2098 2285; x_wconf 78' lang='lat' dir='ltr'><strong>est?</strong></span> <span class='ocrx_word' id='word_1_269' title='bbox 2142 2230 2222 2285; x_wconf 84' lang='lat' dir='ltr'><strong>sic</strong></span> <span class='ocrx_word' id='word_1_270' title='bbox 2254 2238 2312 2283; x_wconf 85' lang='lat' dir='ltr'><strong>et</strong></span> 
     </span>
    </p>
   </div>
   <div class='ocr_carea' id='block_1_40' title="bbox 2416 1951 3985 2024">
    <p class='ocr_par' dir='ltr' id='par_1_40' title="bbox 2416 1951 3985 2024">
     <span class='ocr_line' id='line_1_40' title="bbox 2416 1951 3985 2024; baseline -0.001 -19"><span class='ocrx_word' id='word_1_271' title='bbox 2416 1953 2508 2005; x_wconf 74' lang='grc' dir='ltr'>καὶ</span> <span class='ocrx_word' id='word_1_272' title='bbox 2540 1952 2634 2005; x_wconf 70' lang='grc' dir='ltr'><strong>ἐπὶ</strong></span> <span class='ocrx_word' id='word_1_273' title='bbox 2664 1951 2766 2020; x_wconf 81' lang='grc' dir='ltr'>γῆς</span> <span class='ocrx_word' id='word_1_274' title='bbox 2824 1952 3107 2020; x_wconf 81' lang='grc' dir='ltr'>ὀφθέντος,</span> <span class='ocrx_word' id='word_1_275' title='bbox 3148 1952 3735 2024; x_wconf 81' lang='grc' dir='ltr'>ὑπερεκπληττόμενοι</span> <span class='ocrx_word' id='word_1_276' title='bbox 3796 1952 3985 2020; x_wconf 76' lang='grc' dir='ltr'>ἔλεγον</span> 
     </span>
    </p>
   </div>
   <div class='ocr_carea' id='block_1_41' title="bbox 2415 2042 3992 2109">
    <p class='ocr_par' dir='ltr' id='par_1_41' title="bbox 2415 2042 3992 2109">
     <span class='ocr_line' id='line_1_41' title="bbox 2415 2042 3992 2109; baseline -0.003 -12"><span class='ocrx_word' id='word_1_277' title='bbox 2415 2042 2675 2109; x_wconf 73' lang='grc' dir='ltr'>ἅπαντες,</span> <span class='ocrx_word' id='word_1_278' title='bbox 2698 2044 2764 2097; x_wconf 86' lang='grc' dir='ltr'>Τί</span> <span class='ocrx_word' id='word_1_279' title='bbox 2784 2043 2947 2097; x_wconf 83' lang='grc' dir='ltr'>τοῦτό</span> <span class='ocrx_word' id='word_1_280' title='bbox 2969 2044 3092 2098; x_wconf 65' lang='grc' dir='ltr'>ἐστι</span> <span class='ocrx_word' id='word_1_281' title='bbox 3114 2060 3131 2109; x_wconf 88' lang='lat'><strong>;</strong></span> <span class='ocrx_word' id='word_1_282' title='bbox 3162 2043 3278 2106; x_wconf 84' lang='grc' dir='ltr'><strong>πῶς</strong></span> <span class='ocrx_word' id='word_1_283' title='bbox 3298 2045 3326 2096; x_wconf 90' lang='lat'><strong>6</strong></span> <span class='ocrx_word' id='word_1_284' title='bbox 3350 2045 3479 2108; x_wconf 74' lang='grc' dir='ltr'>Υίδς</span> <span class='ocrx_word' id='word_1_285' title='bbox 3500 2045 3594 2099; x_wconf 90' lang='grc' dir='ltr'><strong>τοῦ</strong></span> <span class='ocrx_word' id='word_1_286' title='bbox 3619 2043 3759 2097; x_wconf 84' lang='grc' dir='ltr'>Θεοῦ</span> <span class='ocrx_word' id='word_1_287' title='bbox 3792 2043 3992 2109; x_wconf 80' lang='grc' dir='ltr'>κατῆλ-</span> 
     </span>
    </p>
   </div>
   <div class='ocr_carea' id='block_1_42' title="bbox 2415 2134 3989 2208">
    <p class='ocr_par' dir='ltr' id='par_1_42' title="bbox 2415 2134 3989 2208">
     <span class='ocr_line' id='line_1_42' title="bbox 2415 2134 3989 2208; baseline -0.001 -19"><span class='ocrx_word' id='word_1_288' title='bbox 2415 2136 2506 2189; x_wconf 88' lang='grc' dir='ltr'>θεν</span> <span class='ocrx_word' id='word_1_289' title='bbox 2537 2137 2619 2201; x_wconf 86' lang='grc' dir='ltr'><strong>είς</strong></span> <span class='ocrx_word' id='word_1_290' title='bbox 2646 2135 2743 2206; x_wconf 83' lang='grc' dir='ltr'><strong>τὴν</strong></span> <span class='ocrx_word' id='word_1_291' title='bbox 2768 2136 2909 2205; x_wconf 83' lang='grc' dir='ltr'>γῆν;</span> <span class='ocrx_word' id='word_1_292' title='bbox 2948 2136 3066 2200; x_wconf 81' lang='grc' dir='ltr'><strong>πῶς</strong></span> <span class='ocrx_word' id='word_1_293' title='bbox 3102 2137 3283 2208; x_wconf 82' lang='grc' dir='ltr'>σάρκα</span> <span class='ocrx_word' id='word_1_294' title='bbox 3320 2137 3591 2207; x_wconf 79' lang='grc' dir='ltr'>ὲφόρεσε;</span> <span class='ocrx_word' id='word_1_295' title='bbox 3627 2138 3745 2201; x_wconf 88' lang='grc' dir='ltr'><strong>πῶς</strong></span> <span class='ocrx_word' id='word_1_296' title='bbox 3773 2134 3989 2205; x_wconf 74' lang='grc' dir='ltr'>ἄνθρω-</span> 
     </span>
    </p>
   </div>
   <div class='ocr_carea' id='block_1_43' title="bbox 2416 2226 3680 2299">
    <p class='ocr_par' dir='ltr' id='par_1_43' title="bbox 2416 2226 3680 2299">
     <span class='ocr_line' id='line_1_43' title="bbox 2416 2226 3680 2299; baseline 0.004 -19"><span class='ocrx_word' id='word_1_297' title='bbox 2416 2245 2514 2292; x_wconf 83' lang='grc' dir='ltr'><strong>πος</strong></span> <span class='ocrx_word' id='word_1_298' title='bbox 2546 2232 2739 2297; x_wconf 73' lang='grc' dir='ltr'>γέγονε</span> <span class='ocrx_word' id='word_1_299' title='bbox 2767 2245 2783 2294; x_wconf 90' lang='lat'><strong>;</strong></span> <span class='ocrx_word' id='word_1_300' title='bbox 2808 2227 2920 2281; x_wconf 84' lang='lat' dir='ltr'><strong>Kal</strong></span> <span class='ocrx_word' id='word_1_301' title='bbox 2947 2228 3077 2296; x_wconf 78' lang='grc' dir='ltr'>περὶ</span> <span class='ocrx_word' id='word_1_302' title='bbox 3114 2229 3214 2299; x_wconf 82' lang='grc' dir='ltr'>μὲν</span> <span class='ocrx_word' id='word_1_303' title='bbox 3242 2227 3451 2282; x_wconf 82' lang='grc' dir='ltr'>τούτων</span> <span class='ocrx_word' id='word_1_304' title='bbox 3485 2226 3680 2291; x_wconf 79' lang='grc' dir='ltr'>οὕτως.</span> 
     </span>
    </p>
   </div>
   <div class='ocr_carea' id='block_1_44' title="bbox 654 2308 3989 2395">
    <p class='ocr_par' dir='ltr' id='par_1_44' title="bbox 654 2308 3989 2395">
     <span class='ocr_line' id='line_1_44' title="bbox 654 2308 3989 2395; baseline 0.001 -23"><span class='ocrx_word' id='word_1_305' title='bbox 654 2340 670 2353; x_wconf 67' lang='grc' dir='ltr'><em>ι</em></span> <span class='ocrx_word' id='word_1_306' title='bbox 741 2309 1041 2376; x_wconf 70' lang='lat' dir='ltr'><strong>intellectui</strong></span> <span class='ocrx_word' id='word_1_307' title='bbox 1077 2339 1296 2387; x_wconf 89' lang='lat' dir='ltr'><strong>manna,</strong></span> <span class='ocrx_word' id='word_1_308' title='bbox 1337 2340 1477 2394; x_wconf 89' lang='lat' dir='ltr'><strong>pane</strong></span> <span class='ocrx_word' id='word_1_309' title='bbox 1503 2325 1716 2380; x_wconf 90' lang='lat' dir='ltr'><strong>scilicet</strong></span> <span class='ocrx_word' id='word_1_310' title='bbox 1746 2325 1893 2388; x_wconf 66' lang='lat' dir='ltr'><strong>vitae,</strong></span> <span class='ocrx_word' id='word_1_311' title='bbox 1930 2325 2166 2395; x_wconf 79' lang='lat' dir='ltr'><strong>unigena</strong></span> <span class='ocrx_word' id='word_1_312' title='bbox 2206 2322 2296 2376; x_wconf 91' lang='lat' dir='ltr'><strong>Dei</strong></span> <span class='ocrx_word' id='word_1_313' title='bbox 2338 2322 2497 2386; x_wconf 85' lang='lat' dir='ltr'><strong>Filio,</strong></span> <span class='ocrx_word' id='word_1_314' title='bbox 2524 2320 2738 2375; x_wconf 70' lang='lat' dir='ltr'><strong>cmlitus</strong></span> <span class='ocrx_word' id='word_1_315' title='bbox 2766 2321 2990 2391; x_wconf 88' lang='lat' dir='ltr'><strong>delapso</strong></span> <span class='ocrx_word' id='word_1_316' title='bbox 3030 2331 3086 2375; x_wconf 88' lang='lat' dir='ltr'><strong>et</strong></span> <span class='ocrx_word' id='word_1_317' title='bbox 3148 2321 3204 2375; x_wconf 88' lang='lat' dir='ltr'><strong>in</strong></span> <span class='ocrx_word' id='word_1_318' title='bbox 3242 2322 3403 2377; x_wconf 85' lang='lat' dir='ltr'><strong>terris</strong></span> <span class='ocrx_word' id='word_1_319' title='bbox 3449 2330 3768 2391; x_wconf 87' lang='lat' dir='ltr'><strong>conspecto,</strong></span> <span class='ocrx_word' id='word_1_320' title='bbox 3810 2308 3989 2377; x_wconf 75' lang='lat' dir='ltr'><strong>cuncti</strong></span> 
     </span>
    </p>
   </div>
   <div class='ocr_carea' id='block_1_45' title="bbox 743 2414 3990 2489">
    <p class='ocr_par' dir='ltr' id='par_1_45' title="bbox 743 2414 3990 2489">
     <span class='ocr_line' id='line_1_45' title="bbox 743 2414 3990 2489; baseline 0.001 -22"><span class='ocrx_word' id='word_1_321' title='bbox 743 2417 1191 2483; x_wconf 71' lang='lat' dir='ltr'><strong>ubstltpt‘SCt‘nlcs</strong></span> <span class='ocrx_word' id='word_1_322' title='bbox 1241 2419 1492 2473; x_wconf 83' lang='lat' dir='ltr'><strong>aiebant:</strong></span> <span class='ocrx_word' id='word_1_323' title='bbox 1538 2419 1681 2485; x_wconf 83' lang='lat' dir='ltr'><strong>Quid</strong></span> <span class='ocrx_word' id='word_1_324' title='bbox 1738 2421 1842 2474; x_wconf 93' lang='lat' dir='ltr'><strong>hoc</strong></span> <span class='ocrx_word' id='word_1_325' title='bbox 1891 2420 2015 2474; x_wconf 85' lang='lat' dir='ltr'><strong>est?</strong></span> <span class='ocrx_word' id='word_1_326' title='bbox 2068 2434 2305 2489; x_wconf 87' lang='lat' dir='ltr'><strong>quonam</strong></span> <span class='ocrx_word' id='word_1_327' title='bbox 2346 2426 2506 2487; x_wconf 86' lang='lat' dir='ltr'><strong>pacto</strong></span> <span class='ocrx_word' id='word_1_328' title='bbox 2564 2417 2657 2470; x_wconf 88' lang='lat' dir='ltr'><strong>Dei</strong></span> <span class='ocrx_word' id='word_1_329' title='bbox 2699 2415 2869 2471; x_wconf 89' lang='lat' dir='ltr'><strong>Filius</strong></span> <span class='ocrx_word' id='word_1_330' title='bbox 2930 2417 2985 2471; x_wconf 90' lang='lat' dir='ltr'><strong>in</strong></span> <span class='ocrx_word' id='word_1_331' title='bbox 3048 2425 3249 2473; x_wconf 83' lang='lat' dir='ltr'><strong>terram</strong></span> <span class='ocrx_word' id='word_1_332' title='bbox 3277 2414 3602 2473; x_wconf 64' lang='lat' dir='ltr'><strong>descendit?</strong></span> <span class='ocrx_word' id='word_1_333' title='bbox 3639 2417 3736 2488; x_wconf 86' lang='lat' dir='ltr'><strong>qui</strong></span> <span class='ocrx_word' id='word_1_334' title='bbox 3771 2432 3990 2473; x_wconf 87' lang='lat' dir='ltr'><strong>carnem</strong></span> 
     </span>
    </p>
   </div>
   <div class='ocr_carea' id='block_1_46' title="bbox 739 2510 2967 2584">
    <p class='ocr_par' dir='ltr' id='par_1_46' title="bbox 739 2510 2967 2584">
     <span class='ocr_line' id='line_1_46' title="bbox 739 2510 2967 2584; baseline 0.002 -22"><span class='ocrx_word' id='word_1_335' title='bbox 739 2511 957 2578; x_wconf 73' lang='lat' dir='ltr'><strong>gestat?</strong></span> <span class='ocrx_word' id='word_1_336' title='bbox 979 2514 1071 2580; x_wconf 88' lang='lat' dir='ltr'><strong>qui</strong></span> <span class='ocrx_word' id='word_1_337' title='bbox 1104 2511 1268 2567; x_wconf 90' lang='lat' dir='ltr'><strong>homo</strong></span> <span class='ocrx_word' id='word_1_338' title='bbox 1296 2512 1474 2567; x_wconf 85' lang='lat' dir='ltr'><strong>tactus</strong></span> <span class='ocrx_word' id='word_1_339' title='bbox 1507 2514 1641 2567; x_wconf 80' lang='lat' dir='ltr'><strong>est?</strong></span> <span class='ocrx_word' id='word_1_340' title='bbox 1680 2516 1758 2569; x_wconf 87' lang='lat' dir='ltr'><strong>Ac</strong></span> <span class='ocrx_word' id='word_1_341' title='bbox 1788 2514 1856 2569; x_wconf 86' lang='lat' dir='ltr'><strong>de</strong></span> <span class='ocrx_word' id='word_1_342' title='bbox 1886 2515 1971 2569; x_wconf 92' lang='lat' dir='ltr'><strong>his</strong></span> <span class='ocrx_word' id='word_1_343' title='bbox 2006 2514 2225 2584; x_wconf 79' lang='lat' dir='ltr'><strong>quidem</strong></span> <span class='ocrx_word' id='word_1_344' title='bbox 2251 2513 2356 2566; x_wconf 88' lang='lat' dir='ltr'><strong>hoc</strong></span> <span class='ocrx_word' id='word_1_345' title='bbox 2382 2510 2547 2565; x_wconf 87' lang='lat' dir='ltr'><strong>modo</strong></span> <span class='ocrx_word' id='word_1_346' title='bbox 2579 2510 2787 2566; x_wconf 89' lang='lat' dir='ltr'><strong>dictum</strong></span> <span class='ocrx_word' id='word_1_347' title='bbox 2826 2520 2967 2567; x_wconf 90' lang='lat' dir='ltr'><strong>esto.</strong></span> 
     </span>
    </p>
   </div>
   <div class='ocr_carea' id='block_1_47' title="bbox 810 2605 2313 2678">
    <p class='ocr_par' dir='ltr' id='par_1_47' title="bbox 810 2605 2313 2678">
     <span class='ocr_line' id='line_1_47' title="bbox 810 2605 2313 2678; baseline 0.005 -19"><span class='ocrx_word' id='word_1_348' title='bbox 810 2605 1079 2661; x_wconf 66' lang='lat' dir='ltr'><strong>Caeterum</strong></span> <span class='ocrx_word' id='word_1_349' title='bbox 1113 2618 1235 2678; x_wconf 90' lang='lat' dir='ltr'><strong>post</strong></span> <span class='ocrx_word' id='word_1_350' title='bbox 1264 2622 1495 2665; x_wconf 87' lang='lat' dir='ltr'><strong>mortem</strong></span> <span class='ocrx_word' id='word_1_351' title='bbox 1529 2611 1693 2667; x_wconf 84' lang='lat' dir='ltr'><strong>Mosis</strong></span> <span class='ocrx_word' id='word_1_352' title='bbox 1718 2614 1861 2668; x_wconf 87' lang='lat' dir='ltr'><strong>Deus</strong></span> <span class='ocrx_word' id='word_1_353' title='bbox 1892 2613 2075 2673; x_wconf 79' lang='lat' dir='ltr'><strong>.lesum</strong></span> <span class='ocrx_word' id='word_1_354' title='bbox 2109 2612 2313 2668; x_wconf 91' lang='lat' dir='ltr'><strong>allocu-</strong></span> 
     </span>
    </p>
   </div>
   <div class='ocr_carea' id='block_1_48' title="bbox 747 2700 2313 2775">
    <p class='ocr_par' dir='ltr' id='par_1_48' title="bbox 747 2700 2313 2775">
     <span class='ocr_line' id='line_1_48' title="bbox 747 2700 2313 2775; baseline 0.009 -29"><span class='ocrx_word' id='word_1_355' title='bbox 747 2707 833 2750; x_wconf 92' lang='lat' dir='ltr'><strong>tus</strong></span> <span class='ocrx_word' id='word_1_356' title='bbox 864 2709 942 2752; x_wconf 74' lang='lat' dir='ltr'><strong>est</strong></span> <span class='ocrx_word' id='word_1_357' title='bbox 999 2700 1051 2752; x_wconf 91' lang='lat' dir='ltr'><strong>in</strong></span> <span class='ocrx_word' id='word_1_358' title='bbox 1097 2700 1241 2755; x_wconf 86' lang='lat' dir='ltr'><strong>hunc</strong></span> <span class='ocrx_word' id='word_1_359' title='bbox 1296 2702 1558 2758; x_wconf 89' lang='lat' dir='ltr'><strong>modum:</strong></span> <span class='ocrx_word' id='word_1_360' title='bbox 1622 2704 2111 2775; x_wconf 65' lang='lat' dir='ltr'><strong>«Quandoquidem</strong></span> <span class='ocrx_word' id='word_1_361' title='bbox 2156 2718 2313 2760; x_wconf 85' lang='lat' dir='ltr'><strong>meus</strong></span> 
     </span>
    </p>
   </div>
   <div class='ocr_carea' id='block_1_49' title="bbox 743 2792 2309 2867">
    <p class='ocr_par' dir='ltr' id='par_1_49' title="bbox 743 2792 2309 2867">
     <span class='ocr_line' id='line_1_49' title="bbox 743 2792 2309 2867; baseline 0.006 -24"><span class='ocrx_word' id='word_1_362' title='bbox 743 2806 936 2845; x_wconf 73' lang='lat' dir='ltr'><strong>servus</strong></span> <span class='ocrx_word' id='word_1_363' title='bbox 962 2792 1134 2846; x_wconf 78' lang='lat' dir='ltr'><strong>Moses</strong></span> <span class='ocrx_word' id='word_1_364' title='bbox 1162 2805 1411 2850; x_wconf 86' lang='lat' dir='ltr'><strong>mortuus</strong></span> <span class='ocrx_word' id='word_1_365' title='bbox 1437 2804 1543 2861; x_wconf 88' lang='lat' dir='ltr'><strong>est,</strong></span> <span class='ocrx_word' id='word_1_366' title='bbox 1574 2811 1671 2867; x_wconf 80' lang='lat' dir='ltr'><strong>age</strong></span> <span class='ocrx_word' id='word_1_367' title='bbox 1698 2808 1776 2861; x_wconf 87' lang='lat' dir='ltr'><strong>tu,</strong></span> <span class='ocrx_word' id='word_1_368' title='bbox 1808 2797 1997 2866; x_wconf 83' lang='lat' dir='ltr'><strong>trajice</strong></span> <span class='ocrx_word' id='word_1_369' title='bbox 2017 2796 2309 2853; x_wconf 67' lang='lat' dir='ltr'><strong>Iordanem</strong></span> 
     </span>
    </p>
   </div>
   <div class='ocr_carea' id='block_1_50' title="bbox 744 2879 2314 2959">
    <p class='ocr_par' dir='ltr' id='par_1_50' title="bbox 744 2879 2314 2959">
     <span class='ocr_line' id='line_1_50' title="bbox 744 2879 2314 2959; baseline 0.008 -26"><span class='ocrx_word' id='word_1_370' title='bbox 744 2879 906 2935; x_wconf 81' lang='lat' dir='ltr'><strong>istum</strong></span> <span class='ocrx_word' id='word_1_371' title='bbox 940 2899 1045 2937; x_wconf 93' lang='lat' dir='ltr'><strong>una</strong></span> <span class='ocrx_word' id='word_1_372' title='bbox 1077 2900 1199 2939; x_wconf 91' lang='lat' dir='ltr'><strong>cum</strong></span> <span class='ocrx_word' id='word_1_373' title='bbox 1229 2887 1375 2941; x_wconf 91' lang='lat' dir='ltr'><strong>omni</strong></span> <span class='ocrx_word' id='word_1_374' title='bbox 1405 2889 1510 2942; x_wconf 87' lang='lat' dir='ltr'><strong>hoc</strong></span> <span class='ocrx_word' id='word_1_375' title='bbox 1537 2888 1855 2956; x_wconf 73' lang='grc' dir='ltr'>ρσμυιοτι.»</span> <span class='ocrx_word' id='word_1_376' title='bbox 1891 2888 2135 2958; x_wconf 88' lang='lat' dir='ltr'><strong>Cumque</strong></span> <span class='ocrx_word' id='word_1_377' title='bbox 2161 2904 2314 2959; x_wconf 76' lang='lat' dir='ltr'><strong>reges</strong></span> 
     </span>
    </p>
   </div>
   <div class='ocr_carea' id='block_1_51' title="bbox 743 2978 2313 3049">
    <p class='ocr_par' dir='ltr' id='par_1_51' title="bbox 743 2978 2313 3049">
     <span class='ocr_line' id='line_1_51' title="bbox 743 2978 2313 3049; baseline 0.006 -21"><span class='ocrx_word' id='word_1_378' title='bbox 743 2978 1208 3045; x_wconf 51' lang='lat' dir='ltr'><strong>Amorrha‘orum,</strong></span> <span class='ocrx_word' id='word_1_379' title='bbox 1238 2980 1331 3049; x_wconf 87' lang='lat' dir='ltr'><strong>qui</strong></span> <span class='ocrx_word' id='word_1_380' title='bbox 1365 2982 1505 3035; x_wconf 89' lang='lat' dir='ltr'><strong>ultra</strong></span> <span class='ocrx_word' id='word_1_381' title='bbox 1535 2980 1829 3036; x_wconf 86' lang='lat' dir='ltr'><strong>Jordanem</strong></span> <span class='ocrx_word' id='word_1_382' title='bbox 1859 2992 2050 3047; x_wconf 81' lang='lat' dir='ltr'><strong>erant,</strong></span> <span class='ocrx_word' id='word_1_383' title='bbox 2094 2983 2313 3038; x_wconf 80' lang='lat' dir='ltr'><strong>inaudi-</strong></span> 
     </span>
    </p>
   </div>
   <div class='ocr_carea' id='block_1_52' title="bbox 745 3070 2309 3141">
    <p class='ocr_par' dir='ltr' id='par_1_52' title="bbox 745 3070 2309 3141">
     <span class='ocr_line' id='line_1_52' title="bbox 745 3070 2309 3141; baseline 0.008 -24"><span class='ocrx_word' id='word_1_384' title='bbox 745 3070 951 3123; x_wconf 64' lang='lat' dir='ltr'><strong>ris~ent</strong></span> <span class='ocrx_word' id='word_1_385' title='bbox 984 3070 1302 3134; x_wconf 90' lang='lat' dir='ltr'><strong>Dominum,</strong></span> <span class='ocrx_word' id='word_1_386' title='bbox 1325 3073 1418 3141; x_wconf 88' lang='lat' dir='ltr'><strong>qui</strong></span> <span class='ocrx_word' id='word_1_387' title='bbox 1454 3072 1595 3126; x_wconf 87' lang='lat' dir='ltr'><strong>Deus</strong></span> <span class='ocrx_word' id='word_1_388' title='bbox 1626 3083 1727 3137; x_wconf 84' lang='lat' dir='ltr'><strong>est,</strong></span> <span class='ocrx_word' id='word_1_389' title='bbox 1763 3074 2057 3129; x_wconf 83' lang='lat' dir='ltr'><strong>Jordanem</strong></span> <span class='ocrx_word' id='word_1_390' title='bbox 2084 3073 2309 3130; x_wconf 80' lang='lat' dir='ltr'><strong>ﬂuvium</strong></span> 
     </span>
    </p>
   </div>
   <div class='ocr_carea' id='block_1_53' title="bbox 742 3163 2304 3231">
    <p class='ocr_par' dir='ltr' id='par_1_53' title="bbox 742 3163 2304 3231">
     <span class='ocr_line' id='line_1_53' title="bbox 742 3163 2304 3231; baseline 0.006 -19"><span class='ocrx_word' id='word_1_391' title='bbox 742 3163 1072 3227; x_wconf 72' lang='lat' dir='ltr'><strong>exsiccasse,</strong></span> <span class='ocrx_word' id='word_1_392' title='bbox 1123 3177 1333 3218; x_wconf 84' lang='lat' dir='ltr'><strong>tuentes</strong></span> <span class='ocrx_word' id='word_1_393' title='bbox 1360 3175 1415 3219; x_wconf 92' lang='lat' dir='ltr'><strong>et</strong></span> <span class='ocrx_word' id='word_1_394' title='bbox 1448 3165 1614 3219; x_wconf 89' lang='lat' dir='ltr'><strong>animi</strong></span> <span class='ocrx_word' id='word_1_395' title='bbox 1662 3181 1853 3220; x_wconf 89' lang='lat' dir='ltr'><strong>eorum</strong></span> <span class='ocrx_word' id='word_1_396' title='bbox 1882 3167 2304 3231; x_wconf 86' lang='lat' dir='ltr'><strong>eontaboernnt,</strong></span> 
     </span>
    </p>
   </div>
   <div class='ocr_carea' id='block_1_54' title="bbox 2487 2611 3993 2685">
    <p class='ocr_par' dir='ltr' id='par_1_54' title="bbox 2487 2611 3993 2685">
     <span class='ocr_line' id='line_1_54' title="bbox 2487 2611 3993 2685; baseline -0.001 -18"><span class='ocrx_word' id='word_1_397' title='bbox 2487 2612 2645 2667; x_wconf 78' lang='grc' dir='ltr'>Μετὰ</span> <span class='ocrx_word' id='word_1_398' title='bbox 2674 2612 2730 2665; x_wconf 75' lang='grc' dir='ltr'><strong>ὁὶ</strong></span> <span class='ocrx_word' id='word_1_399' title='bbox 2757 2612 2859 2681; x_wconf 84' lang='grc' dir='ltr'>τὴν</span> <span class='ocrx_word' id='word_1_400' title='bbox 2887 2611 2982 2664; x_wconf 91' lang='grc' dir='ltr'><strong>τοῦ</strong></span> <span class='ocrx_word' id='word_1_401' title='bbox 3015 2612 3260 2675; x_wconf 79' lang='grc' dir='ltr'><strong>Μωσέως</strong></span> <span class='ocrx_word' id='word_1_402' title='bbox 3290 2612 3553 2684; x_wconf 78' lang='grc' dir='ltr'>τελευτὴν</span> <span class='ocrx_word' id='word_1_403' title='bbox 3573 2611 3694 2668; x_wconf 75' lang='grc' dir='ltr'>εἷπε</span> <span class='ocrx_word' id='word_1_404' title='bbox 3730 2615 3875 2685; x_wconf 80' lang='grc' dir='ltr'>πρὸς</span> <span class='ocrx_word' id='word_1_405' title='bbox 3901 2615 3993 2667; x_wconf 75' lang='grc' dir='ltr'><strong>τὸν</strong></span> 
     </span>
    </p>
   </div>
   <div class='ocr_carea' id='block_1_55' title="bbox 2429 2697 3993 2774">
    <p class='ocr_par' dir='ltr' id='par_1_55' title="bbox 2429 2697 3993 2774">
     <span class='ocr_line' id='line_1_55' title="bbox 2429 2697 3993 2774; baseline 0.002 -18"><span class='ocrx_word' id='word_1_406' title='bbox 2429 2701 2641 2771; x_wconf 84' lang='grc' dir='ltr'>Ἰησοῦν</span> <span class='ocrx_word' id='word_1_407' title='bbox 2669 2705 2697 2757; x_wconf 97' lang='lat'><strong>6</strong></span> <span class='ocrx_word' id='word_1_408' title='bbox 2725 2702 2860 2764; x_wconf 87' lang='grc' dir='ltr'>Θεός</span> <span class='ocrx_word' id='word_1_409' title='bbox 2880 2717 2894 2733; x_wconf 82' lang='grc'><strong><em>⁸</em></strong></span> <span class='ocrx_word' id='word_1_410' title='bbox 2943 2721 2961 2754; x_wconf 83' lang='grc' dir='ltr'>ι</span> <span class='ocrx_word' id='word_1_411' title='bbox 3002 2704 3209 2773; x_wconf 83' lang='grc' dir='ltr'>Μωσῆς</span> <span class='ocrx_word' id='word_1_412' title='bbox 3256 2704 3286 2755; x_wconf 92' lang='lat'><strong>6</strong></span> <span class='ocrx_word' id='word_1_413' title='bbox 3315 2697 3573 2774; x_wconf 78' lang='grc' dir='ltr'><strong>θεράπων</strong></span> <span class='ocrx_word' id='word_1_414' title='bbox 3602 2722 3707 2774; x_wconf 87' lang='grc' dir='ltr'><strong>μου</strong></span> <span class='ocrx_word' id='word_1_415' title='bbox 3737 2708 3993 2760; x_wconf 82' lang='grc' dir='ltr'>τετελεύ-</span> 
     </span>
    </p>
   </div>
   <div class='ocr_carea' id='block_1_56' title="bbox 2416 2789 3991 2865">
    <p class='ocr_par' dir='ltr' id='par_1_56' title="bbox 2416 2789 3991 2865">
     <span class='ocr_line' id='line_1_56' title="bbox 2416 2789 3991 2865; baseline 0.002 -20"><span class='ocrx_word' id='word_1_416' title='bbox 2416 2810 2583 2863; x_wconf 84' lang='grc' dir='ltr'>τηκεν</span> <span class='ocrx_word' id='word_1_417' title='bbox 2605 2808 2620 2824; x_wconf 89' lang='grc'><strong>·</strong></span> <span class='ocrx_word' id='word_1_418' title='bbox 2668 2791 2764 2846; x_wconf 91' lang='grc' dir='ltr'><strong>νῦν</strong></span> <span class='ocrx_word' id='word_1_419' title='bbox 2796 2789 2889 2847; x_wconf 83' lang='grc' dir='ltr'><strong>οῦν</strong></span> <span class='ocrx_word' id='word_1_420' title='bbox 2918 2792 3182 2856; x_wconf 76' lang='grc' dir='ltr'>ἀναστὰς</span> <span class='ocrx_word' id='word_1_421' title='bbox 3214 2794 3440 2865; x_wconf 85' lang='grc' dir='ltr'>διάϐηθι</span> <span class='ocrx_word' id='word_1_422' title='bbox 3467 2794 3561 2848; x_wconf 80' lang='grc' dir='ltr'>τὸν</span> <span class='ocrx_word' id='word_1_423' title='bbox 3593 2795 3875 2865; x_wconf 86' lang='grc' dir='ltr'>Ἰορδάνην</span> <span class='ocrx_word' id='word_1_424' title='bbox 3927 2797 3991 2847; x_wconf 77' lang='grc' dir='ltr'>σὺ</span> 
     </span>
    </p>
   </div>
   <div class='ocr_carea' id='block_1_57' title="bbox 2420 2879 3992 2955">
    <p class='ocr_par' dir='ltr' id='par_1_57' title="bbox 2420 2879 3992 2955">
     <span class='ocr_line' id='line_1_57' title="bbox 2420 2879 3992 2955; baseline 0.001 -18"><span class='ocrx_word' id='word_1_425' title='bbox 2420 2884 2516 2937; x_wconf 78' lang='grc' dir='ltr'>καὶ</span> <span class='ocrx_word' id='word_1_426' title='bbox 2549 2884 2710 2948; x_wconf 75' lang='grc' dir='ltr'><strong>πᾶςδ</strong></span> <span class='ocrx_word' id='word_1_427' title='bbox 2734 2883 2863 2949; x_wconf 74' lang='grc' dir='ltr'>λαδς</span> <span class='ocrx_word' id='word_1_428' title='bbox 2888 2879 3065 2946; x_wconf 71' lang='grc' dir='ltr'>οὗτος.</span> <span class='ocrx_word' id='word_1_429' title='bbox 3097 2904 3116 2936; x_wconf 75' lang='grc' dir='ltr'>ι</span> <span class='ocrx_word' id='word_1_430' title='bbox 3147 2886 3259 2939; x_wconf 87' lang='lat' dir='ltr'><strong>Kal</strong></span> <span class='ocrx_word' id='word_1_431' title='bbox 3279 2886 3355 2948; x_wconf 86' lang='grc' dir='ltr'>ὼς</span> <span class='ocrx_word' id='word_1_432' title='bbox 3388 2885 3633 2955; x_wconf 74' lang='grc' dir='ltr'>ἥκουσαν</span> <span class='ocrx_word' id='word_1_433' title='bbox 3667 2888 3717 2938; x_wconf 83' lang='lat' dir='ltr'><strong>ot</strong></span> <span class='ocrx_word' id='word_1_434' title='bbox 3752 2886 3992 2955; x_wconf 78' lang='grc' dir='ltr'><strong>βασιλεῖς</strong></span> 
     </span>
    </p>
   </div>
   <div class='ocr_carea' id='block_1_58' title="bbox 2420 2972 3991 3049">
    <p class='ocr_par' dir='ltr' id='par_1_58' title="bbox 2420 2972 3991 3049">
     <span class='ocr_line' id='line_1_58' title="bbox 2420 2972 3991 3049; baseline 0.001 -19"><span class='ocrx_word' id='word_1_435' title='bbox 2420 2976 2528 3030; x_wconf 88' lang='grc' dir='ltr'><strong>τῶν</strong></span> <span class='ocrx_word' id='word_1_436' title='bbox 2556 2977 2921 3049; x_wconf 79' lang='grc' dir='ltr'>Ἀμορραίων,</span> <span class='ocrx_word' id='word_1_437' title='bbox 2958 2977 3006 3031; x_wconf 82' lang='grc' dir='ltr'><strong>οἳ</strong></span> <span class='ocrx_word' id='word_1_438' title='bbox 3037 2972 3178 3046; x_wconf 74' lang='grc' dir='ltr'>ἦσαν</span> <span class='ocrx_word' id='word_1_439' title='bbox 3213 2978 3387 3048; x_wconf 84' lang='grc' dir='ltr'>πέραν</span> <span class='ocrx_word' id='word_1_440' title='bbox 3448 2977 3544 3031; x_wconf 84' lang='grc' dir='ltr'><strong>τοῦ</strong></span> <span class='ocrx_word' id='word_1_441' title='bbox 3575 2979 3876 3049; x_wconf 81' lang='grc' dir='ltr'>Ἰορδάνου,</span> <span class='ocrx_word' id='word_1_442' title='bbox 3909 2980 3991 3033; x_wconf 79' lang='grc' dir='ltr'>ὅτι</span> 
     </span>
    </p>
   </div>
   <div class='ocr_carea' id='block_1_59' title="bbox 2418 3069 3988 3141">
    <p class='ocr_par' dir='ltr' id='par_1_59' title="bbox 2418 3069 3988 3141">
     <span class='ocr_line' id='line_1_59' title="bbox 2418 3069 3988 3141; baseline 0.002 -19"><span class='ocrx_word' id='word_1_443' title='bbox 2418 3069 2728 3141; x_wconf 81' lang='grc' dir='ltr'><strong>ἀπεξήρανε</strong></span> <span class='ocrx_word' id='word_1_444' title='bbox 2768 3069 2973 3137; x_wconf 79' lang='grc' dir='ltr'>Κύριος</span> <span class='ocrx_word' id='word_1_445' title='bbox 3027 3071 3055 3123; x_wconf 94' lang='lat'><strong>6</strong></span> <span class='ocrx_word' id='word_1_446' title='bbox 3111 3070 3244 3134; x_wconf 78' lang='grc' dir='ltr'>Θεὸς</span> <span class='ocrx_word' id='word_1_447' title='bbox 3291 3070 3384 3123; x_wconf 79' lang='grc' dir='ltr'>τὸν</span> <span class='ocrx_word' id='word_1_448' title='bbox 3409 3070 3689 3140; x_wconf 74' lang='grc' dir='ltr'>Ἰορδάνην</span> <span class='ocrx_word' id='word_1_449' title='bbox 3719 3073 3988 3141; x_wconf 79' lang='grc' dir='ltr'>ποταμὸν,</span> 
     </span>
    </p>
   </div>
   <div class='ocr_carea' id='block_1_60' title="bbox 2418 3158 3991 3232">
    <p class='ocr_par' dir='ltr' id='par_1_60' title="bbox 2418 3158 3991 3232">
     <span class='ocr_line' id='line_1_60' title="bbox 2418 3158 3991 3232; baseline 0.003 -21"><span class='ocrx_word' id='word_1_450' title='bbox 2418 3160 2809 3232; x_wconf 86' lang='grc' dir='ltr'>κατετάκησαν</span> <span class='ocrx_word' id='word_1_451' title='bbox 2845 3162 3028 3215; x_wconf 81' lang='grc' dir='ltr'>αὐτῶν</span> <span class='ocrx_word' id='word_1_452' title='bbox 3060 3162 3117 3214; x_wconf 77' lang='lat' dir='ltr'><strong>at</strong></span> <span class='ocrx_word' id='word_1_453' title='bbox 3139 3162 3393 3225; x_wconf 85' lang='grc' dir='ltr'>διάνοιαι,</span> <span class='ocrx_word' id='word_1_454' title='bbox 3435 3163 3529 3214; x_wconf 78' lang='grc' dir='ltr'>καὶ</span> <span class='ocrx_word' id='word_1_455' title='bbox 3578 3162 3680 3214; x_wconf 82' lang='grc' dir='ltr'>οὐκ</span> <span class='ocrx_word' id='word_1_456' title='bbox 3713 3158 3783 3231; x_wconf 76' lang='grc' dir='ltr'>ἦν</span> <span class='ocrx_word' id='word_1_457' title='bbox 3807 3164 3869 3215; x_wconf 80' lang='grc' dir='ltr'>ἐν</span> <span class='ocrx_word' id='word_1_458' title='bbox 3890 3163 3991 3215; x_wconf 76' lang='grc' dir='ltr'><strong>αὖ·</strong></span> 
     </span>
    </p>
   </div>
   <div class='ocr_carea' id='block_1_61' title="bbox 745 3232 2315 3329">
    <p class='ocr_par' dir='ltr' id='par_1_61' title="bbox 745 3255 2312 3329">
     <span class='ocr_line' id='line_1_61' title="bbox 745 3255 2312 3329; baseline 0.004 -22"><span class='ocrx_word' id='word_1_459' title='bbox 745 3272 843 3309; x_wconf 88' lang='lat' dir='ltr'><strong>nee</strong></span> <span class='ocrx_word' id='word_1_460' title='bbox 874 3274 982 3325; x_wconf 68' lang='grc' dir='ltr'>ιιι-ω</span> <span class='ocrx_word' id='word_1_461' title='bbox 1028 3267 1174 3310; x_wconf 90' lang='lat' dir='ltr'><strong>metu</strong></span> <span class='ocrx_word' id='word_1_462' title='bbox 1223 3255 1595 3312; x_wconf 88' lang='lat' dir='ltr'><strong>lsraelicorum</strong></span> <span class='ocrx_word' id='word_1_463' title='bbox 1632 3260 1788 3329; x_wconf 74' lang='lat'><strong>162</strong></span> <span class='ocrx_word' id='word_1_464' title='bbox 1821 3260 2121 3328; x_wconf 78' lang='lat' dir='ltr'><strong>prudenter</strong></span> <span class='ocrx_word' id='word_1_465' title='bbox 2152 3264 2312 3317; x_wconf 80' lang='lat' dir='ltr'><strong>rebus</strong></span> 
     </span>
    </p>
   </div>
   <div class='ocr_carea' id='block_1_62' title="bbox 2415 3232 3994 3329">
    <p class='ocr_par' dir='ltr' id='par_1_62' title="bbox 2415 3252 3994 3322">
     <span class='ocr_line' id='line_1_62' title="bbox 2415 3252 3994 3322; baseline 0.002 -19"><span class='ocrx_word' id='word_1_466' title='bbox 2415 3253 2528 3314; x_wconf 78' lang='grc' dir='ltr'>τοῖς</span> <span class='ocrx_word' id='word_1_467' title='bbox 2583 3252 2846 3321; x_wconf 83' lang='grc' dir='ltr'>φρόνησις</span> <span class='ocrx_word' id='word_1_468' title='bbox 2905 3253 3136 3322; x_wconf 81' lang='grc' dir='ltr'>οὐδεμία</span> <span class='ocrx_word' id='word_1_469' title='bbox 3189 3253 3298 3305; x_wconf 76' lang='grc' dir='ltr'><strong>ἀπὸ</strong></span> <span class='ocrx_word' id='word_1_470' title='bbox 3336 3253 3634 3322; x_wconf 82' lang='grc' dir='ltr'>προσώπου</span> <span class='ocrx_word' id='word_1_471' title='bbox 3698 3252 3812 3307; x_wconf 84' lang='grc' dir='ltr'><strong>τῶν</strong></span> <span class='ocrx_word' id='word_1_472' title='bbox 3855 3254 3994 3306; x_wconf 79' lang='grc' dir='ltr'>υἱῶν</span> 
     </span>
    </p>
   </div>
   <div class='ocr_carea' id='block_1_63' title="bbox 742 3348 2312 3421">
    <p class='ocr_par' dir='ltr' id='par_1_63' title="bbox 742 3348 2312 3421">
     <span class='ocr_line' id='line_1_63' title="bbox 742 3348 2312 3421; baseline 0.005 -22"><span class='ocrx_word' id='word_1_473' title='bbox 742 3349 856 3400; x_wconf 84' lang='lat' dir='ltr'><strong>suis</strong></span> <span class='ocrx_word' id='word_1_474' title='bbox 890 3348 1177 3402; x_wconf 88' lang='lat' dir='ltr'><strong>consulere</strong></span> <span class='ocrx_word' id='word_1_475' title='bbox 1211 3349 1319 3402; x_wconf 88' lang='lat' dir='ltr'><strong>ttllo</strong></span> <span class='ocrx_word' id='word_1_476' title='bbox 1345 3351 1505 3404; x_wconf 89' lang='lat' dir='ltr'><strong>modo</strong></span> <span class='ocrx_word' id='word_1_477' title='bbox 1524 3358 1796 3418; x_wconf 86' lang='lat' dir='ltr'><strong>poterant.</strong></span> <span class='ocrx_word' id='word_1_478' title='bbox 1836 3351 2136 3407; x_wconf 87' lang='lat' dir='ltr'><strong>Consimilc</strong></span> <span class='ocrx_word' id='word_1_479' title='bbox 2155 3352 2312 3421; x_wconf 89' lang='lat' dir='ltr'><strong>quid-</strong></span> 
     </span>
    </p>
   </div>
   <div class='ocr_carea' id='block_1_64' title="bbox 741 3438 2314 3513">
    <p class='ocr_par' dir='ltr' id='par_1_64' title="bbox 741 3438 2314 3513">
     <span class='ocr_line' id='line_1_64' title="bbox 741 3438 2314 3513; baseline 0.006 -24"><span class='ocrx_word' id='word_1_480' title='bbox 741 3439 863 3491; x_wconf 75' lang='lat' dir='ltr'><strong>dam</strong></span> <span class='ocrx_word' id='word_1_481' title='bbox 897 3438 1107 3492; x_wconf 83' lang='lat' dir='ltr'><strong>scilicet</strong></span> <span class='ocrx_word' id='word_1_482' title='bbox 1138 3438 1218 3492; x_wconf 88' lang='lat' dir='ltr'><strong>cis</strong></span> <span class='ocrx_word' id='word_1_483' title='bbox 1258 3439 1583 3513; x_wconf 81' lang='lat' dir='ltr'><strong>accidititli,</strong></span> <span class='ocrx_word' id='word_1_484' title='bbox 1615 3440 1760 3510; x_wconf 89' lang='lat' dir='ltr'><strong>quod</strong></span> <span class='ocrx_word' id='word_1_485' title='bbox 1791 3439 2025 3496; x_wconf 82' lang='lat' dir='ltr'><strong>Jacobus</strong></span> <span class='ocrx_word' id='word_1_486' title='bbox 2054 3452 2314 3509; x_wconf 80' lang='lat' dir='ltr'><strong>expertus</strong></span> 
     </span>
    </p>
   </div>
   <div class='ocr_carea' id='block_1_65' title="bbox 741 3530 2313 3603">
    <p class='ocr_par' dir='ltr' id='par_1_65' title="bbox 741 3530 2313 3603">
     <span class='ocr_line' id='line_1_65' title="bbox 741 3530 2313 3603; baseline 0.004 -21"><span class='ocrx_word' id='word_1_487' title='bbox 741 3539 963 3599; x_wconf 76' lang='lat' dir='ltr'><strong>estprze</strong></span> <span class='ocrx_word' id='word_1_488' title='bbox 1012 3530 1227 3600; x_wconf 78' lang='lat' dir='ltr'><strong>gaudio,</strong></span> <span class='ocrx_word' id='word_1_489' title='bbox 1276 3546 1401 3585; x_wconf 91' lang='lat' dir='ltr'><strong>cum</strong></span> <span class='ocrx_word' id='word_1_490' title='bbox 1440 3530 1720 3601; x_wconf 80' lang='lat' dir='ltr'><strong>profectus</strong></span> <span class='ocrx_word' id='word_1_491' title='bbox 1773 3532 1828 3587; x_wconf 93' lang='lat' dir='ltr'><strong>in</strong></span> <span class='ocrx_word' id='word_1_492' title='bbox 1877 3532 2167 3603; x_wconf 64' lang='lat' dir='ltr'><strong>Aigyptum</strong></span> <span class='ocrx_word' id='word_1_493' title='bbox 2217 3534 2313 3589; x_wconf 82' lang='lat' dir='ltr'><strong>Jo-</strong></span> 
     </span>
    </p>
   </div>
   <div class='ocr_carea' id='block_1_66' title="bbox 743 3622 2315 3693">
    <p class='ocr_par' dir='ltr' id='par_1_66' title="bbox 743 3622 2315 3693">
     <span class='ocr_line' id='line_1_66' title="bbox 743 3622 2315 3693; baseline 0.004 -18"><span class='ocrx_word' id='word_1_494' title='bbox 743 3623 973 3689; x_wconf 79' lang='lat' dir='ltr'><strong>sephunt</strong></span> <span class='ocrx_word' id='word_1_495' title='bbox 1012 3622 1180 3676; x_wconf 86' lang='lat' dir='ltr'><strong>tilium</strong></span> <span class='ocrx_word' id='word_1_496' title='bbox 1214 3624 1505 3692; x_wconf 86' lang='lat' dir='ltr'><strong>aspiceret.</strong></span> <span class='ocrx_word' id='word_1_497' title='bbox 1543 3623 1814 3678; x_wconf 77' lang='lat' dir='ltr'><strong>Nimirum</strong></span> <span class='ocrx_word' id='word_1_498' title='bbox 1846 3625 1913 3678; x_wconf 88' lang='lat' dir='ltr'><strong>de</strong></span> <span class='ocrx_word' id='word_1_499' title='bbox 1948 3626 2134 3680; x_wconf 68' lang='lat' dir='ltr'><strong>ltetitia</strong></span> <span class='ocrx_word' id='word_1_500' title='bbox 2167 3640 2315 3693; x_wconf 75' lang='lat' dir='ltr'><strong>qua:-</strong></span> 
     </span>
    </p>
   </div>
   <div class='ocr_carea' id='block_1_67' title="bbox 742 3713 2315 3781">
    <p class='ocr_par' dir='ltr' id='par_1_67' title="bbox 742 3713 2315 3781">
     <span class='ocr_line' id='line_1_67' title="bbox 742 3713 2315 3781; baseline 0.001 -13"><span class='ocrx_word' id='word_1_501' title='bbox 742 3716 865 3768; x_wconf 88' lang='lat' dir='ltr'><strong>dam</strong></span> <span class='ocrx_word' id='word_1_502' title='bbox 890 3717 1063 3769; x_wconf 91' lang='lat' dir='ltr'><strong>oritur</strong></span> <span class='ocrx_word' id='word_1_503' title='bbox 1086 3716 1367 3781; x_wconf 48' lang='lat' dir='ltr'><strong>sanguinis</strong></span> <span class='ocrx_word' id='word_1_504' title='bbox 1395 3713 1633 3779; x_wconf 74' lang='lat' dir='ltr'><strong>diffusio,</strong></span> <span class='ocrx_word' id='word_1_505' title='bbox 1670 3716 1737 3769; x_wconf 89' lang='lat' dir='ltr'><strong>de</strong></span> <span class='ocrx_word' id='word_1_506' title='bbox 1761 3715 2049 3770; x_wconf 83' lang='lat' dir='ltr'><strong>fortnidine</strong></span> <span class='ocrx_word' id='word_1_507' title='bbox 2078 3732 2207 3771; x_wconf 87' lang='lat' dir='ltr'><strong>vero</strong></span> <span class='ocrx_word' id='word_1_508' title='bbox 2236 3716 2315 3771; x_wconf 81' lang='lat' dir='ltr'><strong>fa-</strong></span> 
     </span>
    </p>
   </div>
   <div class='ocr_carea' id='block_1_68' title="bbox 742 3805 2315 3878">
    <p class='ocr_par' dir='ltr' id='par_1_68' title="bbox 742 3805 2315 3878">
     <span class='ocr_line' id='line_1_68' title="bbox 742 3805 2315 3878; baseline 0.001 -19"><span class='ocrx_word' id='word_1_509' title='bbox 742 3806 960 3861; x_wconf 78' lang='lat' dir='ltr'><strong>cultatis</strong></span> <span class='ocrx_word' id='word_1_510' title='bbox 997 3807 1172 3860; x_wconf 69' lang='lat' dir='ltr'><strong>vitalis</strong></span> <span class='ocrx_word' id='word_1_511' title='bbox 1198 3807 1501 3861; x_wconf 75' lang='lat' dir='ltr'><strong>contractio</strong></span> <span class='ocrx_word' id='word_1_512' title='bbox 1534 3806 1587 3859; x_wconf 92' lang='lat' dir='ltr'><strong>in</strong></span> <span class='ocrx_word' id='word_1_513' title='bbox 1627 3805 1786 3859; x_wconf 85' lang='lat' dir='ltr'><strong>nobis</strong></span> <span class='ocrx_word' id='word_1_514' title='bbox 1811 3807 2044 3861; x_wconf 79' lang='lat' dir='ltr'><strong>exsistit.</strong></span> <span class='ocrx_word' id='word_1_515' title='bbox 2071 3807 2315 3878; x_wconf 89' lang='lat' dir='ltr'><strong>Utroque</strong></span> 
     </span>
    </p>
   </div>
   <div class='ocr_carea' id='block_1_69' title="bbox 744 3898 2316 3969">
    <p class='ocr_par' dir='ltr' id='par_1_69' title="bbox 744 3898 2316 3969">
     <span class='ocr_line' id='line_1_69' title="bbox 744 3898 2316 3969; baseline 0.003 -19"><span class='ocrx_word' id='word_1_516' title='bbox 744 3899 907 3952; x_wconf 85' lang='lat' dir='ltr'><strong>modo</strong></span> <span class='ocrx_word' id='word_1_517' title='bbox 961 3898 1076 3952; x_wconf 83' lang='lat' dir='ltr'><strong>ﬁeri</strong></span> <span class='ocrx_word' id='word_1_518' title='bbox 1129 3913 1521 3968; x_wconf 90' lang='lat' dir='ltr'><strong>nonnunquam</strong></span> <span class='ocrx_word' id='word_1_519' title='bbox 1575 3898 1710 3952; x_wconf 86' lang='lat' dir='ltr'><strong>solet</strong></span> <span class='ocrx_word' id='word_1_520' title='bbox 1746 3907 1805 3951; x_wconf 92' lang='lat' dir='ltr'><strong>ut</strong></span> <span class='ocrx_word' id='word_1_521' title='bbox 1836 3914 1983 3953; x_wconf 91' lang='lat' dir='ltr'><strong>mors</strong></span> <span class='ocrx_word' id='word_1_522' title='bbox 2017 3900 2119 3953; x_wconf 91' lang='lat' dir='ltr'><strong>hoc</strong></span> <span class='ocrx_word' id='word_1_523' title='bbox 2156 3911 2316 3969; x_wconf 86' lang='lat' dir='ltr'><strong>pacto</strong></span> 
     </span>
    </p>
   </div>
   <div class='ocr_carea' id='block_1_70' title="bbox 743 3990 2311 4060">
    <p class='ocr_par' dir='ltr' id='par_1_70' title="bbox 743 3990 2311 4060">
     <span class='ocr_line' id='line_1_70' title="bbox 743 3990 2311 4060; baseline 0.001 -16"><span class='ocrx_word' id='word_1_524' title='bbox 743 3993 972 4047; x_wconf 72' lang='lat' dir='ltr'><strong>allectos</strong></span> <span class='ocrx_word' id='word_1_525' title='bbox 1006 3992 1319 4045; x_wconf 86' lang='lat' dir='ltr'><strong>necessario</strong></span> <span class='ocrx_word' id='word_1_526' title='bbox 1350 3993 1665 4046; x_wconf 86' lang='lat' dir='ltr'><strong>comitetur.</strong></span> <span class='ocrx_word' id='word_1_527' title='bbox 1732 3990 2022 4060; x_wconf 82' lang='lat' dir='ltr'><strong>Postquam</strong></span> <span class='ocrx_word' id='word_1_528' title='bbox 2070 3993 2311 4047; x_wconf 79' lang='lat' dir='ltr'><strong>lsraolici</strong></span> 
     </span>
    </p>
   </div>
   <div class='ocr_carea' id='block_1_71' title="bbox 742 4082 2315 4155">
    <p class='ocr_par' dir='ltr' id='par_1_71' title="bbox 742 4082 2315 4155">
     <span class='ocr_line' id='line_1_71' title="bbox 742 4082 2315 4155; baseline 0 -16"><span class='ocrx_word' id='word_1_529' title='bbox 742 4088 943 4140; x_wconf 83' lang='lat' dir='ltr'><strong>ﬂumen</strong></span> <span class='ocrx_word' id='word_1_530' title='bbox 981 4084 1349 4155; x_wconf 69' lang='lat' dir='ltr'><strong>traiecissent,</strong></span> <span class='ocrx_word' id='word_1_531' title='bbox 1396 4099 1518 4147; x_wconf 74' lang='lat' dir='ltr'><strong>mox</strong></span> <span class='ocrx_word' id='word_1_532' title='bbox 1562 4084 1767 4152; x_wconf 81' lang='lat' dir='ltr'><strong>absque</strong></span> <span class='ocrx_word' id='word_1_533' title='bbox 1796 4084 1966 4137; x_wconf 89' lang='lat' dir='ltr'><strong>armis</strong></span> <span class='ocrx_word' id='word_1_534' title='bbox 1990 4082 2315 4139; x_wconf 73' lang='lat' dir='ltr'><strong>Jerichuute</strong></span> 
     </span>
    </p>
   </div>
   <div class='ocr_carea' id='block_1_72' title="bbox 743 4174 2315 4249">
    <p class='ocr_par' dir='ltr' id='par_1_72' title="bbox 743 4174 2315 4249">
     <span class='ocr_line' id='line_1_72' title="bbox 743 4174 2315 4249; baseline 0.001 -21"><span class='ocrx_word' id='word_1_535' title='bbox 743 4178 1029 4249; x_wconf 85' lang='lat' dir='ltr'><strong>potiuntur</strong></span> <span class='ocrx_word' id='word_1_536' title='bbox 1055 4193 1069 4240; x_wconf 91' lang='lat'><strong>;</strong></span> <span class='ocrx_word' id='word_1_537' title='bbox 1100 4191 1211 4245; x_wconf 92' lang='lat' dir='ltr'><strong>quo</strong></span> <span class='ocrx_word' id='word_1_538' title='bbox 1242 4175 1462 4229; x_wconf 85' lang='lat' dir='ltr'><strong>nomine</strong></span> <span class='ocrx_word' id='word_1_539' title='bbox 1496 4174 1697 4228; x_wconf 81' lang='lat' dir='ltr'><strong>factum</strong></span> <span class='ocrx_word' id='word_1_540' title='bbox 1729 4184 1785 4228; x_wconf 92' lang='lat' dir='ltr'><strong>ut</strong></span> <span class='ocrx_word' id='word_1_541' title='bbox 1808 4188 1927 4230; x_wconf 69' lang='lat' dir='ltr'><strong>eam</strong></span> <span class='ocrx_word' id='word_1_542' title='bbox 1956 4190 2055 4244; x_wconf 88' lang='lat' dir='ltr'><strong>pro</strong></span> <span class='ocrx_word' id='word_1_543' title='bbox 2082 4176 2315 4229; x_wconf 86' lang='lat' dir='ltr'><strong>anathe-</strong></span> 
     </span>
    </p>
   </div>
   <div class='ocr_carea' id='block_1_73' title="bbox 744 4265 2316 4331">
    <p class='ocr_par' dir='ltr' id='par_1_73' title="bbox 744 4265 2316 4331">
     <span class='ocr_line' id='line_1_73' title="bbox 744 4265 2316 4331; baseline -0.001 -8"><span class='ocrx_word' id='word_1_544' title='bbox 744 4281 885 4323; x_wconf 82' lang='lat' dir='ltr'><strong>mate</strong></span> <span class='ocrx_word' id='word_1_545' title='bbox 914 4270 1178 4323; x_wconf 83' lang='lat' dir='ltr'><strong>ducerent</strong></span> <span class='ocrx_word' id='word_1_546' title='bbox 1209 4309 1222 4331; x_wconf 88' lang='lat'><strong>,</strong></span> <span class='ocrx_word' id='word_1_547' title='bbox 1266 4268 1368 4321; x_wconf 91' lang='lat' dir='ltr'><strong>hoc</strong></span> <span class='ocrx_word' id='word_1_548' title='bbox 1407 4277 1489 4321; x_wconf 89' lang='lat' dir='ltr'><strong>est</strong></span> <span class='ocrx_word' id='word_1_549' title='bbox 1523 4267 1632 4321; x_wconf 89' lang='lat' dir='ltr'><strong>Deo</strong></span> <span class='ocrx_word' id='word_1_550' title='bbox 1665 4277 2074 4322; x_wconf 84' lang='lat' dir='ltr'><strong>consecrarent.</strong></span> <span class='ocrx_word' id='word_1_551' title='bbox 2108 4265 2316 4322; x_wconf 89' lang='lat' dir='ltr'><strong>Secun-</strong></span> 
     </span>
    </p>
   </div>
   <div class='ocr_carea' id='block_1_74' title="bbox 741 4359 2315 4428">
    <p class='ocr_par' dir='ltr' id='par_1_74' title="bbox 741 4359 2315 4428">
     <span class='ocr_line' id='line_1_74' title="bbox 741 4359 2315 4428; baseline -0.001 -13"><span class='ocrx_word' id='word_1_552' title='bbox 741 4364 869 4416; x_wconf 85' lang='lat' dir='ltr'><strong>dum</strong></span> <span class='ocrx_word' id='word_1_553' title='bbox 904 4361 1019 4415; x_wconf 78' lang='lat' dir='ltr'><strong>luce</strong></span> <span class='ocrx_word' id='word_1_554' title='bbox 1047 4360 1229 4414; x_wconf 84' lang='lat' dir='ltr'><strong>Achar</strong></span> <span class='ocrx_word' id='word_1_555' title='bbox 1260 4360 1347 4414; x_wconf 86' lang='lat' dir='ltr'><strong>ille</strong></span> <span class='ocrx_word' id='word_1_556' title='bbox 1379 4360 1629 4413; x_wconf 72' lang='lat' dir='ltr'><strong>Cllal&#39;ttltB</strong></span> <span class='ocrx_word' id='word_1_557' title='bbox 1669 4361 1814 4413; x_wconf 77' lang='lat' dir='ltr'><strong>[ilius</strong></span> <span class='ocrx_word' id='word_1_558' title='bbox 1846 4375 1911 4413; x_wconf 73' lang='lat' dir='ltr'><strong>ex</strong></span> <span class='ocrx_word' id='word_1_559' title='bbox 1948 4359 2019 4413; x_wconf 87' lang='lat' dir='ltr'><strong>iis</strong></span> <span class='ocrx_word' id='word_1_560' title='bbox 2048 4374 2171 4428; x_wconf 78' lang='lat' dir='ltr'><strong>quze</strong></span> <span class='ocrx_word' id='word_1_561' title='bbox 2204 4359 2315 4414; x_wconf 90' lang='lat' dir='ltr'><strong>Deo</strong></span> 
     </span>
    </p>
   </div>
   <div class='ocr_carea' id='block_1_75' title="bbox 740 4451 2315 4520">
    <p class='ocr_par' dir='ltr' id='par_1_75' title="bbox 740 4451 2315 4520">
     <span class='ocr_line' id='line_1_75' title="bbox 740 4451 2315 4520; baseline -0.003 -11"><span class='ocrx_word' id='word_1_562' title='bbox 740 4463 1058 4509; x_wconf 75' lang='lat' dir='ltr'><strong>consecrata</strong></span> <span class='ocrx_word' id='word_1_563' title='bbox 1092 4463 1286 4514; x_wconf 88' lang='lat' dir='ltr'><strong>erant,</strong></span> <span class='ocrx_word' id='word_1_564' title='bbox 1331 4462 1478 4506; x_wconf 79' lang='lat' dir='ltr'><strong>veste</strong></span> <span class='ocrx_word' id='word_1_565' title='bbox 1529 4452 1761 4520; x_wconf 83' lang='lat' dir='ltr'><strong>quadarn</strong></span> <span class='ocrx_word' id='word_1_566' title='bbox 1815 4468 1939 4505; x_wconf 89' lang='lat' dir='ltr'><strong>cum</strong></span> <span class='ocrx_word' id='word_1_567' title='bbox 1988 4451 2105 4504; x_wconf 88' lang='lat' dir='ltr'><strong>auri</strong></span> <span class='ocrx_word' id='word_1_568' title='bbox 2139 4465 2315 4505; x_wconf 78' lang='lat' dir='ltr'><strong>massa</strong></span> 
     </span>
    </p>
   </div>
   <div class='ocr_carea' id='block_1_76' title="bbox 2429 3342 3994 3414">
    <p class='ocr_par' dir='ltr' id='par_1_76' title="bbox 2429 3342 3994 3414">
     <span class='ocr_line' id='line_1_76' title="bbox 2429 3342 3994 3414; baseline 0.003 -17"><span class='ocrx_word' id='word_1_569' title='bbox 2429 3342 2669 3414; x_wconf 83' lang='grc' dir='ltr'>Ἰσραήλ.</span> <span class='ocrx_word' id='word_1_570' title='bbox 2724 3345 2835 3399; x_wconf 79' lang='grc' dir='ltr'><strong>Καὶ</strong></span> <span class='ocrx_word' id='word_1_571' title='bbox 2889 3346 3132 3401; x_wconf 85' lang='grc' dir='ltr'>τοιοῦτόν</span> <span class='ocrx_word' id='word_1_572' title='bbox 3162 3364 3216 3399; x_wconf 87' lang='grc' dir='ltr'>τι</span> <span class='ocrx_word' id='word_1_573' title='bbox 3251 3347 3603 3411; x_wconf 73' lang='grc' dir='ltr'>επεπόνθασιν</span> <span class='ocrx_word' id='word_1_574' title='bbox 3638 3348 3830 3400; x_wconf 75' lang='grc' dir='ltr'>ὁποῖον</span> <span class='ocrx_word' id='word_1_575' title='bbox 3886 3349 3994 3403; x_wconf 83' lang='grc' dir='ltr'>ἀπὺ</span> 
     </span>
    </p>
   </div>
   <div class='ocr_carea' id='block_1_77' title="bbox 2415 3437 3995 3509">
    <p class='ocr_par' dir='ltr' id='par_1_77' title="bbox 2415 3437 3995 3509">
     <span class='ocr_line' id='line_1_77' title="bbox 2415 3437 3995 3509; baseline 0.004 -21"><span class='ocrx_word' id='word_1_576' title='bbox 2415 3438 2591 3507; x_wconf 77' lang='grc' dir='ltr'>χαρᾶς</span> <span class='ocrx_word' id='word_1_577' title='bbox 2619 3439 2647 3490; x_wconf 88' lang='grc' dir='ltr'>ὁ</span> <span class='ocrx_word' id='word_1_578' title='bbox 2691 3437 2914 3505; x_wconf 84' lang='grc' dir='ltr'>Ἰακὼϐ,</span> <span class='ocrx_word' id='word_1_579' title='bbox 2945 3439 3111 3509; x_wconf 72' lang='grc' dir='ltr'>ἡνίκα</span> <span class='ocrx_word' id='word_1_580' title='bbox 3168 3441 3450 3494; x_wconf 86' lang='grc' dir='ltr'>κατελθὼν</span> <span class='ocrx_word' id='word_1_581' title='bbox 3477 3443 3557 3503; x_wconf 84' lang='grc' dir='ltr'><strong>είς</strong></span> <span class='ocrx_word' id='word_1_582' title='bbox 3589 3442 3871 3508; x_wconf 71' lang='grc' dir='ltr'>Αἴγυπτον</span> <span class='ocrx_word' id='word_1_583' title='bbox 3905 3442 3995 3494; x_wconf 75' lang='grc' dir='ltr'><strong>τὸν</strong></span> 
     </span>
    </p>
   </div>
   <div class='ocr_carea' id='block_1_78' title="bbox 2428 3529 3990 3603">
    <p class='ocr_par' dir='ltr' id='par_1_78' title="bbox 2428 3529 3990 3603">
     <span class='ocr_line' id='line_1_78' title="bbox 2428 3529 3990 3603; baseline 0.002 -22"><span class='ocrx_word' id='word_1_584' title='bbox 2428 3529 2625 3598; x_wconf 78' lang='grc' dir='ltr'>Ἰωσὴφ</span> <span class='ocrx_word' id='word_1_585' title='bbox 2648 3530 2913 3584; x_wconf 75' lang='grc' dir='ltr'>ἐθεάσατο</span> <span class='ocrx_word' id='word_1_586' title='bbox 2932 3548 2946 3562; x_wconf 92' lang='grc'><strong>·</strong></span> <span class='ocrx_word' id='word_1_587' title='bbox 2977 3532 3087 3584; x_wconf 82' lang='grc' dir='ltr'><strong>ἀπὸ</strong></span> <span class='ocrx_word' id='word_1_588' title='bbox 3119 3533 3220 3602; x_wconf 86' lang='grc' dir='ltr'>μὲν</span> <span class='ocrx_word' id='word_1_589' title='bbox 3252 3535 3361 3602; x_wconf 82' lang='grc' dir='ltr'><strong>γὰρ</strong></span> <span class='ocrx_word' id='word_1_590' title='bbox 3395 3533 3495 3601; x_wconf 81' lang='grc' dir='ltr'>τῆς</span> <span class='ocrx_word' id='word_1_591' title='bbox 3517 3534 3692 3603; x_wconf 83' lang='grc' dir='ltr'>χαρᾶς</span> <span class='ocrx_word' id='word_1_592' title='bbox 3717 3534 3990 3597; x_wconf 75' lang='grc' dir='ltr'>διάχυσις,</span> 
     </span>
    </p>
   </div>
   <div class='ocr_carea' id='block_1_79' title="bbox 2415 3618 3993 3693">
    <p class='ocr_par' dir='ltr' id='par_1_79' title="bbox 2415 3618 3993 3693">
     <span class='ocr_line' id='line_1_79' title="bbox 2415 3618 3993 3693; baseline 0.003 -22"><span class='ocrx_word' id='word_1_593' title='bbox 2415 3619 2524 3671; x_wconf 79' lang='grc' dir='ltr'><strong>ἀπὸ</strong></span> <span class='ocrx_word' id='word_1_594' title='bbox 2563 3618 2621 3671; x_wconf 78' lang='grc' dir='ltr'><strong>δὲ</strong></span> <span class='ocrx_word' id='word_1_595' title='bbox 2659 3620 2752 3673; x_wconf 87' lang='grc' dir='ltr'><strong>τοῦ</strong></span> <span class='ocrx_word' id='word_1_596' title='bbox 2786 3621 2952 3689; x_wconf 78' lang='grc' dir='ltr'>φόϐου</span> <span class='ocrx_word' id='word_1_597' title='bbox 2982 3623 3284 3685; x_wconf 87' lang='grc' dir='ltr'>σύννευσις·</span> <span class='ocrx_word' id='word_1_598' title='bbox 3305 3624 3405 3690; x_wconf 77' lang='grc' dir='ltr'>τῆς</span> <span class='ocrx_word' id='word_1_599' title='bbox 3443 3621 3817 3691; x_wconf 75' lang='grc' dir='ltr'>ζωογονούσης</span> <span class='ocrx_word' id='word_1_600' title='bbox 3843 3625 3993 3693; x_wconf 72' lang='grc' dir='ltr'>ἡμᾶς</span> 
     </span>
    </p>
   </div>
   <div class='ocr_carea' id='block_1_80' title="bbox 2414 3709 3995 3785">
    <p class='ocr_par' dir='ltr' id='par_1_80' title="bbox 2414 3709 3995 3785">
     <span class='ocr_line' id='line_1_80' title="bbox 2414 3709 3995 3785; baseline 0.003 -24"><span class='ocrx_word' id='word_1_601' title='bbox 2414 3709 2701 3778; x_wconf 79' lang='grc' dir='ltr'>δυνάμεως</span> <span class='ocrx_word' id='word_1_602' title='bbox 2726 3713 2966 3785; x_wconf 72' lang='grc' dir='ltr'>γίνεται,</span> <span class='ocrx_word' id='word_1_603' title='bbox 2997 3714 3092 3766; x_wconf 79' lang='grc' dir='ltr'>καὶ</span> <span class='ocrx_word' id='word_1_604' title='bbox 3116 3713 3285 3775; x_wconf 63' lang='grc' dir='ltr'>οὕτως</span> <span class='ocrx_word' id='word_1_605' title='bbox 3323 3715 3355 3783; x_wconf 82' lang='grc' dir='ltr'>ἢ</span> <span class='ocrx_word' id='word_1_606' title='bbox 3396 3714 3621 3774; x_wconf 76' lang='grc' dir='ltr'><strong>ἐκείνως</strong></span> <span class='ocrx_word' id='word_1_607' title='bbox 3653 3714 3807 3767; x_wconf 79' lang='grc' dir='ltr'>ἐστιν</span> <span class='ocrx_word' id='word_1_608' title='bbox 3841 3715 3932 3765; x_wconf 86' lang='grc' dir='ltr'>ὅτε</span> <span class='ocrx_word' id='word_1_609' title='bbox 3966 3714 3995 3765; x_wconf 86' lang='lat'><strong>6</strong></span> 
     </span>
    </p>
   </div>
   <div class='ocr_carea' id='block_1_81' title="bbox 2416 3800 3995 3874">
    <p class='ocr_par' dir='ltr' id='par_1_81' title="bbox 2416 3800 3995 3874">
     <span class='ocr_line' id='line_1_81' title="bbox 2416 3800 3995 3874; baseline 0.001 -21"><span class='ocrx_word' id='word_1_610' title='bbox 2416 3800 2646 3864; x_wconf 79' lang='grc' dir='ltr'>θάνατος</span> <span class='ocrx_word' id='word_1_611' title='bbox 2703 3802 2762 3869; x_wconf 80' lang='grc' dir='ltr'>ἐξ</span> <span class='ocrx_word' id='word_1_612' title='bbox 2796 3805 3048 3874; x_wconf 78' lang='grc' dir='ltr'>ἀνάγκης</span> <span class='ocrx_word' id='word_1_613' title='bbox 3100 3804 3317 3857; x_wconf 72' lang='grc' dir='ltr'>ἕπεται.</span> <span class='ocrx_word' id='word_1_614' title='bbox 3358 3806 3515 3858; x_wconf 81' lang='grc' dir='ltr'>Μετὰ</span> <span class='ocrx_word' id='word_1_615' title='bbox 3562 3806 3619 3857; x_wconf 79' lang='grc' dir='ltr'><strong>δὲ</strong></span> <span class='ocrx_word' id='word_1_616' title='bbox 3655 3804 3718 3857; x_wconf 83' lang='grc' dir='ltr'>τὸ</span> <span class='ocrx_word' id='word_1_617' title='bbox 3755 3806 3995 3872; x_wconf 79' lang='grc' dir='ltr'>περᾶσαι</span> 
     </span>
    </p>
   </div>
   <div class='ocr_carea' id='block_1_82' title="bbox 2414 3893 3989 3968">
    <p class='ocr_par' dir='ltr' id='par_1_82' title="bbox 2414 3893 3989 3968">
     <span class='ocr_line' id='line_1_82' title="bbox 2414 3893 3989 3968; baseline 0.003 -23"><span class='ocrx_word' id='word_1_618' title='bbox 2414 3893 2722 3963; x_wconf 88' lang='grc' dir='ltr'>τηνικαῦτα</span> <span class='ocrx_word' id='word_1_619' title='bbox 2756 3895 2925 3963; x_wconf 70' lang='grc' dir='ltr'>χωρὶς</span> <span class='ocrx_word' id='word_1_620' title='bbox 2953 3895 3136 3949; x_wconf 87' lang='grc' dir='ltr'>ὅπλων</span> <span class='ocrx_word' id='word_1_621' title='bbox 3165 3895 3265 3966; x_wconf 82' lang='grc' dir='ltr'>τὴν</span> <span class='ocrx_word' id='word_1_622' title='bbox 3297 3896 3513 3967; x_wconf 84' lang='grc' dir='ltr'>Ὶεριχὼ</span> <span class='ocrx_word' id='word_1_623' title='bbox 3555 3899 3989 3968; x_wconf 83' lang='grc' dir='ltr'>κεκρατήκασιν·</span> 
     </span>
    </p>
   </div>
   <div class='ocr_carea' id='block_1_83' title="bbox 2415 3979 3993 4057">
    <p class='ocr_par' dir='ltr' id='par_1_83' title="bbox 2415 3979 3993 4057">
     <span class='ocr_line' id='line_1_83' title="bbox 2415 3979 3993 4057; baseline 0.001 -20"><span class='ocrx_word' id='word_1_624' title='bbox 2415 3986 2502 4053; x_wconf 73' lang='grc' dir='ltr'><strong>ἐφ’</strong></span> <span class='ocrx_word' id='word_1_625' title='bbox 2532 3979 2575 4052; x_wconf 83' lang='grc' dir='ltr'>ᾦ</span> <span class='ocrx_word' id='word_1_626' title='bbox 2634 3986 2732 4039; x_wconf 74' lang='grc' dir='ltr'>καὶ</span> <span class='ocrx_word' id='word_1_627' title='bbox 2784 3985 3200 4057; x_wconf 83' lang='grc' dir='ltr'>ἀναθεμάτισαν</span> <span class='ocrx_word' id='word_1_628' title='bbox 3252 3988 3444 4057; x_wconf 74' lang='grc' dir='ltr'>αὐτὴν,</span> <span class='ocrx_word' id='word_1_629' title='bbox 3494 3988 3741 4041; x_wconf 87' lang='grc' dir='ltr'>τουτέστι</span> <span class='ocrx_word' id='word_1_630' title='bbox 3773 3990 3852 4052; x_wconf 84' lang='grc' dir='ltr'>τῷ</span> <span class='ocrx_word' id='word_1_631' title='bbox 3874 3990 3993 4056; x_wconf 84' lang='grc' dir='ltr'>Θεῷ</span> 
     </span>
    </p>
   </div>
   <div class='ocr_carea' id='block_1_84' title="bbox 2416 4078 3993 4151">
    <p class='ocr_par' dir='ltr' id='par_1_84' title="bbox 2416 4078 3993 4151">
     <span class='ocr_line' id='line_1_84' title="bbox 2416 4078 3993 4151; baseline 0.001 -19"><span class='ocrx_word' id='word_1_632' title='bbox 2416 4078 2755 4149; x_wconf 83' lang='grc' dir='ltr'>ἁιριέρωσαν.</span> <span class='ocrx_word' id='word_1_633' title='bbox 2809 4080 2989 4151; x_wconf 84' lang='grc' dir='ltr'>Ἀχαρ</span> <span class='ocrx_word' id='word_1_634' title='bbox 3056 4082 3245 4134; x_wconf 82' lang='grc' dir='ltr'>λοιπὸν</span> <span class='ocrx_word' id='word_1_635' title='bbox 3305 4083 3333 4133; x_wconf 88' lang='lat'><strong>6</strong></span> <span class='ocrx_word' id='word_1_636' title='bbox 3382 4081 3477 4134; x_wconf 92' lang='grc' dir='ltr'><strong>τοῦ</strong></span> <span class='ocrx_word' id='word_1_637' title='bbox 3507 4082 3713 4151; x_wconf 85' lang='grc' dir='ltr'>Χαρμῆ</span> <span class='ocrx_word' id='word_1_638' title='bbox 3751 4081 3864 4134; x_wconf 77' lang='grc' dir='ltr'><strong>ἀπὸ</strong></span> <span class='ocrx_word' id='word_1_639' title='bbox 3888 4083 3993 4133; x_wconf 81' lang='grc' dir='ltr'>τῶν</span> 
     </span>
    </p>
   </div>
   <div class='ocr_carea' id='block_1_85' title="bbox 2416 4171 3993 4244">
    <p class='ocr_par' dir='ltr' id='par_1_85' title="bbox 2416 4171 3993 4244">
     <span class='ocr_line' id='line_1_85' title="bbox 2416 4171 3993 4244; baseline 0 -20"><span class='ocrx_word' id='word_1_640' title='bbox 2416 4171 2961 4240; x_wconf 81' lang='grc' dir='ltr'>ἀναθεματισθέντων</span> <span class='ocrx_word' id='word_1_641' title='bbox 2985 4172 3065 4243; x_wconf 83' lang='grc' dir='ltr'><strong>τῷ</strong></span> <span class='ocrx_word' id='word_1_642' title='bbox 3096 4174 3290 4244; x_wconf 83' lang='grc' dir='ltr'>Κυρίῳ</span> <span class='ocrx_word' id='word_1_643' title='bbox 3326 4174 3520 4243; x_wconf 83' lang='grc' dir='ltr'>στολήν</span> <span class='ocrx_word' id='word_1_644' title='bbox 3540 4191 3663 4228; x_wconf 86' lang='grc' dir='ltr'>τινα</span> <span class='ocrx_word' id='word_1_645' title='bbox 3687 4175 3783 4226; x_wconf 76' lang='grc' dir='ltr'>καὶ</span> <span class='ocrx_word' id='word_1_646' title='bbox 3817 4174 3993 4242; x_wconf 75' lang='grc' dir='ltr'>μᾶζαν</span> 
     </span>
    </p>
   </div>
   <div class='ocr_carea' id='block_1_86' title="bbox 2416 4264 3987 4336">
    <p class='ocr_par' dir='ltr' id='par_1_86' title="bbox 2416 4264 3987 4336">
     <span class='ocr_line' id='line_1_86' title="bbox 2416 4264 3987 4336; baseline 0.002 -21"><span class='ocrx_word' id='word_1_647' title='bbox 2416 4264 2628 4333; x_wconf 82' lang='grc' dir='ltr'>χρυσῆν</span> <span class='ocrx_word' id='word_1_648' title='bbox 2678 4266 3033 4334; x_wconf 82' lang='grc' dir='ltr'>ἁποσυλήσας</span> <span class='ocrx_word' id='word_1_649' title='bbox 3084 4267 3179 4318; x_wconf 81' lang='grc' dir='ltr'>τὸν</span> <span class='ocrx_word' id='word_1_650' title='bbox 3223 4266 3359 4319; x_wconf 85' lang='grc' dir='ltr'>Θεὸν</span> <span class='ocrx_word' id='word_1_651' title='bbox 3412 4265 3494 4328; x_wconf 83' lang='grc' dir='ltr'><strong>είς</strong></span> <span class='ocrx_word' id='word_1_652' title='bbox 3533 4266 3705 4336; x_wconf 78' lang='grc' dir='ltr'>ὀργὴν</span> <span class='ocrx_word' id='word_1_653' title='bbox 3761 4265 3987 4336; x_wconf 73' lang='grc' dir='ltr'>ἧτειρε·</span> 
     </span>
    </p>
   </div>
   <div class='ocr_carea' id='block_1_87' title="bbox 2415 4356 3992 4427">
    <p class='ocr_par' dir='ltr' id='par_1_87' title="bbox 2415 4356 3992 4427">
     <span class='ocr_line' id='line_1_87' title="bbox 2415 4356 3992 4427; baseline 0.001 -18"><span class='ocrx_word' id='word_1_654' title='bbox 2415 4356 2629 4427; x_wconf 72' lang='grc' dir='ltr'>δεηθεὶς</span> <span class='ocrx_word' id='word_1_655' title='bbox 2650 4357 2741 4411; x_wconf 78' lang='grc' dir='ltr'>οὖν</span> <span class='ocrx_word' id='word_1_656' title='bbox 2766 4358 2794 4410; x_wconf 91' lang='lat'><strong>6</strong></span> <span class='ocrx_word' id='word_1_657' title='bbox 2833 4358 3043 4426; x_wconf 84' lang='grc' dir='ltr'>Ἰησοῦς</span> <span class='ocrx_word' id='word_1_658' title='bbox 3076 4358 3172 4411; x_wconf 87' lang='grc' dir='ltr'><strong>τοῦ</strong></span> <span class='ocrx_word' id='word_1_659' title='bbox 3205 4358 3368 4422; x_wconf 72' lang='grc' dir='ltr'>Θεοῦ,</span> <span class='ocrx_word' id='word_1_660' title='bbox 3400 4360 3494 4411; x_wconf 74' lang='grc' dir='ltr'>καὶ</span> <span class='ocrx_word' id='word_1_661' title='bbox 3526 4358 3719 4425; x_wconf 87' lang='grc' dir='ltr'>μαθὼν</span> <span class='ocrx_word' id='word_1_662' title='bbox 3753 4359 3851 4411; x_wconf 79' lang='grc' dir='ltr'>τὸν</span> <span class='ocrx_word' id='word_1_663' title='bbox 3895 4358 3992 4425; x_wconf 81' lang='grc' dir='ltr'>τῆς</span> 
     </span>
    </p>
   </div>
   <div class='ocr_carea' id='block_1_88' title="bbox 2416 4444 3994 4521">
    <p class='ocr_par' dir='ltr' id='par_1_88' title="bbox 2416 4444 3994 4521">
     <span class='ocr_line' id='line_1_88' title="bbox 2416 4444 3994 4521; baseline -0.001 -19"><span class='ocrx_word' id='word_1_664' title='bbox 2416 4451 2589 4521; x_wconf 86' lang='grc' dir='ltr'>ὀργῆς</span> <span class='ocrx_word' id='word_1_665' title='bbox 2612 4449 2810 4513; x_wconf 83' lang='grc' dir='ltr'>αἴτιον,</span> <span class='ocrx_word' id='word_1_666' title='bbox 2858 4450 3030 4509; x_wconf 77' lang='grc' dir='ltr'>λίθοις</span> <span class='ocrx_word' id='word_1_667' title='bbox 3054 4450 3219 4503; x_wconf 80' lang='grc' dir='ltr'>αὐτὸν</span> <span class='ocrx_word' id='word_1_668' title='bbox 3255 4444 3482 4503; x_wconf 71' lang='grc' dir='ltr'>πανοικὶ</span> <span class='ocrx_word' id='word_1_669' title='bbox 3521 4452 3868 4519; x_wconf 83' lang='grc' dir='ltr'>κατέχωσαν.</span> <span class='ocrx_word' id='word_1_670' title='bbox 3905 4451 3994 4502; x_wconf 81' lang='grc' dir='ltr'>Ἕν</span> 
     </span>
    </p>
   </div>
   <div class='ocr_carea' id='block_1_89' title="bbox 742 4540 2315 4620">
    <p class='ocr_par' dir='ltr' id='par_1_89' title="bbox 742 4543 2304 4613">
     <span class='ocr_line' id='line_1_89' title="bbox 742 4543 2304 4613; baseline 0 -16"><span class='ocrx_word' id='word_1_671' title='bbox 742 4546 1051 4599; x_wconf 68' lang='lat' dir='ltr'><strong>clanculum</strong></span> <span class='ocrx_word' id='word_1_672' title='bbox 1097 4552 1368 4613; x_wconf 84' lang='lat' dir='ltr'><strong>surrepta,</strong></span> <span class='ocrx_word' id='word_1_673' title='bbox 1425 4545 1593 4597; x_wconf 89' lang='lat' dir='ltr'><strong>Deum</strong></span> <span class='ocrx_word' id='word_1_674' title='bbox 1646 4544 1713 4598; x_wconf 85' lang='lat' dir='ltr'><strong>ad</strong></span> <span class='ocrx_word' id='word_1_675' title='bbox 1770 4543 1904 4597; x_wconf 87' lang='lat' dir='ltr'><strong>iram</strong></span> <span class='ocrx_word' id='word_1_676' title='bbox 1963 4543 2304 4612; x_wconf 77' lang='lat' dir='ltr'><strong>provocavit.</strong></span> 
     </span>
    </p>
   </div>
   <div class='ocr_carea' id='block_1_90' title="bbox 2415 4540 3991 4620">
    <p class='ocr_par' dir='ltr' id='par_1_90' title="bbox 2415 4540 3991 4612">
     <span class='ocr_line' id='line_1_90' title="bbox 2415 4540 3991 4612; baseline -0.002 -16"><span class='ocrx_word' id='word_1_677' title='bbox 2415 4543 2590 4612; x_wconf 76' lang='grc' dir='ltr'>τούτῳ</span> <span class='ocrx_word' id='word_1_678' title='bbox 2619 4544 2674 4595; x_wconf 84' lang='grc' dir='ltr'><strong>δὲ</strong></span> <span class='ocrx_word' id='word_1_679' title='bbox 2706 4543 2784 4612; x_wconf 86' lang='grc' dir='ltr'>τῷ</span> <span class='ocrx_word' id='word_1_680' title='bbox 2806 4540 2944 4595; x_wconf 69' lang='grc' dir='ltr'>κατὰ</span> <span class='ocrx_word' id='word_1_681' title='bbox 2969 4543 3070 4610; x_wconf 84' lang='grc' dir='ltr'>τῆς</span> <span class='ocrx_word' id='word_1_682' title='bbox 3111 4540 3325 4612; x_wconf 90' lang='grc' dir='ltr'>Ὶεριχὼ</span> <span class='ocrx_word' id='word_1_683' title='bbox 3362 4541 3587 4611; x_wconf 82' lang='grc' dir='ltr'>πολέμῳ</span> <span class='ocrx_word' id='word_1_684' title='bbox 3623 4541 3802 4610; x_wconf 74' lang='grc' dir='ltr'>ἀρχὴν</span> <span class='ocrx_word' id='word_1_685' title='bbox 3834 4542 3991 4594; x_wconf 77' lang='grc' dir='ltr'>ἔλαϐε</span> 
     </span>
    </p>
   </div>
   <div class='ocr_carea' id='block_1_91' title="bbox 740 4635 2311 4707">
    <p class='ocr_par' dir='ltr' id='par_1_91' title="bbox 740 4635 2311 4707">
     <span class='ocr_line' id='line_1_91' title="bbox 740 4635 2311 4707; baseline -0.001 -19"><span class='ocrx_word' id='word_1_686' title='bbox 740 4640 1083 4707; x_wconf 77' lang='lat' dir='ltr'><strong>Quapropter</strong></span> <span class='ocrx_word' id='word_1_687' title='bbox 1138 4636 1296 4691; x_wconf 82' lang='lat' dir='ltr'><strong>Jesus</strong></span> <span class='ocrx_word' id='word_1_688' title='bbox 1350 4635 1514 4689; x_wconf 87' lang='lat' dir='ltr'><strong>Deum</strong></span> <span class='ocrx_word' id='word_1_689' title='bbox 1561 4644 1836 4704; x_wconf 83' lang='lat' dir='ltr'><strong>precatus,</strong></span> <span class='ocrx_word' id='word_1_690' title='bbox 1886 4635 2091 4705; x_wconf 70' lang='lat' dir='ltr'><strong>ineque</strong></span> <span class='ocrx_word' id='word_1_691' title='bbox 2141 4648 2311 4690; x_wconf 84' lang='lat' dir='ltr'><strong>causa</strong></span> 
     </span>
    </p>
   </div>
   <div class='ocr_carea' id='block_1_92' title="bbox 739 4726 2313 4797">
    <p class='ocr_par' dir='ltr' id='par_1_92' title="bbox 739 4726 2313 4797">
     <span class='ocr_line' id='line_1_92' title="bbox 739 4726 2313 4797; baseline -0.001 -16"><span class='ocrx_word' id='word_1_692' title='bbox 739 4731 979 4797; x_wconf 71' lang='lat' dir='ltr'><strong>cogitita,</strong></span> <span class='ocrx_word' id='word_1_693' title='bbox 1033 4728 1304 4797; x_wconf 84' lang='lat' dir='ltr'><strong>lapidibus</strong></span> <span class='ocrx_word' id='word_1_694' title='bbox 1345 4728 1623 4781; x_wconf 82' lang='lat' dir='ltr'><strong>hominem</strong></span> <span class='ocrx_word' id='word_1_695' title='bbox 1678 4730 1933 4780; x_wconf 75' lang='lat' dir='ltr'><strong>universa</strong></span> <span class='ocrx_word' id='word_1_696' title='bbox 1987 4741 2110 4781; x_wconf 90' lang='lat' dir='ltr'><strong>cum</strong></span> <span class='ocrx_word' id='word_1_697' title='bbox 2150 4726 2313 4781; x_wconf 83' lang='lat' dir='ltr'><strong>do‘mo</strong></span> 
     </span>
    </p>
   </div>
   <div class='ocr_carea' id='block_1_93' title="bbox 740 4816 2316 4887">
    <p class='ocr_par' dir='ltr' id='par_1_93' title="bbox 740 4816 2316 4887">
     <span class='ocr_line' id='line_1_93' title="bbox 740 4816 2316 4887; baseline -0.002 -14"><span class='ocrx_word' id='word_1_698' title='bbox 740 4821 948 4875; x_wconf 71' lang='lat' dir='ltr'><strong>obruit.</strong></span> <span class='ocrx_word' id='word_1_699' title='bbox 1014 4818 1070 4871; x_wconf 92' lang='lat' dir='ltr'><strong>In</strong></span> <span class='ocrx_word' id='word_1_700' title='bbox 1116 4820 1219 4872; x_wconf 84' lang='lat' dir='ltr'><strong>hac</strong></span> <span class='ocrx_word' id='word_1_701' title='bbox 1246 4816 1584 4872; x_wconf 78' lang='lat' dir='ltr'><strong>Jerichuntis</strong></span> <span class='ocrx_word' id='word_1_702' title='bbox 1609 4817 1892 4872; x_wconf 88' lang='lat' dir='ltr'><strong>obsidione</strong></span> <span class='ocrx_word' id='word_1_703' title='bbox 1924 4818 2162 4887; x_wconf 89' lang='lat' dir='ltr'><strong>primum</strong></span> <span class='ocrx_word' id='word_1_704' title='bbox 2199 4832 2316 4871; x_wconf 92' lang='lat' dir='ltr'><strong>om-</strong></span> 
     </span>
    </p>
   </div>
   <div class='ocr_carea' id='block_1_94' title="bbox 741 4908 2310 4978">
    <p class='ocr_par' dir='ltr' id='par_1_94' title="bbox 741 4908 2310 4978">
     <span class='ocr_line' id='line_1_94' title="bbox 741 4908 2310 4978; baseline -0.003 -13"><span class='ocrx_word' id='word_1_705' title='bbox 741 4914 894 4966; x_wconf 88' lang='lat' dir='ltr'><strong>nium</strong></span> <span class='ocrx_word' id='word_1_706' title='bbox 925 4910 1118 4965; x_wconf 69' lang='lat' dir='ltr'><strong>violari</strong></span> <span class='ocrx_word' id='word_1_707' title='bbox 1165 4909 1461 4963; x_wconf 84' lang='lat' dir='ltr'><strong>Sabhatum</strong></span> <span class='ocrx_word' id='word_1_708' title='bbox 1495 4909 1700 4978; x_wconf 58' lang='lat' dir='ltr'><strong>carpit;</strong></span> <span class='ocrx_word' id='word_1_709' title='bbox 1753 4908 1871 4963; x_wconf 89' lang='lat' dir='ltr'><strong>dies</strong></span> <span class='ocrx_word' id='word_1_710' title='bbox 1909 4908 2055 4962; x_wconf 87' lang='lat' dir='ltr'><strong>enim</strong></span> <span class='ocrx_word' id='word_1_711' title='bbox 2102 4917 2310 4978; x_wconf 86' lang='lat' dir='ltr'><strong>septem</strong></span> 
     </span>
    </p>
   </div>
   <div class='ocr_carea' id='block_1_95' title="bbox 738 4995 2308 5073">
    <p class='ocr_par' dir='ltr' id='par_1_95' title="bbox 738 4995 2308 5073">
     <span class='ocr_line' id='line_1_95' title="bbox 738 4995 2308 5073; baseline -0.001 -16"><span class='ocrx_word' id='word_1_712' title='bbox 738 5003 998 5073; x_wconf 77' lang='lat' dir='ltr'><strong>oppidum</strong></span> <span class='ocrx_word' id='word_1_713' title='bbox 1026 5017 1151 5056; x_wconf 91' lang='lat' dir='ltr'><strong>cum</strong></span> <span class='ocrx_word' id='word_1_714' title='bbox 1192 5001 1335 5056; x_wconf 90' lang='lat' dir='ltr'><strong>tubis</strong></span> <span class='ocrx_word' id='word_1_715' title='bbox 1366 4995 1659 5055; x_wconf 55' lang='lat' dir='ltr'><strong>cinxerunt</strong></span> <span class='ocrx_word' id='word_1_716' title='bbox 1690 5011 1853 5071; x_wconf 87' lang='lat' dir='ltr'><strong>atque</strong></span> <span class='ocrx_word' id='word_1_717' title='bbox 1881 5001 2308 5065; x_wconf 83' lang='lat' dir='ltr'><strong>circumierunt,</strong></span> 
     </span>
    </p>
   </div>
   <div class='ocr_carea' id='block_1_96' title="bbox 737 5094 2309 5165">
    <p class='ocr_par' dir='ltr' id='par_1_96' title="bbox 737 5094 2309 5165">
     <span class='ocr_line' id='line_1_96' title="bbox 737 5094 2309 5165; baseline -0.002 -16"><span class='ocrx_word' id='word_1_718' title='bbox 737 5112 845 5165; x_wconf 83' lang='lat' dir='ltr'><strong>quo</strong></span> <span class='ocrx_word' id='word_1_719' title='bbox 877 5096 1085 5150; x_wconf 89' lang='lat' dir='ltr'><strong>dierum</strong></span> <span class='ocrx_word' id='word_1_720' title='bbox 1134 5109 1362 5148; x_wconf 89' lang='lat' dir='ltr'><strong>numero</strong></span> <span class='ocrx_word' id='word_1_721' title='bbox 1396 5094 1695 5148; x_wconf 83' lang='lat' dir='ltr'><strong>Sabhatum</strong></span> <span class='ocrx_word' id='word_1_722' title='bbox 1731 5108 1949 5163; x_wconf 88' lang='lat' dir='ltr'><strong>quoque</strong></span> <span class='ocrx_word' id='word_1_723' title='bbox 1996 5094 2309 5147; x_wconf 80' lang='lat' dir='ltr'><strong>necessario</strong></span> 
     </span>
    </p>
   </div>
   <div class='ocr_carea' id='block_1_97' title="bbox 736 5186 2310 5257">
    <p class='ocr_par' dir='ltr' id='par_1_97' title="bbox 736 5186 2310 5257">
     <span class='ocr_line' id='line_1_97' title="bbox 736 5186 2310 5257; baseline 0 -17"><span class='ocrx_word' id='word_1_724' title='bbox 736 5186 1245 5257; x_wconf 80' lang='lat' dir='ltr'><strong>comprehenditur.</strong></span> <span class='ocrx_word' id='word_1_725' title='bbox 1305 5186 1508 5240; x_wconf 83' lang='lat' dir='ltr'><strong>Eodem</strong></span> <span class='ocrx_word' id='word_1_726' title='bbox 1550 5186 1701 5250; x_wconf 83' lang='lat' dir='ltr'><strong>Jesu,</strong></span> <span class='ocrx_word' id='word_1_727' title='bbox 1751 5187 2209 5257; x_wconf 86' lang='lat' dir='ltr'><strong>quemadmodum</strong></span> <span class='ocrx_word' id='word_1_728' title='bbox 2253 5200 2310 5241; x_wconf 89' lang='lat' dir='ltr'><strong>et</strong></span> 
     </span>
    </p>
   </div>
   <div class='ocr_carea' id='block_1_98' title="bbox 737 5279 2311 5350">
    <p class='ocr_par' dir='ltr' id='par_1_98' title="bbox 737 5279 2311 5350">
     <span class='ocr_line' id='line_1_98' title="bbox 737 5279 2311 5350; baseline -0.004 -14"><span class='ocrx_word' id='word_1_729' title='bbox 737 5296 900 5350; x_wconf 84' lang='lat' dir='ltr'><strong>supra</strong></span> <span class='ocrx_word' id='word_1_730' title='bbox 934 5279 1302 5343; x_wconf 83' lang='lat' dir='ltr'><strong>memininnts,</strong></span> <span class='ocrx_word' id='word_1_731' title='bbox 1329 5289 1518 5332; x_wconf 88' lang='lat' dir='ltr'><strong>contra</strong></span> <span class='ocrx_word' id='word_1_732' title='bbox 1543 5279 1785 5348; x_wconf 85' lang='lat' dir='ltr'><strong>quinque</strong></span> <span class='ocrx_word' id='word_1_733' title='bbox 1820 5293 1974 5349; x_wconf 78' lang='lat' dir='ltr'><strong>reges</strong></span> <span class='ocrx_word' id='word_1_734' title='bbox 2004 5279 2311 5349; x_wconf 57' lang='lat' dir='ltr'><strong>preeliante,</strong></span> 
     </span>
    </p>
   </div>
   <div class='ocr_carea' id='block_1_99' title="bbox 737 5369 2314 5438">
    <p class='ocr_par' dir='ltr' id='par_1_99' title="bbox 737 5369 2314 5438">
     <span class='ocr_line' id='line_1_99' title="bbox 737 5369 2314 5438; baseline -0.001 -12"><span class='ocrx_word' id='word_1_735' title='bbox 737 5373 816 5426; x_wconf 63' lang='lat' dir='ltr'><strong>sol</strong></span> <span class='ocrx_word' id='word_1_736' title='bbox 847 5372 900 5426; x_wconf 88' lang='lat' dir='ltr'><strong>itt</strong></span> <span class='ocrx_word' id='word_1_737' title='bbox 936 5370 1114 5425; x_wconf 90' lang='lat' dir='ltr'><strong>medio</strong></span> <span class='ocrx_word' id='word_1_738' title='bbox 1140 5371 1281 5425; x_wconf 64' lang='lat' dir='ltr'><strong>caelo</strong></span> <span class='ocrx_word' id='word_1_739' title='bbox 1309 5369 1507 5423; x_wconf 65' lang='lat' dir='ltr'><strong>restitit</strong></span> <span class='ocrx_word' id='word_1_740' title='bbox 1542 5385 1642 5423; x_wconf 92' lang='lat' dir='ltr'><strong>nec</strong></span> <span class='ocrx_word' id='word_1_741' title='bbox 1674 5370 1739 5423; x_wconf 89' lang='lat' dir='ltr'><strong>ad</strong></span> <span class='ocrx_word' id='word_1_742' title='bbox 1774 5384 2026 5424; x_wconf 86' lang='lat' dir='ltr'><strong>occasum</strong></span> <span class='ocrx_word' id='word_1_743' title='bbox 2057 5385 2314 5438; x_wconf 79' lang='lat' dir='ltr'><strong>progres-</strong></span> 
     </span>
    </p>
   </div>
   <div class='ocr_carea' id='block_1_100' title="bbox 739 5462 2313 5533">
    <p class='ocr_par' dir='ltr' id='par_1_100' title="bbox 739 5462 2313 5533">
     <span class='ocr_line' id='line_1_100' title="bbox 739 5462 2313 5533; baseline 0.001 -20"><span class='ocrx_word' id='word_1_744' title='bbox 739 5480 831 5518; x_wconf 67' lang='lat' dir='ltr'><strong>sus</strong></span> <span class='ocrx_word' id='word_1_745' title='bbox 860 5473 947 5518; x_wconf 87' lang='lat' dir='ltr'><strong>est</strong></span> <span class='ocrx_word' id='word_1_746' title='bbox 973 5464 1133 5516; x_wconf 88' lang='lat' dir='ltr'><strong>unius</strong></span> <span class='ocrx_word' id='word_1_747' title='bbox 1158 5463 1355 5533; x_wconf 75' lang='lat' dir='ltr'><strong>integri</strong></span> <span class='ocrx_word' id='word_1_748' title='bbox 1385 5462 1491 5516; x_wconf 90' lang='lat' dir='ltr'><strong>dici</strong></span> <span class='ocrx_word' id='word_1_749' title='bbox 1519 5464 1720 5532; x_wconf 81' lang='lat' dir='ltr'><strong>Sp:lli0.</strong></span> <span class='ocrx_word' id='word_1_750' title='bbox 1743 5463 1807 5515; x_wconf 77' lang='lat' dir='ltr'><strong>Et</strong></span> <span class='ocrx_word' id='word_1_751' title='bbox 1836 5471 2105 5531; x_wconf 86' lang='lat' dir='ltr'><strong>ceperunt</strong></span> <span class='ocrx_word' id='word_1_752' title='bbox 2138 5463 2313 5515; x_wconf 86' lang='lat' dir='ltr'><strong>Israe-</strong></span> 
     </span>
    </p>
   </div>
   <div class='ocr_carea' id='block_1_101' title="bbox 738 5554 2308 5623">
    <p class='ocr_par' dir='ltr' id='par_1_101' title="bbox 738 5554 2308 5623">
     <span class='ocr_line' id='line_1_101' title="bbox 738 5554 2308 5623; baseline -0.003 -12"><span class='ocrx_word' id='word_1_753' title='bbox 738 5556 830 5611; x_wconf 81' lang='lat' dir='ltr'><strong>liri</strong></span> <span class='ocrx_word' id='word_1_754' title='bbox 885 5556 1026 5609; x_wconf 82' lang='lat' dir='ltr'><strong>bello</strong></span> <span class='ocrx_word' id='word_1_755' title='bbox 1055 5566 1283 5610; x_wconf 88' lang='lat' dir='ltr'><strong>cunctas</strong></span> <span class='ocrx_word' id='word_1_756' title='bbox 1310 5555 1744 5612; x_wconf 74' lang='lat' dir='ltr'><strong>Chanameorutn</strong></span> <span class='ocrx_word' id='word_1_757' title='bbox 1779 5554 2020 5609; x_wconf 89' lang='lat' dir='ltr'><strong>ditioncs</strong></span> <span class='ocrx_word' id='word_1_758' title='bbox 2070 5564 2124 5608; x_wconf 91' lang='lat' dir='ltr'><strong>et</strong></span> <span class='ocrx_word' id='word_1_759' title='bbox 2151 5570 2308 5623; x_wconf 82' lang='lat' dir='ltr'><strong>Opes,</strong></span> 
     </span>
    </p>
   </div>
   <div class='ocr_carea' id='block_1_102' title="bbox 739 5647 2314 5719">
    <p class='ocr_par' dir='ltr' id='par_1_102' title="bbox 739 5647 2314 5719">
     <span class='ocr_line' id='line_1_102' title="bbox 739 5647 2314 5719; baseline -0.001 -15"><span class='ocrx_word' id='word_1_760' title='bbox 739 5651 973 5704; x_wconf 80' lang='lat' dir='ltr'><strong>Donnuo</strong></span> <span class='ocrx_word' id='word_1_761' title='bbox 999 5648 1134 5718; x_wconf 90' lang='lat' dir='ltr'><strong>ipsis</strong></span> <span class='ocrx_word' id='word_1_762' title='bbox 1165 5647 1449 5719; x_wconf 81' lang='lat' dir='ltr'><strong>snppetias</strong></span> <span class='ocrx_word' id='word_1_763' title='bbox 1478 5647 1713 5705; x_wconf 80' lang='lat' dir='ltr'><strong>ferente.</strong></span> <span class='ocrx_word' id='word_1_764' title='bbox 1778 5647 2051 5704; x_wconf 81' lang='lat' dir='ltr'><strong>Cltalehus</strong></span> <span class='ocrx_word' id='word_1_765' title='bbox 2091 5662 2314 5717; x_wconf 83' lang='lat' dir='ltr'><strong>quoque</strong></span> 
     </span>
    </p>
   </div>
   <div class='ocr_carea' id='block_1_103' title="bbox 808 5827 1200 5894">
    <p class='ocr_par' dir='ltr' id='par_1_103' title="bbox 808 5827 1200 5894">
     <span class='ocr_line' id='line_1_103' title="bbox 808 5827 1200 5894; baseline -0.008 -10"><span class='ocrx_word' id='word_1_766' title='bbox 808 5828 851 5861; x_wconf 78' lang='grc'><strong>⁷⁸</strong></span> <span class='ocrx_word' id='word_1_767' title='bbox 885 5827 1049 5885; x_wconf 77' lang='lat' dir='ltr'><strong>Josue</strong></span> <span class='ocrx_word' id='word_1_768' title='bbox 1082 5830 1200 5894; x_wconf 65' lang='lat'><strong>1,9.</strong></span> 
     </span>
    </p>
   </div>
   <div class='ocr_carea' id='block_1_104' title="bbox 2417 4634 3990 4705">
    <p class='ocr_par' dir='ltr' id='par_1_104' title="bbox 2417 4634 3990 4705">
     <span class='ocr_line' id='line_1_104' title="bbox 2417 4634 3990 4705; baseline -0.003 -16"><span class='ocrx_word' id='word_1_769' title='bbox 2417 4635 2781 4690; x_wconf 82' lang='grc' dir='ltr'>καταλύεσθαι</span> <span class='ocrx_word' id='word_1_770' title='bbox 2813 4636 2875 4688; x_wconf 78' lang='grc' dir='ltr'><strong>τὸ</strong></span> <span class='ocrx_word' id='word_1_771' title='bbox 2903 4634 3183 4689; x_wconf 79' lang='grc' dir='ltr'>Σάϐϐατον</span> <span class='ocrx_word' id='word_1_772' title='bbox 3203 4651 3216 4665; x_wconf 92' lang='grc'><strong>·</strong></span> <span class='ocrx_word' id='word_1_773' title='bbox 3256 4635 3400 4687; x_wconf 75' lang='grc' dir='ltr'>ἑπτὰ</span> <span class='ocrx_word' id='word_1_774' title='bbox 3430 4634 3539 4705; x_wconf 75' lang='grc' dir='ltr'>γὰρ</span> <span class='ocrx_word' id='word_1_775' title='bbox 3573 4635 3789 4705; x_wconf 79' lang='grc' dir='ltr'>ἡμέρας</span> <span class='ocrx_word' id='word_1_776' title='bbox 3819 4636 3990 4701; x_wconf 69' lang='grc' dir='ltr'>αὐτὴν</span> 
     </span>
    </p>
   </div>
   <div class='ocr_carea' id='block_1_105' title="bbox 2418 4721 3993 4798">
    <p class='ocr_par' dir='ltr' id='par_1_105' title="bbox 2418 4721 3993 4798">
     <span class='ocr_line' id='line_1_105' title="bbox 2418 4721 3993 4798; baseline -0.002 -17"><span class='ocrx_word' id='word_1_777' title='bbox 2418 4730 2560 4798; x_wconf 76' lang='grc' dir='ltr'>μετὰ</span> <span class='ocrx_word' id='word_1_778' title='bbox 2587 4729 2906 4796; x_wconf 83' lang='grc' dir='ltr'>σαλπίγγων</span> <span class='ocrx_word' id='word_1_779' title='bbox 2928 4728 3407 4797; x_wconf 85' lang='grc' dir='ltr'>περιεκύκλωσαν,</span> <span class='ocrx_word' id='word_1_780' title='bbox 3438 4726 3495 4778; x_wconf 83' lang='grc' dir='ltr'>ὲν</span> <span class='ocrx_word' id='word_1_781' title='bbox 3525 4721 3615 4789; x_wconf 75' lang='grc' dir='ltr'><strong>αἷς</strong></span> <span class='ocrx_word' id='word_1_782' title='bbox 3643 4729 3735 4779; x_wconf 78' lang='grc' dir='ltr'>καὶ</span> <span class='ocrx_word' id='word_1_783' title='bbox 3768 4728 3834 4779; x_wconf 72' lang='grc' dir='ltr'><strong>τὺ</strong></span> <span class='ocrx_word' id='word_1_784' title='bbox 3857 4728 3993 4780; x_wconf 74' lang='grc' dir='ltr'>Σάϐο</span> 
     </span>
    </p>
   </div>
   <div class='ocr_carea' id='block_1_106' title="bbox 2417 4817 3992 4887">
    <p class='ocr_par' dir='ltr' id='par_1_106' title="bbox 2417 4817 3992 4887">
     <span class='ocr_line' id='line_1_106' title="bbox 2417 4817 3992 4887; baseline 0.001 -17"><span class='ocrx_word' id='word_1_785' title='bbox 2417 4817 2583 4871; x_wconf 88' lang='grc' dir='ltr'>ϐατον</span> <span class='ocrx_word' id='word_1_786' title='bbox 2615 4818 2673 4883; x_wconf 82' lang='grc' dir='ltr'><strong>ἐξ</strong></span> <span class='ocrx_word' id='word_1_787' title='bbox 2702 4818 2952 4886; x_wconf 79' lang='grc' dir='ltr'>ἀνάγκης</span> <span class='ocrx_word' id='word_1_788' title='bbox 2977 4836 3040 4869; x_wconf 92' lang='grc' dir='ltr'><strong>συ</strong></span> <span class='ocrx_word' id='word_1_789' title='bbox 3050 4818 3503 4887; x_wconf 76' lang='grc' dir='ltr'>μπεριείληπται.</span> <span class='ocrx_word' id='word_1_790' title='bbox 3535 4818 3701 4870; x_wconf 73' lang='grc' dir='ltr'>Ἀλλὰ</span> <span class='ocrx_word' id='word_1_791' title='bbox 3729 4820 3828 4871; x_wconf 73' lang='grc' dir='ltr'>καὶ</span> <span class='ocrx_word' id='word_1_792' title='bbox 3856 4820 3992 4887; x_wconf 70' lang='grc' dir='ltr'>μετὰ</span> 
     </span>
    </p>
   </div>
   <div class='ocr_carea' id='block_1_107' title="bbox 2421 4909 3997 4981">
    <p class='ocr_par' dir='ltr' id='par_1_107' title="bbox 2421 4909 3997 4981">
     <span class='ocr_line' id='line_1_107' title="bbox 2421 4909 3997 4981; baseline -0.004 -13"><span class='ocrx_word' id='word_1_793' title='bbox 2421 4914 2584 4968; x_wconf 77' lang='grc' dir='ltr'>πέντε</span> <span class='ocrx_word' id='word_1_794' title='bbox 2611 4911 2899 4981; x_wconf 85' lang='grc' dir='ltr'>βασιλέων,</span> <span class='ocrx_word' id='word_1_795' title='bbox 2927 4911 3003 4972; x_wconf 86' lang='grc' dir='ltr'>ὡς</span> <span class='ocrx_word' id='word_1_796' title='bbox 3034 4910 3243 4964; x_wconf 81' lang='grc' dir='ltr'>ἄνωθεν</span> <span class='ocrx_word' id='word_1_797' title='bbox 3268 4909 3510 4980; x_wconf 78' lang='grc' dir='ltr'>εἴρηται,</span> <span class='ocrx_word' id='word_1_798' title='bbox 3535 4910 3632 4962; x_wconf 73' lang='grc' dir='ltr'><strong>τοῦ</strong></span> <span class='ocrx_word' id='word_1_799' title='bbox 3677 4909 3860 4978; x_wconf 85' lang='grc' dir='ltr'>Ἰησοῦ</span> <span class='ocrx_word' id='word_1_800' title='bbox 3894 4927 3997 4977; x_wconf 63' lang='grc' dir='ltr'>μαι</span> 
     </span>
    </p>
   </div>
   <div class='ocr_carea' id='block_1_108' title="bbox 2420 5001 3996 5078">
    <p class='ocr_par' dir='ltr' id='par_1_108' title="bbox 2420 5001 3996 5078">
     <span class='ocr_line' id='line_1_108' title="bbox 2420 5001 3996 5078; baseline -0.004 -17"><span class='ocrx_word' id='word_1_801' title='bbox 2420 5007 2654 5078; x_wconf 87' lang='grc' dir='ltr'>χομένου</span> <span class='ocrx_word' id='word_1_802' title='bbox 2687 5004 2819 5075; x_wconf 72' lang='grc' dir='ltr'>ἔστη</span> <span class='ocrx_word' id='word_1_803' title='bbox 2859 5005 2887 5057; x_wconf 90' lang='lat'><strong>6</strong></span> <span class='ocrx_word' id='word_1_804' title='bbox 2918 5003 3071 5075; x_wconf 79' lang='grc' dir='ltr'>ἥλιος</span> <span class='ocrx_word' id='word_1_805' title='bbox 3106 5003 3248 5056; x_wconf 75' lang='grc' dir='ltr'>κατὰ</span> <span class='ocrx_word' id='word_1_806' title='bbox 3295 5003 3357 5053; x_wconf 84' lang='grc' dir='ltr'>τὸ</span> <span class='ocrx_word' id='word_1_807' title='bbox 3401 5002 3567 5071; x_wconf 85' lang='grc' dir='ltr'>μέσον</span> <span class='ocrx_word' id='word_1_808' title='bbox 3600 5001 3695 5055; x_wconf 85' lang='grc' dir='ltr'><strong>τοῦ</strong></span> <span class='ocrx_word' id='word_1_809' title='bbox 3718 5003 3996 5072; x_wconf 54' lang='grc' dir='ltr'>οὐρανοῦ]</span> 
     </span>
    </p>
   </div>
   <div class='ocr_carea' id='block_1_109' title="bbox 2418 5082 3999 5168">
    <p class='ocr_par' dir='ltr' id='par_1_109' title="bbox 2418 5082 3999 5168">
     <span class='ocr_line' id='line_1_109' title="bbox 2418 5082 3999 5168; baseline -0.004 -16"><span class='ocrx_word' id='word_1_810' title='bbox 2418 5099 2480 5153; x_wconf 83' lang='grc' dir='ltr'><strong>οὐ</strong></span> <span class='ocrx_word' id='word_1_811' title='bbox 2510 5096 2917 5168; x_wconf 77' lang='grc' dir='ltr'>προεπορεύετο</span> <span class='ocrx_word' id='word_1_812' title='bbox 2950 5096 3031 5157; x_wconf 87' lang='grc' dir='ltr'><strong>εἰς</strong></span> <span class='ocrx_word' id='word_1_813' title='bbox 3070 5094 3282 5164; x_wconf 83' lang='grc' dir='ltr'>δυσμάς</span> <span class='ocrx_word' id='word_1_814' title='bbox 3314 5082 3422 5156; x_wconf 79' lang='grc' dir='ltr'>ἓως</span> <span class='ocrx_word' id='word_1_815' title='bbox 3474 5094 3554 5154; x_wconf 85' lang='grc' dir='ltr'><strong>είς</strong></span> <span class='ocrx_word' id='word_1_816' title='bbox 3586 5093 3739 5155; x_wconf 79' lang='grc' dir='ltr'>τέλος</span> <span class='ocrx_word' id='word_1_817' title='bbox 3782 5095 3999 5162; x_wconf 80' lang='grc' dir='ltr'>ἡμέρας</span> 
     </span>
    </p>
   </div>
   <div class='ocr_carea' id='block_1_110' title="bbox 2423 5184 4000 5259">
    <p class='ocr_par' dir='ltr' id='par_1_110' title="bbox 2423 5184 4000 5259">
     <span class='ocr_line' id='line_1_110' title="bbox 2423 5184 4000 5259; baseline -0.004 -16"><span class='ocrx_word' id='word_1_818' title='bbox 2423 5192 2573 5259; x_wconf 79' lang='grc' dir='ltr'>μιᾶς.</span> <span class='ocrx_word' id='word_1_819' title='bbox 2634 5189 2745 5241; x_wconf 86' lang='lat' dir='ltr'><strong>Kal</strong></span> <span class='ocrx_word' id='word_1_820' title='bbox 2807 5189 2987 5240; x_wconf 85' lang='grc' dir='ltr'>πάντα</span> <span class='ocrx_word' id='word_1_821' title='bbox 3024 5186 3082 5239; x_wconf 86' lang='grc' dir='ltr'><strong>δὲ</strong></span> <span class='ocrx_word' id='word_1_822' title='bbox 3122 5184 3192 5241; x_wconf 82' lang='grc' dir='ltr'>τὰ</span> <span class='ocrx_word' id='word_1_823' title='bbox 3243 5185 3352 5238; x_wconf 85' lang='grc' dir='ltr'><strong>τῶν</strong></span> <span class='ocrx_word' id='word_1_824' title='bbox 3384 5186 3709 5238; x_wconf 85' lang='grc' dir='ltr'>Χαναναίων</span> <span class='ocrx_word' id='word_1_825' title='bbox 3737 5185 3942 5237; x_wconf 79' lang='grc' dir='ltr'>ἐλαϐεν</span> <span class='ocrx_word' id='word_1_826' title='bbox 3974 5188 4000 5237; x_wconf 91' lang='lat'><strong>6</strong></span> 
     </span>
    </p>
   </div>
   <div class='ocr_carea' id='block_1_111' title="bbox 2431 5276 3999 5351">
    <p class='ocr_par' dir='ltr' id='par_1_111' title="bbox 2431 5276 3999 5351">
     <span class='ocr_line' id='line_1_111' title="bbox 2431 5276 3999 5351; baseline -0.004 -18"><span class='ocrx_word' id='word_1_827' title='bbox 2431 5281 2647 5351; x_wconf 81' lang='grc' dir='ltr'>Ἰσραὴλ</span> <span class='ocrx_word' id='word_1_828' title='bbox 2678 5281 2737 5333; x_wconf 84' lang='grc' dir='ltr'>ὲν</span> <span class='ocrx_word' id='word_1_829' title='bbox 2764 5278 3012 5347; x_wconf 82' lang='grc' dir='ltr'>πολέμῳ,</span> <span class='ocrx_word' id='word_1_830' title='bbox 3061 5278 3144 5330; x_wconf 84' lang='grc' dir='ltr'><strong>ὅτι</strong></span> <span class='ocrx_word' id='word_1_831' title='bbox 3185 5277 3274 5330; x_wconf 80' lang='grc' dir='ltr'><strong>διὰ</strong></span> <span class='ocrx_word' id='word_1_832' title='bbox 3301 5277 3510 5346; x_wconf 78' lang='grc' dir='ltr'>Κυρίου</span> <span class='ocrx_word' id='word_1_833' title='bbox 3543 5277 3786 5344; x_wconf 74' lang='grc' dir='ltr'>ἐγένετο.</span> <span class='ocrx_word' id='word_1_834' title='bbox 3834 5276 3999 5328; x_wconf 72' lang='grc' dir='ltr'>Ἀλλὰ</span> 
     </span>
    </p>
   </div>
   <div class='ocr_carea' id='block_1_112' title="bbox 2420 5365 4000 5436">
    <p class='ocr_par' dir='ltr' id='par_1_112' title="bbox 2420 5365 4000 5436">
     <span class='ocr_line' id='line_1_112' title="bbox 2420 5365 4000 5436; baseline -0.006 -12"><span class='ocrx_word' id='word_1_835' title='bbox 2420 5373 2512 5424; x_wconf 77' lang='grc' dir='ltr'>καὶ</span> <span class='ocrx_word' id='word_1_836' title='bbox 2536 5369 2718 5424; x_wconf 84' lang='grc' dir='ltr'>Χάλεϐ</span> <span class='ocrx_word' id='word_1_837' title='bbox 2743 5371 2852 5430; x_wconf 81' lang='grc' dir='ltr'>υἱὸς</span> <span class='ocrx_word' id='word_1_838' title='bbox 2878 5367 3092 5436; x_wconf 84' lang='grc' dir='ltr'>Ἐφωνῆ</span> <span class='ocrx_word' id='word_1_839' title='bbox 3121 5365 3489 5435; x_wconf 80' lang='grc' dir='ltr'>ὲξωλὸθρευσε</span> <span class='ocrx_word' id='word_1_840' title='bbox 3515 5366 3642 5426; x_wconf 84' lang='grc' dir='ltr'>τοὺς</span> <span class='ocrx_word' id='word_1_841' title='bbox 3671 5366 3824 5433; x_wconf 86' lang='grc' dir='ltr'>τρεῖς</span> <span class='ocrx_word' id='word_1_842' title='bbox 3844 5366 4000 5425; x_wconf 78' lang='grc' dir='ltr'>υἱοὺς</span> 
     </span>
    </p>
   </div>
   <div class='ocr_carea' id='block_1_113' title="bbox 2431 5453 4000 5525">
    <p class='ocr_par' dir='ltr' id='par_1_113' title="bbox 2431 5453 4000 5525">
     <span class='ocr_line' id='line_1_113' title="bbox 2431 5453 4000 5525; baseline -0.008 -11"><span class='ocrx_word' id='word_1_843' title='bbox 2431 5461 2656 5525; x_wconf 83' lang='grc' dir='ltr'>Ἐναὰκ,</span> <span class='ocrx_word' id='word_1_844' title='bbox 2676 5458 2767 5512; x_wconf 79' lang='grc' dir='ltr'>τὸν</span> <span class='ocrx_word' id='word_1_845' title='bbox 2804 5457 3004 5525; x_wconf 80' lang='grc' dir='ltr'>Σουσῆ,</span> <span class='ocrx_word' id='word_1_846' title='bbox 3035 5456 3130 5509; x_wconf 78' lang='grc' dir='ltr'>τὸν</span> <span class='ocrx_word' id='word_1_847' title='bbox 3152 5457 3333 5525; x_wconf 83' lang='grc' dir='ltr'>Θολμὲ</span> <span class='ocrx_word' id='word_1_848' title='bbox 3380 5457 3474 5508; x_wconf 79' lang='grc' dir='ltr'>καὶ</span> <span class='ocrx_word' id='word_1_849' title='bbox 3511 5454 3603 5505; x_wconf 78' lang='grc' dir='ltr'>τὸν</span> <span class='ocrx_word' id='word_1_850' title='bbox 3635 5454 3873 5521; x_wconf 82' lang='grc' dir='ltr'>Σχιμᾶν.</span> <span class='ocrx_word' id='word_1_851' title='bbox 3909 5453 4000 5505; x_wconf 78' lang='grc' dir='ltr'><strong>Γί-</strong></span> 
     </span>
    </p>
   </div>
   <div class='ocr_carea' id='block_1_114' title="bbox 2419 5542 4001 5621">
    <p class='ocr_par' dir='ltr' id='par_1_114' title="bbox 2419 5542 4001 5621">
     <span class='ocr_line' id='line_1_114' title="bbox 2419 5542 4001 5621; baseline -0.006 -16"><span class='ocrx_word' id='word_1_852' title='bbox 2419 5568 2613 5621; x_wconf 87' lang='grc' dir='ltr'>γαντες</span> <span class='ocrx_word' id='word_1_853' title='bbox 2632 5550 2689 5603; x_wconf 79' lang='grc' dir='ltr'><strong>δὲ</strong></span> <span class='ocrx_word' id='word_1_854' title='bbox 2715 5551 2810 5603; x_wconf 77' lang='grc' dir='ltr'><strong>καὶ</strong></span> <span class='ocrx_word' id='word_1_855' title='bbox 2834 5544 2985 5602; x_wconf 76' lang='grc' dir='ltr'>οῦτοι</span> <span class='ocrx_word' id='word_1_856' title='bbox 3016 5549 3285 5617; x_wconf 80' lang='grc' dir='ltr'>εὐμήκεις</span> <span class='ocrx_word' id='word_1_857' title='bbox 3317 5542 3489 5615; x_wconf 76' lang='grc' dir='ltr'>ἦσαν·</span> <span class='ocrx_word' id='word_1_858' title='bbox 3524 5546 3573 5598; x_wconf 81' lang='grc' dir='ltr'><strong>εί</strong></span> <span class='ocrx_word' id='word_1_859' title='bbox 3611 5544 3686 5614; x_wconf 83' lang='grc' dir='ltr'>μὴ</span> <span class='ocrx_word' id='word_1_860' title='bbox 3708 5545 3824 5613; x_wconf 71' lang='grc' dir='ltr'><strong>γὰρ</strong></span> <span class='ocrx_word' id='word_1_861' title='bbox 3841 5544 4001 5596; x_wconf 81' lang='grc' dir='ltr'>τοῦτο</span> 
     </span>
    </p>
   </div>
   <div class='ocr_carea' id='block_1_115' title="bbox 2419 5637 3929 5715">
    <p class='ocr_par' dir='ltr' id='par_1_115' title="bbox 2419 5637 3929 5715">
     <span class='ocr_line' id='line_1_115' title="bbox 2419 5637 3929 5715; baseline -0.006 -15"><span class='ocrx_word' id='word_1_862' title='bbox 2419 5643 2511 5715; x_wconf 84' lang='grc' dir='ltr'>ἦν,</span> <span class='ocrx_word' id='word_1_863' title='bbox 2547 5644 2650 5698; x_wconf 80' lang='grc' dir='ltr'>οὐκ</span> <span class='ocrx_word' id='word_1_864' title='bbox 2671 5642 2739 5697; x_wconf 84' lang='grc' dir='ltr'>ἂν</span> <span class='ocrx_word' id='word_1_865' title='bbox 2767 5644 2918 5707; x_wconf 65' lang='lat' dir='ltr'><strong>etab;</strong></span> <span class='ocrx_word' id='word_1_866' title='bbox 2956 5640 3048 5695; x_wconf 85' lang='grc' dir='ltr'><strong>τοῦ</strong></span> <span class='ocrx_word' id='word_1_867' title='bbox 3091 5638 3295 5695; x_wconf 71' lang='grc' dir='ltr'>Ἐναὲικ</span> <span class='ocrx_word' id='word_1_868' title='bbox 3329 5638 3571 5700; x_wconf 69' lang='grc' dir='ltr'>ἐκείνους</span> <span class='ocrx_word' id='word_1_869' title='bbox 3600 5637 3929 5707; x_wconf 56' lang='grc' dir='ltr'>ὠνόμασαν.</span> 
     </span>
    </p>
   </div>
  </div>
