4204 6450
221 400 330 459 313

1456 390 1851 454 ANNALIUM
1896 388 2086 448 PARS
2128 390 2210 448 II-

3334 381 3438 441 314

218 518 457 585 Ephorum
510 513 650 566 lilius
713 521 822 563 tres
885 506 1080 560 linaaei
1139 506 1277 560 filios
1334 520 1552 574 prersns
1628 508 1983 575 θςῧτθπῖεινιι.
2036 506 2291 559 nimirum
2364 503 2597 566 Susem,
2666 501 2983 557 Tltolmeum
3035 511 3089 553 ct
3140 499 3447 569 Schimam;

215 606 306 673 qui
337 606 578 674 gigantes
601 610 759 657 erant
793 614 958 670 supra
1003 599 1221 653 modum
1293 598 1535 668 proceris
1593 600 1937 667 corporibus,
1998 614 2105 669 qua
2150 599 2218 654 de
2280 611 2443 654 causa
2486 595 2683 650 Enaaci
2732 595 2828 648 filii
2878 594 3050 649 sacris
3093 593 3148 646 in
3222 593 3446 648 Litteris

216 696 472 767 appellati
499 704 645 748 sunt.

301 790 500 841 Ἰστέον
532 791 613 841 ὃτι
638 787 858 858 πρῶτος
886 785 1048 857 νόμος
1074 788 1204 855 παρ’
1232 784 1508 855 Ἐ6ραίοις
1541 787 1596 837 ἐν
1615 784 1776 853 ἐξόδῳ
1804 792 1853 847 Α
1950 802 1961 835 Α

1804 792 1853 847 Α
1950 781 2124 852 Atque
2179 783 2281 837 hoc
2314 782 2433 838 loco
2474 782 2606 836 illud
2639 782 2803 835 etiam
2840 780 2982 835 scire
3026 781 3218 841 debes.
3272 784 3443 853 legem

218 884 528 952 γέγραπται
561 870 713 940 οὗτος
745 894 760 909 ·
786 878 899 930 Ούκ
922 877 1135 931 ἔσονταί
1168 893 1250 930 σοι
1284 875 1401 928 (laet
1423 875 1601 944 ἕτεροι
1639 875 1778 945 πλὴν

218 969 377 1035 ἐμοῦ.
432 969 506 1020 Οὐ
568 968 819 1036 ποιήσεις
874 965 1086 1035 σεαυτῷ
1142 965 1361 1018 εἴδωλον
1396 964 1518 1016 οὐδὲ
1576 965 1778 1025 παντὸς

218 1061 471 1125 ὀμοέωμα
518 1058 619 1108 ὅσα
665 1058 724 1108 ἐν
760 1053 838 1125 τῷ
870 1054 1085 1124 οὐρανῷ
1114 1055 1227 1107 ἄνω
1257 1055 1349 1107 καὶ
1378 1053 1479 1105 ὅσα
1519 1055 1576 1105 ἐν
1608 1054 1674 1121 τῇ
1706 1054 1776 1121 γῇ

219 1148 389 1199 κάτω.
424 1148 538 1198 υύκ
567 1147 713 1199 ἔστιν
751 1145 985 1198 ἐνταῦθα
1008 1144 1334 1211 ταυτολογία
1366 1143 1429 1195 τό
1457 1160 1515 1197 τε
1561 1142 1778 1196 εἴδωλον

220 1239 317 1289 καὶ
341 1239 399 1289 τὸ
430 1238 681 1306 ὁμοίωμα
702 1255 714 1268 ·
749 1238 809 1290 τὸ
835 1238 946 1306 γὰρ
973 1235 1227 1306 ὁμοίωμά
1250 1235 1394 1298 τινός
1416 1236 1568 1286 ἐστιν
1588 1234 1786 1303 ὁμοίω-

224 1346 303 1399 μα
339 1329 451 1395 εῖτε
490 1328 747 1399 χερσαίου
780 1327 922 1390 ζώου
952 1327 1063 1379 εἴτε
1086 1326 1376 1377 Θαλαττίου
1408 1325 1517 1378 εἴτε
1543 1324 1775 1393 πτηνοῠο

219 1420 283 1469 τὸ
317 1418 376 1471 δέ
405 1417 620 1470 εἴδωλον
645 1457 661 1483 ,
690 1418 830 1470 κατὰ
862 1418 961 1485 τὴν
989 1415 1301 1484 Ὠριγένους
1334 1413 1619 1483 ἐξήγησιν,
1654 1414 1787 1466 ἀνά-

222 1506 452 1576 πλασμα
483 1506 719 1568 διανοίας
751 1505 1126 1560 ἀνυπόστατόν
1162 1505 1333 1566 ἐστιν,
1370 1503 1445 1565 ὡς
1476 1503 1503 1553 ὁ
1537 1501 1667 1571 παρ’
1695 1503 1789 1555 Al-

220 1600 475 1666 γυπτὶοις
500 1597 810 1668 τιμώμενος
841 1596 1213 1666 κυνοκέφαλος
1257 1596 1350 1648 καὶ
1378 1596 1404 1647 ὁ
1438 1598 1566 1665 παρ’
1592 1597 1789 1665 Ἕλλη-

223 1705 311 1739 σιν
346 1688 805 1757 Ἱπποκένταυρος
825 1686 962 1758 (51).

1884 874 2117 943 primam
2154 875 2293 942 apud
2325 873 2577 927 Hebrmos
2606 874 2660 926 in
2694 888 2759 926 eo
2786 872 2923 925 libro
2953 874 3306 941 pcrscriptam
3329 889 3451 928 esse

1877 966 1969 1034 qui
2026 973 2110 1019 est
2165 964 2231 1017 tle
2284 964 2661 1017 Israt-licorum
2709 978 2772 1017 ex
2818 963 3051 1032 [Egypto
3083 963 3449 1031 prolatione;

1880 1064 2118 1123 suntque
2151 1054 2288 1123 legis
2317 1056 2430 1107 inec
2462 1054 2635 1122 prima
2664 1054 2858 1106 verba:
2903 1054 3073 1106 «Deos
3099 1052 3234 1106 alios
3259 1094 3272 1118 ,
3312 1070 3449 1122 prae-

1882 1155 1966 1200 ter
1998 1159 2105 1208 me,
2153 1145 2331 1199 nullos
2375 1146 2590 1198 habeto.
2627 1145 2990 1197 Simulacrum
3028 1144 3129 1198 tibi
3158 1160 3227 1198 ne
3259 1145 3451 1207 facito,

1890 1251 1994 1290 nec
2028 1236 2319 1305 imaginem
2346 1236 2659 1305 cujusquam
2694 1234 2773 1289 rei
2807 1252 2928 1304 qua:
2960 1245 3135 1290 exstet
3164 1245 3259 1292 aut
3288 1251 3451 1305 supra

1886 1326 1942 1379 in
1972 1327 2109 1382 coelo
2139 1336 2234 1380 aut
2281 1327 2418 1380 infra
2452 1329 2504 1380 in
2540 1338 2735 1381 terra.»
2792 1326 2909 1379 Non
2945 1337 3027 1381 est
3068 1328 3156 1381 hic
3209 1329 3451 1395 ejusdem

1890 1417 1969 1469 rei
2002 1418 2183 1487 inepta
2216 1418 2432 1472 iteratio
2459 1436 2470 1471 :
2504 1433 2680 1487 neque
2714 1418 2860 1472 enim
2888 1419 3026 1472 idem
3053 1430 3249 1472 sonant
3284 1420 3453 1473 simu-

1889 1508 2096 1563 lacrmn
2127 1520 2182 1563 et
2216 1509 2411 1579 imago,
2438 1524 2559 1563 cum
2591 1509 2769 1579 imago
2800 1510 3001 1563 sitsive
3022 1511 3302 1563 terrestris
3335 1511 3458 1563 ani-

1887 1601 2044 1652 malis
2083 1600 2197 1654 sive
2233 1602 2424 1655 marini
2460 1602 2574 1656 sive
2603 1603 2855 1665 volatilis,
2894 1605 3245 1656 simulacrum
3275 1613 3454 1655 autem

1888 1690 1955 1744 de
2007 1692 2258 1762 Origenis
2303 1694 2569 1745 sententia
2622 1703 2677 1746 ct
2739 1695 3082 1747 enarratione
3118 1703 3457 1762 -ιόηιορμιηιυ

221 1792 407 1836 mente
459 1782 812 1854 figmentum,
892 1782 1035 1851 quod
1099 1790 1277 1834 tamen
1361 1797 1552 1850 reapse
1637 1797 1747 1835 non
1835 1787 2083 1853 exsistat,
2153 1790 2313 1857 quale
2386 1790 2643 1859 quiddam
2714 1800 2831 1844 erat
2895 1790 3303 1860 Cynocephalus
3367 1790 3456 1845 ille

220 1878 476 1947 religiose
538 1878 719 1932 cultus
783 1876 925 1946 apud
977 1874 1278 1946 Egyptios,
1337 1878 1421 1931 vel
1471 1877 1782 1930 Graecorum
1826 1878 2316 1950 Hippocentaurus.
2680 1874 2681 1877 η

292 1973 449 2025 Μετά
481 1975 664 2040 μέντοι
698 1970 789 2023 τὸν
814 1970 908 2023 τοῦ
944 1970 1097 2038 Ναυῆ
1134 1969 1349 2037 Ἰησοῦν
1386 1970 1492 2021 ὑπὸ
1528 1971 1732 2039 κριτῶν
1762 1975 1788 2024 ὁ
1821 1987 1859 2036 υ

218 2065 347 2127 λαὸς
373 2065 635 2134 ἐκρίνετο.
669 2056 769 2115 Ὧν
798 2064 1012 2134 πρῶτος
1043 2063 1247 2125 Ἰούδας
1272 2065 1299 2115 6
1322 2062 1785 2126 τὸνἊδωνιϐεζέκ

217 2157 626 2227 χειρωσάμενος
673 2156 769 2207 καὶ
827 2154 1254 2223 ἀκρωτηριάσας
1310 2152 1476 2204 αὑτοῦ
1514 2152 1702 2221 χεῖράς
1728 2168 1786 2204 τε

217 2248 315 2300 καὶ
350 2246 539 2310 πόδας,
597 2244 826 2314 βασιλέα
877 2244 985 2295 τῶν
1034 2243 1356 2312 ἀλλοφύλων
1402 2242 1554 2296 ὅντα.
1584 2244 1647 2295 Οἱ
1678 2245 1788 2312 γὰρ

218 2338 517 2391 Χαναναῖοι
571 2336 708 2403 μετὰ
739 2335 970 2389 θάνατον
1005 2334 1099 2386 τοῦ
1153 2333 1338 2398 ἰησοῢ
1383 2334 1659 2403 κρατῆσαι
1681 2333 1789 2386 τῶν

233 2428 503 2482 Ἰουᾶαίων
526 2425 905 2496 Θαρῤήσαντες
943 2424 1023 2494 τῷ
1054 2424 1417 2488 ’Λδωνιόεζέκ
1437 2427 1535 2495 τὴν
1582 2426 1788 2494 ἡγεμο-

220 2522 341 2573 νίαν
377 2521 750 2590 ἐπιτρέπουσι,
781 2520 873 2570 καὶ
913 2519 1035 2570 κατ’
1067 2517 1296 2570 ἐκείνων
1333 2514 1789 2587 χωροῦσιν.’Λλλ’

220 2613 535 2680 ἐσφάλησαν
585 2609 680 2662 τοῦ
739 2608 943 2662 σκοποῦ
970 2626 984 2640 ⁸
1042 2609 1346 2662 κτείνονται
1380 2609 1487 2678 γὰρ
1522 2608 1581 2673 ἐξ
1608 2605 1789 2660 αὐτῶν

218 2708 324 2759 οὐκ
383 2706 572 2772 ὀλίγοι,
629 2707 917 2774 κρατεῖται
966 2704 1024 2757 δὲ
1069 2704 1163 2757 καὶ
1193 2706 1221 2757 6
1279 2702 1662 2770 Ἀδωνιϐεζέκ,
1697 2702 1792 2758 καὶ

221 2801 413 2868 χεῖρας
438 2800 534 2850 καὶ
562 2797 723 2856 πόδας
767 2796 1247 2866 ἀκρωτηριασθεὶς
1290 2795 1475 2863 ἔλεγεν
1504 2810 1517 2824 ’
1551 2796 1612 2847 Οἱ
1639 2795 1793 2863 βασι-

222 2891 338 2952 λεῖς
358 2890 426 2941 τὰ
454 2888 598 2958 ἄκρα
625 2888 732 2941 τῶν
758 2887 959 2957 χειρῶν
991 2885 1218 2940 καὶτῶν
1247 2886 1424 2939 ποδῶν
1446 2887 1625 2939 αὐτῶν
1653 2886 1791 2940 ἀπο-

174 3031 179 3035 .
207 2984 568 3052 ⁴κεκορημένοι
598 2979 741 3053 ἦσαν
775 2966 1127 3049 συλλέγοντες
1158 2982 1227 3034 τὰ
1257 2982 1513 3035 ὑποκάτω
1544 2980 1642 3049 τῆς
1666 2996 1796 3049 τρα-

223 3074 402 3145 τάζης
445 3093 569 3142 μου.
605 3073 804 3137 Καθὼς
824 3073 915 3128 οὖν
945 3074 1200 3144 ἐποίησα,
1249 3072 1392 3126 οὕτω
1427 3071 1523 3125 καὶ
1555 3069 1795 3124 ἀνταπέ-

222 3168 370 3221 ὗωκέ
402 3182 492 3235 μοι
515 3167 542 3219 6
573 3165 729 3229 Θεὸς.
762 3184 780 3216 ι

1963 1976 2090 2031 l’ost
2140 1977 2320 2031 .Iesum
2376 1976 2534 2030 Navae
2587 1976 2777 2031 filium
2822 1976 3057 2047 populus
3104 1992 3133 2030 a
3178 1975 3456 2044 judicibus

1889 2069 2314 2137 gtthcrnahatur,
2358 2085 2587 2138 quorum
2627 2070 2834 2137 primtts
2865 2070 2963 2123 l'nit
2987 2071 3172 2132 ludas,
3197 2069 3286 2137 qui
3315 2070 3459 2122 Ado-

1888 2157 2204 2210 nihezecum
2241 2160 2294 2213 in
2333 2167 2657 2227 potestatem
2694 2160 2925 2227 redegit,
2959 2175 3141 2227 regem
3175 2168 3457 2213 extranea-

1888 2260 2008 2297 rum
2048 2247 2355 2306 nationum.
2388 2249 2549 2317 eique
2586 2264 2847 2301 manuum
2873 2264 2936 2301 ac
2963 2249 3161 2315 pedum
3192 2258 3459 2303 extremas

1892 2346 2071 2404 partes
2118 2338 2442 2405 amputavit.
2530 2337 2739 2407 Quippe
2791 2338 3087 2391 Chananxi
3143 2351 3264 2408 post
3323 2338 3456 2393 Je'su

1891 2437 2120 2479 mortem
2189 2428 2256 2481 de
2301 2428 2503 2482 Iudaeis
2561 2430 2881 2499 subigendis
2933 2430 3132 2484 fiducia
3190 2439 3458 2498 concepta

1894 2517 2263 2586 principatum
2294 2520 2679 2573 Adouibezeco
2731 2519 3066 2584 detulerunt,
3120 2534 3295 2586 coque
3326 2520 3462 2574 duce

1891 2609 2068 2677 copiis
2128 2610 2182 2663 in
2243 2610 2364 2665 illos
2413 2611 2593 2665 ductis
2641 2611 2748 2665 fine
2793 2625 2856 2666 ac
2886 2610 3132 2666 instituto
3175 2611 3330 2682 163
3361 2627 3462 2666 suo

1890 2700 2235 2759 exciderunt.
2290 2700 2423 2757 Nam
2455 2703 2597 2757 haud
2621 2703 2811 2772 paucis
2844 2701 3147 2758 interfectis
3188 2702 3465 2757 Adonibc-

1893 2805 2053 2845 zccus
2082 2792 2238 2847 vivus
2269 2804 2463 2863 captus
2498 2800 2600 2859 est,
2630 2794 3001 2862 extremisque
3033 2792 3230 2861 pedum
3262 2808 3323 2847 ac
3349 2808 3465 2847 ma-

1896 2897 2065 2936 nuum
2118 2883 2363 2950 partibus
2418 2884 2723 2949 mutilatus,
2759 2901 2777 2935 t
2817 2882 3187 2954 Septuaginta,
3238 2883 3456 2953 inquit,

1895 2988 2052 3045 rcges
2084 2975 2342 3029 extremis
2377 2975 2574 3044 pedum
2616 2990 2983 3043 manuumque
3024 2975 3270 3044 partibus
3306 2987 3464 3031 trun-

1896 3067 2005 3122 cati
2041 3082 2163 3121 mea
2198 3067 2302 3122 sub
2344 3082 2530 3121 mensa
2572 3067 2740 3121 micas
2780 3067 3137 3137 collegerunt.
3193 3066 3466 3132 Quemad-

1898 3159 2117 3213 modum
2153 3160 2207 3212 iu
2238 3159 2358 3214 illos
2379 3173 2480 3231 ego
2512 3174 2596 3215 me
2624 3158 2795 3230 gessi,
2824 3158 2900 3213 ita
2937 3156 3071 3212 mihi
3096 3157 3358 3215 divinitus
3385 3170 3467 3214 est

1898 3265 2193 3321 repensum
2215 3251 2277 3302 "'.
2293 3268 2312 3301 ι

310 3347 475 3400 Ἀλλά
525 3347 620 3400 καὶ
674 3346 861 3415 Βαρὰχ
898 3346 997 3398 σὺν
1021 3344 1245 3416 Δεϐώρα
1296 3348 1361 3416 τῇ
1396 3346 1686 3415 προφήτιδι
1721 3348 1788 3401 δι·
1820 3344 1864 3402 C

1820 3344 1864 3402 ο
1972 3341 2247 3396 Baracltus
2281 3356 2503 3410 quoque
2553 3355 2676 3394 cum
2735 3339 2971 3409 Debora,
3024 3341 3255 3396 muliere
3312 3352 3459 3407 vate,

225 3443 414 3508 ἔκρινε
437 3439 531 3491 τὸν
561 3440 778 3506 Ἰσραὴλ
802 3439 897 3508 έτη
924 3436 995 3507 μ’.
1025 3438 1300 3507 Προφῆτις
1323 3437 1376 3490 δε
1405 3433 1472 3507 ἦν
1496 3441 1527 3508 ἠ
1549 3438 1793 3509 Δεϐώρα.

226 3531 381 3599 Αῗιτη
413 3530 539 3591 τοὺς
583 3528 871 3589 Ἰουδαίους
902 3529 1207 3597 ἀναχωρεῖν
1237 3526 1593 3596 βουλομένους
1627 3527 1715 3580 διὰ
1738 3529 1799 3579 τὸ

226 3621 437 3691 πλῆθος
474 3620 583 3673 τῶν
627 3621 747 3672 κατ’
800 3619 980 3672 αὐτῶν
1019 3617 1564 3687 ἐπιστρατευομένων
1614 3619 1797 3671 Χανα-

228 3713 401 3765 ναίων
421 3712 517 3764 aut
535 3711 764 3780 κατέχει
794 3711 889 3762 καί
917 3706 1099 3760 πείθει
1127 3709 1237 3770 τοῖς
1271 3708 1554 3776 πολεμίοις
1590 3707 1799 3776 συμϐα-

224 3801 344 3855 λεῖν
368 3817 382 3829 ·
419 3800 544 3855 ὅθεν
589 3798 682 3854 καὶ
716 3797 941 3860 πολλοὺς
972 3794 1153 3849 αὐτῶν
1184 3796 1538 3850 ἀπέκτειναν.
1568 3795 1790 3865 Χειμὼν

228 3896 345 3965 γὰρ
388 3893 557 3964 βαρὺς
593 3887 833 3959 γεγονὼς
868 3889 994 3950 τοὺς
1031 3888 1130 3957 μὲν
1161 3887 1501 3950 Χαναναίους
1532 3886 1600 3940 τὰ
1642 3890 1798 3957 μέγι-

232 4000 342 4037 στα
373 3983 630 4045 ἔϐλαπτε,
665 3982 789 4042 τοὺς
819 3978 876 4031 δέ
902 3977 1196 4041 Ἰουδαίους
1227 3978 1487 4046 οὐδαμοῦ.
1538 3975 1671 4031 Τότε
1706 3979 1799 4032 κοιλ⁹

225 4078 257 4129 6
299 4075 535 4141 Σισάρας
571 4070 693 4125 ἰδὼν
716 4071 814 4139 τὴν
850 4069 1154 4137 γενομένην
1202 4070 1411 4138 τροπὴν
1460 4069 1671 4139 ἐκπηδᾷ
1702 4069 1797 4123 τοῦ

228 4163 499 4234 ἅρματος.
524 4162 616 4214 καὶ
665 4159 799 4229 πρὸς
831 4157 1069 4227 γυναῖκά
1115 4173 1236 4209 τινα
1275 4157 1618 4227 καταφεύγει
1650 4158 1801 4227 λεγο-

232 4257 410 4327 μένην
451 4253 600 4325 ’Ῑαὴλ
634 4252 727 4305 τοῦ
757 4251 1003 4318 σωθῆναι
1029 4251 1161 4317 παρ’
1195 4250 1390 4317 αὐτῆς.
1422 4250 1610 4322 Τούτῳ
1632 4252 1689 4305 δέ
1720 4252 1799 4324 τῷ

228 4348 447 4417 Σιαάρᾳ
474 4349 565 4398 καὶ
601 4343 762 4397 ποτὸν
798 4344 1085 4413 αἰτήσαντι
1139 4342 1280 4409 γάλα
1308 4341 1524 4396 δίδωσιν
1557 4344 1658 4413 ἤδη
1691 4343 1800 4396 διε-

231 4439 460 4508 φθορὸς.
518 4437 627 4490 Καὶ
664 4435 721 4497 δς
779 4434 942 4487 πλέον
981 4431 1077 4486 τοῦ
1115 4432 1315 4502 μέτρου
1346 4432 1483 4485 πιὼν
1504 4435 1586 4497 είς
1634 4433 1801 4487 ὕπνον

230 4535 452 4602 ἐτράπη
491 4527 679 4599 βαθύν.
739 4527 872 4579 Τότε
906 4523 1037 4592 γοῦν
1065 4523 1214 4595 Ἰαὴλ
1249 4523 1466 4591 φονεύει
1494 4524 1677 4589 αὑτὸν,
1709 4526 1800 4577 τὸν

233 4623 521 4676 πάσσαλον
552 4622 664 4681 τοῖς
693 4618 986 4689 κροτάφοις
1008 4619 1456 4686 ἐμπερονὴσασα.
1485 4617 1597 4669 Καὶ
1625 4616 1801 4678 οὕτως

1894 3434 2096 3505 judicis
2149 3433 2293 3502 apud
2338 3432 2620 3487 lsraelicos
2670 3432 2847 3486 oﬂicio
2890 3432 3111 3487 functus
3160 3441 3247 3488 est
3294 3448 3467 3488 annos

1899 3526 2283 3596 quadraginta.
2351 3524 2547 3577 Mulier
2602 3539 2663 3577 ea
2719 3524 3052 3579 vaticinandi
3103 3525 3278 3595 perita
3327 3536 3464 3589 erat,

1900 3617 2365 3688 cnuiqtteJndmos
2396 3626 2643 3670 cerneret
2676 3617 2745 3670 ob
2771 3616 3008 3670 hostium
3033 3616 3464 3671 Chananmorum

1901 3710 2307 3766 multitudinem
2345 3708 2537 3778 pedem
2571 3706 2779 3762 referre
2810 3706 2966 3771 velle,
3012 3722 3120 3762 non
3152 3707 3329 3761 solum
3367 3723 3464 3761 eos

1900 3804 1955 3857 in
1988 3801 2164 3857 cilicio
2194 3800 2483 3865 continuit,
2525 3799 2619 3853 sed
2660 3799 2824 3852 etiam
2857 3800 3127 3867 persuasit
3162 3806 3222 3851 ut
3246 3813 3467 3851 manmn

1901 3911 2025 3949 cum
2068 3893 2225 3946 hoste
2254 3901 2610 3946 consererent
2635 3909 2651 3957 ;
2705 3905 2812 3959 quo
2840 3889 2983 3944 fat-to
3013 3905 3220 3957 magna:
3251 3888 3467 3943 illorum

1901 3986 2072 4055 capite
2110 3994 2240 4039 sunt
2274 3982 2490 4038 occism.
2547 3981 2682 4036 Nam
2719 3990 3014 4049 tempestas
3046 3982 3238 4051 ingens
3278 3992 3469 4034 exorta

1899 4076 2241 4132 Chananazos
2305 4073 2526 4143 quidem
2590 4073 2907 4143 gravissime
2965 4072 3214 4134 laedebat,
3269 4070 3471 4126 Judazis

1902 4183 2033 4221 vero
2064 4168 2199 4220 nihil
2245 4164 2429 4218 damni
2471 4164 2653 4218 dabat.
2716 4163 2906 4232 Itaque
2955 4172 3066 4217 tum
3102 4162 3315 4218 Sisaras
3345 4178 3472 4218 suos

1904 4259 1956 4312 in
1988 4261 2169 4325 fugam
2196 4269 2382 4309 versos
2410 4255 2757 4323 conspiciens
2785 4255 2851 4306 de
2881 4270 3043 4305 curru
3082 4254 3282 4315 exsilit,
3320 4264 3375 4307 et
3401 4254 3469 4307 ad

1905 4348 2161 4401 feminam
2200 4344 2491 4414 quamdam
2530 4359 2588 4397 se
2626 4343 2842 4413 fugiens
2876 4344 3124 4408 confert,
3158 4346 3243 4396 cui
3275 4360 3472 4400 nomen

1902 4449 2048 4493 esset
2099 4437 2271 4500 Jaele,
2325 4448 2383 4490 ut
2414 4435 2554 4504 apud
2595 4436 2765 4504 ipsam
2809 4436 2932 4490 vita:
2984 4452 3093 4490 sua:
3138 4438 3473 4491 consuleret.

1904 4532 2043 4584 Tum
2072 4531 2163 4585 illa
2203 4531 2423 4595 Sisarm,
2463 4528 2555 4597 qui
2602 4538 2788 4597 polum
2834 4530 2938 4582 sibi
2972 4529 3085 4582 dari
3121 4529 3470 4597 postulasset,

1906 4622 1989 4677 lac
2043 4622 2148 4687 iam
2204 4630 2523 4689 corruptum
2579 4618 2819 4688 praebet;
2870 4633 2980 4687 quo
3034 4619 3124 4671 ille
3178 4620 3477 4674 immodice

232 4720 423 4777 αὐτοῖς
450 4719 483 4787 ἡ
515 4716 639 4785 ιίκη
668 4713 919 4784 περίεστι
942 4711 1083 4764 κατὰ
1113 4711 1215 4782 τὴν
1254 4709 1355 4779 τῆς
1386 4708 1643 4778 Δεϐώρας
1666 4726 1801 4779 προ-
1837 4713 1883 4771 ι)

1837 4712 2111 4771 Dhausto
2164 4711 2314 4779 gravi
2368 4723 2561 4762 somno
2599 4707 2917 4776 corripitur.
2978 4708 3055 4761 lbi
3113 4706 3263 4762 Jaela
3320 4711 3473 4764 clavo

234 4811 489 4882 φητείαν.
519 4808 716 4869 Καλῶς
738 4801 833 4858 οὖν
860 4805 893 4873 ἡ
918 4802 1111 4872 Γραφὴ
1148 4801 1238 4854 τὸν
1261 4800 1456 4869 Σουσῆ.
1496 4800 1586 4852 τὸν
1621 4800 1800 4870 Θολμέ

234 4907 336 4963 καὶ
374 4905 467 4955 τὸν
506 4902 716 4971 Σχιμᾶν
745 4899 892 4960 υἱοὺς
921 4897 1146 4950 ἐκάλεσε
1196 4893 1288 4947 τοῦ
1341 4892 1565 4960 Ἑναὰκ,
1603 4908 1796 4970 γιγαν-

306 5043 353 5075 ’⁸
382 5039 557 5096 Jttdic.
590 5054 627 5101 1,
660 5038 712 5091 7.

306 5183 467 5255 (31)-
493 5178 794 5255 Ἰστέςνν
831 5211 845 5227 .
875 5212 890 5226 .
927 5210 995 5255 ,Δ
1034 5209 1052 5255 τ
1087 5208 1103 5225 .
1160 5168 1658 5255 ἱπποκένταυρος.
1715 5172 1797 5255 iis

232 5257 278 5312 ν
311 5240 377 5309 ὀι
406 5240 469 5306 Ἐ
515 5247 907 5318 supplevimus.
953 5243 1089 5307 Quia
1148 5255 1278 5295 vero
1331 5240 1680 5318 (Salvinianus
1713 5243 1798 5296 in-

235 5310 452 5394 terpres
482 5310 843 5394 Letiticlavius
872 5327 935 5394 ex
972 5327 1084 5394 sua:
1113 5320 1301 5394 sectas.
1334 5310 1545 5394 placitis
1572 5324 1793 5394 sensum

231 5380 479 5450 auctoris
515 5388 687 5444 nostri
712 5384 950 5448 invertit,
977 5382 1150 5462 placet
1170 5380 1264 5462 .bic
1289 5380 1390 5462 loci
1434 5380 1598 5462 hujus
1628 5380 1796 5460 inter-

234 5463 628 5536 pretationem_
658 5467 905 5536 retexere
972 5452 1466 5536 atqueintegritati
1498 5464 1609 5536 suae
1639 5452 1793 5536 juxta

229 5520 412 5607 δινσιε
425 5527 721 5607 orthodoxi
750 5533 985 5605 mentem
1010 5520 1307 5607 restituere
1328 5520 1516 5607 {Illp‘tl
1534 5531 1793 5607 iptrtcteren

229 5590 371 5660 scire
400 5602 551 5655 debes
576 5599 737 5669 legem
762 5595 990 5669 primam
1044 5592 1278 5669 Hebraeis
1316 5590 1617 5669 indagatio
1663 5592 1797 5669 agri-

231 5658 384 5745 ptam
419 5687 531 5725 esse
558 5672 613 5745 in
626 5658 1215 5745 whuncptati-ttat‘:“Non
1237 5661 1446 5743 habebis
1468 5658 1598 5745 Deos
1639 5658 1793 5745 'plios

230 5729 430 5799 bra-ter
446 5758 545 5794 nte.
565 5738 678 5793 Non
698 5737 856 5807 {acies
883 5732 1188 5807 tibiidolum
1211 5748 1373 5807 neque
1387 5729 1792 5807 similitudinem

236 5831 414 5871 rerum
439 5802 759 5884 qua'cunqite
781 5814 925 5875 stmt,
947 5804 1051 5859 sive
1071 5806 1120 5857 in
1141 5804 1470 5874 cmlogsupra,
1509 5802 1615 5856 sive
1652 5802 1792 5870 infra

1912 4811 2157 4870 tempora
2192 4801 2244 4855 ei
2272 4798 2599 4867 transadigit
2623 4798 3013 4866 hominemque
3050 4798 3328 4853 interficit.
3361 4798 3475 4854 lloc

1908 4892 2071 4948 modo
2099 4892 2325 4948 victoria
2358 4891 2518 4962 potiti
2570 4896 2719 4956 sunt,
2769 4889 3228 4960 quemadmodum
3261 4891 3473 4946 Debora

1895 5174 1950 5227 in
1977 5183 2140 5227 terra.
2175 5190 2193 5221 ι
2225 5169 2348 5241 Non
2367 5169 2544 5224 estltic
2569 5167 2811 5241 ejusdem_
2845 5168 2980 5222 cocis
3026 5171 3205 5241 inepta
3236 5172 3464 5233 iteratio.

1898 5259 2065 5313 neque
2126 5238 2267 5313 enirn
2321 5244 2696 5313 idemrsonant
2753 5236 2814 5289 τό
2858 5254 2916 5290 τε
2958 5236 3210 5313 εἴδωλον,
3267 5245 3360 5294 καὶ
3412 5244 3473 5295 τὸ

1897 5307 2189 5382 ὁμοίωμαε
2224 5312 2515 5364 similitudo
2561 5312 2855 5382 enim__est_
2883 5307 3237 5379 cujuscunque
3279 5314 3472 5365 simili-

1898 5379 2042 5447 tudo,
2075 5379 2181 5434 sive
2211 5383 2475 5434 terrestris
2510 5379 2789 5447 animalis,
2812 5380 2918 5430 sive
2949 5382 3146 5431 marini
3174 5421 3188 5444 ,
3234 5386 3342 5433 sive
3381 5399 3472 5435 vo-

1903 5452 2085 5507 latilis.
2116 5451 2476 5507 Simulacrum
2495 5466 2637 5509 vero,
2660 5450 2767 5505 sive
2789 5447 2985 5505 idolum
3015 5453 3177 5515 (ψιοά
3222 5453 3476 5516 vulgatus

1900 5521 2171 5585 interpres
2238 5523 2398 5576 vertit
2454 5519 2743 5587 sculptile),
2792 5520 2855 5573 de
2898 5517 3140 5584 Urigeuis
3191 5525 3472 5583 sententia,

1898 5600 2303 5661 conceptuntcst
2356 5596 2515 5647 menti
2560 5591 2865 5661 ﬁgmentum
2904 5604 3088 5657 reapse
3137 5607 3240 5643 mm
3298 5592 3473 5643 subsi-

1898 5658 2095 5715 stens:
2124 5658 2571 5731 quemadmodum
2602 5658 2745 5731 apud
2776 5658 3066 5731 ἐξαιρήσει
3123 5661 3296 5731 cultus
3344 5661 3472 5711 olim

1899 5728 2319 5801 Cynocephalus,
2370 5743 2416 5786 et
2455 5732 2601 5802 apud
2636 5729 2843 5787 (ira'cos
2873 5730 3117 5798 juctatus
3172 5728 3468 5799 Hippocen-

1900 5812 2104 5857 laurus.
