4204 6450
747 383 850 446 315

1992 376 2414 437 MIClIAEIJS
2452 375 2710 435 GLYCF

3880 373 3989 435 316

743 500 1035 551 vaticinata
1071 497 1265 550 fuerat.
1319 498 1590 550 Cmterum
1612 495 1828 550 Littera:
1866 509 2033 547 sacrae
2082 495 2301 556 Suscm,

2424 493 2555 543 τιαῖα
2587 490 2857 556 φέροντας
2898 489 3143 557 σώματα.
3168 488 3311 556 Ὅρα
3328 488 3437 556 γάρ
3464 488 3546 539 ὅτι
3591 488 3686 537 καὶ
3712 487 3741 536 6
3795 484 3991 551 Ἰὠσηι

742 590 1065 640 Tholmeum
1098 598 1150 641 et
1177 587 1455 641 Schimam
1492 602 1598 639 non
1648 586 1744 640 abs
1784 600 1865 648 re,
1916 598 2015 636 ceu
2046 582 2306 640 diximus,

742 678 941 730 Enaaci
979 678 1118 731 lilios
1147 677 1520 746 appellarunt,
1576 677 1653 729 uti
1702 688 1933 743 quorum
1966 685 2192 740 corpora
2225 669 2307 737 gi-

743 779 965 837 gantum
1039 770 1363 837 corporibus
1432 768 1812 837 magnitudine
1872 764 2021 833 paria
2082 762 2307 815 fuerint.

744 860 875 914 Nam
912 871 965 913 (ιι
1010 862 1282 929 Josvphus
1330 867 1725 913 commemorat
1771 854 1913 923 apud
1970 855 2309 907 Chananreos

744 961 856 1003 tum
896 952 1154 1019 reliquam
1198 951 1477 1018 gigantqu
1517 948 1685 1001 fuisse
1715 948 2021 1004 nationem,
2051 942 2140 1010 qui
2186 957 2309 1009 pro-

743 1052 863 1111 pter
890 1056 1177 1109 corporum
1214 1043 1412 1093 molem
1452 1050 1614 1106 atque
1642 1038 1895 1095 formam,
1928 1050 2047 1102 quae
2071 1032 2311 1097 reliquo-

2414 600 2514 643 πος
2546 582 2932 648 ὑπολελεῖφθαι
2970 581 3121 649 λέγει
3148 582 3263 641 τοῖς
3310 578 3647 638 Χαναναίοις
3663 578 3725 629 τὸ
3764 577 3878 628 τῶν
3906 594 3996 643 γι-

2414 674 2630 741 γάντων
2657 673 2833 739 γένος.
2863 674 2912 725 οἳ
2954 674 3044 726 διὰ
3076 670 3346 741 σωμάτων
3384 671 3592 739 μεγέθη
3623 670 3718 723 καὶ
3770 652 3995 739 μορφάς

2417 762 2570 813 οὐδὲν
2594 765 2706 823 τοῖς
2726 761 2904 823 ἄλλοις
2928 762 3323 833 παραπλησίας
3349 758 3660 829 ἀνθρώποις
3682 758 3997 827 παράδοξον

2416 845 2557 918 ἦσαν
2586 850 2767 919 οέαμα
2808 850 2904 901 καὶ
2947 849 3123 901 δεινὸν
3181 849 3459 917 ἄκουσμα.
3493 846 3782 899 Δείκνυται
3809 845 3869 897 δὲ
3899 846 4001 896 καὶ

2417 938 2510 991 νῦν
2537 938 2616 991 ἔτι
2646 942 2855 993 τούτων
2884 939 3216 1008 ὀστάμηδὲν
3252 942 3364 1001 τοῖς
3395 937 3501 992 ὑπὸ
3543 938 3727 990 πίστιν
3758 936 3993 1007 ἐρχομέ-

2417 1047 2528 1092 νοις
2561 1031 2802 1083 ἐοικότα.

742 1151 862 1187 rum
909 1132 1187 1186 hominum
1219 1132 1405 1185 formae
1437 1122 1543 1182 non
1578 1128 1953 1197 responderet,
1991 1123 2307 1177 inusitatum
2353 1121 2679 1177 mortalibus
2743 1124 3114 1191 spectaculum
3145 1132 3303 1178 erant
3367 1132 3422 1178 et
3450 1123 3648 1178 famam
3686 1120 3758 1178 de
3792 1136 3855 1176 se
3890 1132 4003 1176 ter—

745 1225 953 1278 ribilem
1009 1223 1382 1277 concitabant.
1440 1221 1643 1274 Eorum
1704 1232 1848 1271 nunc
1891 1229 2107 1283 queque
2159 1218 2535 1265 monstrantur
2560 1211 2739 1266 adhuc
2760 1227 2883 1266 ossa
2916 1213 3072 1266 ﬁdem
3102 1214 3263 1282 plane
3297 1214 3630 1281 superantia.

814 1314 1017 1367 llorum
1050 1322 1235 1372 aetate.
1281 1311 1539 1365 videlicet
1590 1307 1816 1361 Barachi
1852 1316 2013 1375 atque
2062 1303 2310 1363 Deborae,

744 1404 1135 1474 sapientissimi
1204 1402 1347 1471 apud
1404 1400 1625 1455 Graecos
1676 1398 1780 1451 viri
1852 1392 2211 1449 Prometheus
2261 1398 2317 1444 et

743 1497 1003 1567 Orpheus
1057 1493 1326 1548 oriundus
1380 1509 1411 1546 c
1480 1490 1711 1545 Thracia
1770 1486 2012 1542 celebres
2074 1482 2315 1542 inerunt,

744 1590 984 1656 itemque
1028 1586 1272 1640 medicus
1325 1584 1696 1652 Esculapius,
1740 1588 1797 1633 et
1833 1577 2109 1647 Lycurgus
2134 1573 2315 1641 legum

745 1680 890 1751 apud
929 1676 1376 1734 Lacedaemonios
1421 1676 1580 1727 lator.
1624 1669 1997 1737 Esculapium
2051 1665 2319 1718 aiuutar-

745 1784 854 1827 tem
885 1770 1153 1825 medicam
1182 1778 1290 1821 tam
1335 1774 1591 1821 accurate
1637 1761 1907 1833 cognitam
1945 1757 2221 1818 habuisse,
2258 1760 2316 1805 ut

2504 1301 2628 1353 Ἐπὶ
2658 1303 2755 1370 μὲν
2778 1302 2965 1371 Βαρὰχ
2998 1306 3092 1355 καὶ
3117 1285 3371 1373 Ᾱεΰὼρας
3397 1303 3726 1373 Προμηθεὺς
3762 1303 3861 1355 καὶ
3880 1300 3999 1370 Ὀρ·

2421 1390 2554 1458 φεὺς
2580 1392 2728 1461 Θρᾲξ
2764 1393 3123 1463 ὲγνωρίζοντο
3157 1396 3205 1446 οἱ
3235 1394 3367 1463 παρ’
3399 1395 3629 1462 Ἕλλησι
3659 1393 3999 1462 σοφώτατοι,

2424 1483 2518 1532 καὶ
2576 1482 2905 1551 Ἀσκληπιὸς
2934 1484 2963 1535 6
3007 1484 3191 1553 ίατρὸς
3249 1487 3340 1537 καὶ
3367 1485 3685 1555 Λυκοῦργος
3707 1487 3733 1537 6
3763 1483 3999 1553 νομί,οέ-

2422 1588 2523 1640 της
2552 1572 2688 1642 (52).
2716 1572 2982 1627 Τοσοῦτον
3011 1574 3068 1627 δὲ
3095 1576 3316 1644 λέγουσι
3340 1576 3432 1627 τὸν
3475 1575 3814 1643 Ἀσκληπιὸν
3834 1576 4001 1643 ἠκρι-

2423 1662 2660 1716 ϐωκέναι
2715 1665 2814 1733 τὴν
2872 1666 3122 1736 ἰατρικὴν
3154 1667 3351 1737 τέχνην
3382 1667 3456 1729 ὡς
3481 1670 3577 1719 καὶ
3604 1664 3841 1734 νεκροὺς
3882 1668 4005 1716 ἁνι-

2426 1757 2577 1825 στᾷν,
2605 1749 2750 1824 seu},
2801 1758 3182 1828 χαλεπήναντα
3230 1759 3320 1811 τὸν
3365 1758 3462 1809 Δία
3518 1757 3772 1829 κεραυνῷ
3816 1756 4001 1826 βαλεῖν

745 1863 908 1917 etiam
969 1870 1242 1913 mortuum
1291 1855 1585 1925 quemdam
1627 1852 1753 1906 vita:
1811 1847 2149 1910 restituerit;
2208 1857 2317 1912 quo

2424 1846 2602 1911 αὐτὸν,
2633 1848 2727 1901 καὶ
2761 1848 2905 1903 οῦτω
2944 1849 3052 1903 τῶν
3088 1849 3218 1921 τῇδε
3247 1849 3533 1921 ἐκστῆσαι.

746 1957 889 2011 laeto
919 1954 1126 2021 Jupiter
1150 1952 1321 2005 iratus
1355 1948 1629 2003 hominem
1658 1945 1886 2000 fulmine
1918 1950 2122 1996 tactum
2156 1938 2319 1992 rebus

747 2044 1002 2099 humanis
1036 2041 1325 2109 exemerit.

818 2135 1132 2187 Secundum
1177 2132 1295 2184 lucc
1341 2128 1581 2183 indicare
1611 2126 1755 2181 Deus
1786 2126 1976 2182 volens
2008 2124 2191 2179 omnia
2222 2136 2323 2193 per

747 2223 922 2292 ipsius
953 2232 1278 2291 potestatem
1307 2221 1442 2283 lieri,
1473 2234 1581 2273 non
1618 2234 1718 2289 per
1755 2216 2041 2271 hominum
2074 2217 2322 2287 ingentes

746 2315 955 2384 copias,
985 2314 1225 2369 Gedeoni
1250 2312 1574 2366 Illadianreos
1613 2309 1871 2364 invadere
1894 2309 2109 2363 conanti
2134 2316 2324 2361 auctor

747 2406 848 2461 fuit
873 2414 931 2459 ut
959 2406 1075 2474 ipsa
1111 2405 1165 2457 in
1199 2402 1451 2466 meridie,
1483 2416 1607 2456 cum
1653 2409 1822 2455 aestus
1857 2400 2126 2453 maximus
2160 2398 2320 2462 foret,

747 2497 1049 2552 exercitum
1091 2495 1157 2549 ad
1193 2494 1395 2547 ﬂumen
1430 2493 1678 2546 duceret.
1726 2489 1806 2544 lbi
1840 2503 1971 2543 vero
2011 2488 2323 2557 quicdnque

748 2604 801 2643 .n
830 2601 1005 2658 genua
1031 2584 1447 2655 procumberent
1480 2592 1643 2652 atque
1667 2581 1736 2634 ita
1757 2580 2030 2645 biberent,
2056 2579 2214 2649 164,
2230 2595 2323 2634 eos

750 2689 809 2732 ut
842 2694 939 2747 pro
965 2675 1323 2746 magnanimis
1344 2674 1570 2728 haberet
1592 2681 1778 2726 monet
1810 2689 1822 2724 :
1850 2680 2117 2741 quntquot
2141 2681 2321 2725 autem

750 2771 1079 2824 chIinanter
1126 2778 1184 2820 et
1225 2782 1348 2821 cum
1387 2766 1623 2820 tumultu
1658 2763 1892 2833 quodam
1926 2763 2197 2826 biberent,
2228 2777 2323 2816 eos

749 2862 1096 2915 existimaret
1128 2863 1228 2915 hoc
1257 2875 1368 2932 pra:
1401 2856 1693 2912 formidine
1735 2855 1937 2909 facere.
1978 2853 2110 2907 Cum
2143 2852 2324 2908 Geileo

750 2949 845 3002 Dei
881 2950 1107 3004 monitis
1138 2963 1342 3019 parens
1377 2950 1481 3000 hoc
1506 2945 1681 3015 ipsum
1734 2942 1973 3005 fecisset,
2007 2941 2113 2997 5ου
2147 2943 2325 2997 homi—

752 3054 848 3093 nes
909 3039 1110 3107 reperti
1175 3046 1302 3093 sunt
1348 3036 1441 3104 qui
1483 3049 1607 3089 cum
1662 3032 2026 3102 trepidatione
2073 3032 2325 3085 manibus

752 3144 946 3198 aquam
994 3130 1243 3184 haustam
1302 3128 1382 3182 ori
1437 3126 1809 3188 admoverent,
1861 3123 2319 3191 quemadmodum

750 3221 1019 3289 Iosephus
1050 3219 1327 3274 memoria:
1358 3218 1618 3287 prodidit.
1655 3217 1999 3284 Quapropter
2024 3215 2071 3268 ei
2120 3230 2321 3283 praece-

750 3315 829 3383 pit
854 3312 995 3366 Deus
1024 3324 1081 3365 ut
1110 3327 1231 3366 cum
1257 3311 1361 3363 illis
1396 3312 1607 3362 hostem
1628 3306 1959 3360 adoriretur.
1988 3305 2163 3360 Noctu
2194 3322 2322 3377 ergo

752 3404 1078 3459 Medianreos
1111 3401 1403 3465 invadunt,
1441 3414 1563 3453 cum
1608 3399 1765 3452 tubas
1798 3398 2051 3451 manibus
2084 3396 2324 3466 itemque

752 3497 899 3550 faces
929 3506 1188 3547 accensas
1222 3492 1363 3544 intra
1394 3506 1516 3543 vasa
1562 3489 1809 3558 qnzrdam
1844 3497 2141 3559 gestarent.

824 3582 951 3638 Post
986 3583 1100 3636 haec
1128 3582 1311 3636 Geileo
1356 3587 1642 3635 senectute
1687 3576 1973 3632 conlectus
2005 3578 2110 3631 vita
2142 3576 2324 3645 fungi-

752 3688 863 3740 tur,
890 3674 1097 3729 relictis
1154 3674 1283 3727 ﬁliis
1320 3671 1562 3742 legitimo
1610 3678 1726 3723 toro
1764 3669 1909 3722 natis
1957 3671 2321 3739 septuaginta,

751 3781 888 3835 quos
954 3780 1021 3819 ex
1080 3763 1331 3833 pluribus
1386 3760 1653 3815 uxoribus
1707 3768 2049 3827 susceperat,
2103 3769 2155 3812 et
2212 3775 2325 3812 uno

752 3857 938 3924 Spurio
992 3870 1021 3910 e
1063 3853 1373 3909 Concubina
1427 3859 1578 3907 nato.
1629 3850 1768 3903 Hinc
1819 3847 2041 3902 Mauoas
2099 3859 2326 3918 accepto

750 3948 1015 4002 divinitus
1040 3947 1316 4016 promisso
1370 3943 1537 3997 lilium
1571 3942 1759 4013 gignit,
1793 3941 1877 3995 cui
1916 3940 2203 3995 Samsonis
2231 3956 2328 3994 no-

756 4057 876 4095 men
911 4050 995 4095 est
1026 4039 1279 4099 inditum,
1313 4037 1458 4107 quod
1510 4051 1575 4090 ex
1618 4036 2067 4104 interpretatione
2101 4032 2322 4102 Josephi

750 4135 1030 4188 robustum
1061 4131 1352 4201 signiﬁcat.
1399 4128 1603 4183 Eodem
1628 4142 1749 4181 eum
1784 4127 1885 4180 hoc
1916 4134 2159 4195 tempore
2190 4123 2325 4177 Her-

754 4226 905 4280 cules
935 4222 1328 4293 quoqueyixit.
1366 4221 1495 4273 Erat
1516 4228 1699 4271 autem
1736 4216 1985 4271 Samsoni
2018 4226 2125 4269 tam
2154 4215 2327 4269 virilis

746 4318 990 4382 animus,
1022 4324 1081 4369 ut
1118 4328 1241 4368 cum
1274 4311 1473 4367 Gazam
1510 4310 1791 4380 ingressus
1825 4310 1890 4361 ad
1927 4308 2325 4362 meretricularn

757 4408 1049 4477 quamdam
1079 4405 1390 4460 divertisset
1424 4414 1586 4469 atque
1629 4400 1696 4454 ab
1729 4400 1921 4453 incolis
1973 4398 2157 4468 oppidi
2208 4398 2329 4452 uni-

757 4502 933 4555 versis
966 4498 1357 4559 custodiretur,
1387 4493 1641 4547 manibus
1666 4492 1779 4545 suis
1807 4500 1995 4559 portas
2026 4505 2147 4543 cum
2175 4504 2332 4558 repa-

754 4589 895 4659 gulis
923 4585 1180 4641 emiserit
1214 4595 1375 4653 atque
1424 4584 1495 4635 ita
1528 4580 1732 4650 oppido
1774 4579 1843 4632 sit
1870 4592 2143 4647 egressus.
2180 4576 2323 4642 Quin

756 4682 917 4735 etiam
947 4680 1259 4749 priusquam
1299 4678 1402 4729 hoc
1442 4674 1739 4737 accideret,
1770 4680 2027 4740 suscepto
2062 4670 2326 4724 adversus

757 4771 1073 4828 Palmstinos
1124 4768 1285 4832 bello,
1320 4766 1575 4835 quiddam
1624 4763 1937 4831 hujusmotli
1989 4760 2137 4815 fecit.
2199 4760 2330 4816 Erat

759 4874 975 4931 tempus
998 4860 1267 4920 :rstivum,
1320 4858 1540 4926 jamque
1593 4855 1808 4907 [ructus
1841 4854 1913 4905 ita
1949 4860 2330 4905 maturuerant

756 4962 815 5006 ut
843 4951 1037 5004 messis
1068 4956 1372 5018 appeteret,
1409 4962 1531 5000 cum
1573 4945 1765 4999 Samso
1800 4943 2057 4998 trecentis
2076 4943 2327 5012 vulpibus

756 5045 929 5112 ρςψιίς
968 5056 1154 5095 earum
1204 5040 1393 5094 caudis
1427 5038 1571 5093 faces
1603 5038 1857 5091 ardentes
1906 5037 2114 5107 alligat.
2157 5046 2323 5105 atque

758 5137 828 5186 ita
863 5134 917 5186 in
954 5132 1362 5185 Palestinorum
1413 5146 1571 5197 agros
1600 5144 1691 5180 cas
1729 5125 1994 5179 immittit.
2034 5125 2145 5179 lloc
2170 5135 2327 5195 pacto

757 5235 968 5294 segetes
1001 5238 1185 5276 eorum
1215 5232 1421 5275 exusta:
1457 5220 1698 5273 luerunt.
1762 5216 1841 5269 Illi
1895 5217 2173 5285 segetibus
2207 5233 2329 5271 suc-

758 5320 937 5372 censi;
961 5316 1160 5371 bellum
1192 5315 1448 5369 lsraclitis
1471 5314 1697 5377 faciunt,
1719 5312 1987 5383 simulque
2008 5311 2325 5366 Samsonem

830 5498 942 5568 (32)
969 5497 1380 5559 Prometheum,
1411 5493 1712 5563 Orpheum,
1776 5492 2154 5558 xEsculapium
2208 5506 2323 5544 rne-

756 5572 1046 5628 dicumpac
1077 5568 1435 5635 legislamrem
1500 5569 1823 5637 Lycurgum,
1868 5572 2124 5637 tauquam
2186 5578 2329 5614 coice

764 5655 958 5695 laneus
981 5633 1324 5706 ad'teinpora
1368 5633 1557 5689 υμνοι-ἱ
1614 5633 1922 5689 ριήίηυιωινιιι
1984 5633 2170 5706 refert,
2204 5647 2325 5684 eum

761 5725 939 5766 tunen
992 5709 1156 5763 variis
1196 5703 1591 5775 distinetisquc
1636 5706 1871 5760 vixerint
1921 5703 2262 5775 temporibus
2307 5718 2321 5753 :

758 5782 852 5838 sed
891 5780 1068 5851 Glycu:
1124 5771 1519 5847 ἁνιστορηςίας
1573 5780 1668 5830 καὶ
1701 5771 2209 5846 παραχρονισμθὺ;,
2267 5782 2325 5825 ut

2490 2109 2672 2176 Δεῖξαι
2704 2108 2760 2162 δὲ
2814 2109 2985 2163 θέλων
3015 2112 3042 2164 6
3073 2112 3207 2174 Θεὸς
3256 2114 3337 2166 ὃτι
3373 2115 3439 2182 τῇ
3465 2112 3695 2181 δυνάμει
3724 2113 3893 2166 αὐτοῦ
3930 2112 4001 2167 τὰ

2419 2203 2597 2255 πάντα
2621 2202 2860 2270 γίνονται
2896 2206 2991 2255 καὶ
3011 2204 3071 2255 οὐ
3099 2205 3295 2275 πλήθει
3331 2204 3486 2269 λαοῦ,
3525 2205 3891 2271 συμϐουλεύει
3923 2206 4000 2275 τῷ

2420 2293 2647 2359 Γεδεὼν,
2673 2294 2836 2363 ἡνίκα
2868 2296 3010 2348 κατὰ
3045 2298 3397 2368 Μαδιηναίων
3432 2300 3611 2369 ὁρμᾷν
3644 2298 3831 2368 ἤθελε,
3865 2299 3999 2365 περὶ

2426 2386 2699 2455 μεσοῦσαν
2753 2389 2971 2457 ἡμέραν
3033 2390 3089 2441 ὲν
3130 2392 3285 2461 ἀκμῇ
3326 2392 3420 2444 τοῦ
3480 2391 3768 2459 καύματος
3820 2390 3998 2452 ὄντος.

2421 2479 2575 2546 ἄγειν
2601 2481 2700 2547 τὴν
2742 2480 3004 2550 στρατιὰν
3033 2483 3124 2534 ἐπὶ
3147 2482 3237 2534 τὸν
3276 2484 3544 2553 ποταμὸν,
3590 2484 3840 2545 καὶτοὺς
3901 2483 4000 2551 μὲν

2424 2569 2855 2633 κατακλιθέντας
2888 2571 2986 2623 καὶ
3010 2570 3152 2624 οὕτω
3175 2573 3432 2635 πίνοντας
3456 2572 3725 2643 εὐψύχους
3753 2573 4000 2641 ὑπολαμ-

2425 2660 2631 2723 ϐάνειν,
2662 2661 2777 2713 ὅσοι
2801 2660 2845 2713 δ’
2871 2661 2937 2715 ἂν
2973 2662 3432 2732 ἐσπουδασμένως
3451 2666 3548 2717 καὶ
3582 2665 3721 2734 μετὰ
3765 2665 4000 2735 θορύϐου

2428 2750 2671 2813 πίνοντες
2717 2751 2957 2819 τύχοιεν,
2992 2752 3217 2815 τούτους
3254 2755 3319 2825 δὴ
3373 2758 3620 2825 νομίζειν
3655 2757 3764 2809 ὑπὸ
3788 2757 3997 2821 δειλίας

2424 2840 2581 2894 τοῦτο
2614 2842 2867 2910 πάσχειν.
2896 2844 3002 2896 Τοῦ
3041 2846 3229 2914 μέντοι
3257 2846 3466 2899 Γεδεὼν
3498 2848 3639 2900 κατὰ
3664 2850 3762 2909 τὰς
3789 2848 3995 2919 ὑποθή-

2424 2949 2526 2994 κας
2554 2931 2648 2985 τοῦ
2705 2932 2842 2986 Θεοῦ
2882 2935 3210 3003 ποιήσαντος
3257 2939 3561 3006 τριακόσιοι
3621 2939 3817 3010 ἄνδρες
3846 2942 4001 3009 εὐρέ-

2426 3023 2599 3093 θησαν
2629 3025 2750 3087 ταῖς
2775 3026 2932 3095 χερσὶ
2976 3026 3117 3096 μετὰ
3145 3027 3352 3098 τρόμου
3396 3033 3906 3101 προσενεγκάμενοι
3940 3036 4001 3086 τι

2427 3116 2592 3185 ὕδωρ.
2625 3116 2697 3179 ὡς
2727 3118 2987 3188 Ἰώσηπος
3015 3120 3243 3189 ἱστορεῖ.
3269 3120 3433 3173 ὈΘεν
3460 3125 3555 3176 καὶ
3572 3124 3659 3176 διὰ
3694 3128 3806 3177 τῶν
3823 3126 4003 3179 τοιού-

2426 3229 2532 3263 των
2563 3212 2667 3281 ἔφη
2686 3213 2713 3264 6
2739 3211 2870 3275 Θεὸς
2898 3217 3010 3277 τοῖς
3045 3214 3331 3284 πολεμίοις
3362 3216 3640 3287 ἐμϐαλεῖν.
3671 3218 3887 3283 Νυκτὸς
3907 3221 4005 3274 οῦν

2425 3304 2611 3366 αὐτοῖς
2643 3304 3066 3375 ἐπεμϐαίνουσι,
3102 3308 3411 3374 σάλπιγγας
3437 3312 3561 3361 ταῖν
3597 3314 3779 3380 χεροῖν
3807 3313 4007 3381 φέρον-

2425 3413 2516 3459 τες
2544 3398 2637 3448 καὶ
2671 3397 2963 3466 λαμπάδας
2998 3398 3316 3469 ἁπτομένας
3350 3403 3495 3466 ἐντὸς
3529 3402 3774 3472 ἀγγείων
3812 3406 4002 3459 τινῶν.

2496 3571 2609 3621 Καὶ
2663 3571 2690 3621 6
2748 3570 2847 3639 μὲν
2881 3570 3089 3624 Γεδεὼν
3132 3574 3361 3642 γηραιὸς
3414 3574 3662 3647 τελευτᾷ,
3715 3578 3911 3642 παῖδες
3948 3581 4005 3633 δὲ

2424 3655 2564 3730 ἦσαν
2597 3660 2744 3731 αὐτῷ
2796 3663 3005 3730 γνήσιοι
3045 3663 3144 3731 μὲν
3179 3664 3222 3715 o’
3269 3665 3491 3730 (πολλάς
3533 3670 3640 3739 γὰρ
3688 3669 3863 3740 ἔγημε
3912 3690 4010 3738 γυ-

2426 3756 2665 3822 ναῖκας),
2700 3754 2855 3817 νόθος
2892 3754 2949 3806 δὲ
2996 3751 3073 3817 εἷς
3112 3757 3505 3828 ὲκηπαλλακῆς.
3551 3760 3641 3825 Ἐξ
3667 3763 4007 3830 ἐπαγγελίας

2426 3850 2602 3899 τίκτει
2632 3848 2659 3900 6
2697 3847 2918 3912 Μανωὲ,
2959 3846 3018 3899 τὸ
3062 3848 3119 3900 δὲ
3166 3849 3432 3920 γεννηθὲν
3470 3851 3681 3905 παιδίον
3720 3854 3816 3922 ΣαιΖ
3847 3856 4005 3925 ψῶνα

2427 3937 2685 3989 καλοῦσιν
2707 3953 2722 3968 ο
2763 3937 3019 4007 ἰσχυρὸν
3042 3939 3098 3990 δὲ
3132 3940 3275 3992 κατὰ
3321 3940 3411 3992 τὸν
3451 3942 3712 4011 Ἰώσηπον
3744 3950 4007 4016 σημαίνει

2427 4030 2487 4081 τὸ
2536 4029 2729 4098 ὄνομα.
2778 4030 3094 4096 Τηνικαῦτα
3146 4032 3242 4085 καὶ
3288 4033 3566 4105 Ἡρακλῆς
3617 4037 3860 4105 ἤκμαζε.
3904 4041 4008 4093 Το-

2431 4120 2621 4173 σοῦτον
2650 4120 2716 4191 δὴ
2744 4117 2813 4191 ἦν
2841 4122 3083 4192 ἀνδρεῖος
3110 4124 3137 4176 6
3176 4124 3416 4193 Σαμψὼν
3450 4125 3531 4178 ὅτι
3578 4129 3669 4178 καὶ
3700 4130 3794 4179 ἐπὶ
3825 4128 3863 4179 Γ
3869 4130 4007 4193 άζαν

2431 4213 2693 4266 εἰσελθὼν
2754 4212 2849 4266 καὶ
2906 4214 3059 4285 παρὰ
3105 4215 3278 4285 πόρνῃ
3325 4206 3429 4268 τινὶ
3470 4218 3784 4287 καταχθεὶς,
3816 4222 4007 4291 ἐπειδὴ

2432 4309 2803 4375 παρετηρείτο
2862 4306 3014 4377 παρὰ
3070 4307 3181 4359 τῶν
3236 4309 3448 4372 ἐκεῖσε,
3507 4311 3877 4381 ἀνεμόχλευσε
3921 4315 4010 4369 διὰ

2432 4398 2632 4466 χειρῶν
2668 4399 2765 4459 τὰς
2814 4397 2988 4460 πύλας
3019 4400 3114 4451 καὶ
3147 4399 3389 4469 ἐξῆλθεν.
3442 4402 3599 4456 Ἀλλὰ
3630 4408 3723 4456 καὶ
3752 4407 3862 4476 προ
3890 4410 4012 4460 τού-

2362 4508 2529 4571 ῡτου
2582 4490 2723 4543 κατὰ
2780 4490 3153 4544 Παλαιστινῶν
3187 4492 3326 4561 ἔχων
3373 4495 3401 4545 6
3444 4495 3685 4564 Σαμψὼν
3722 4498 3775 4550 τί
3830 4504 4010 4566 ποιεῖς

2433 4583 2637 4652 Θέρους
2699 4583 2846 4647 δντος
2904 4585 3002 4637 καὶ
3058 4585 3192 4655 πρὸς
3230 4585 3442 4655 άμητδν
3496 4589 3598 4659 ἠδη
3644 4590 3753 4642 τῶν
3776 4595 4012 4662 καρπῶν

2435 4674 2791 4742 ἀκμαζόντων
2825 4673 3101 4726 συλλαϐὼν
3136 4675 3234 4739 τὰς
3291 4675 3601 4739 ἀλώπεκας,
3646 4681 3739 4732 καὶ
3774 4683 3887 4734 τῶν
3924 4686 4014 4736 οὖ-

2441 4764 2549 4834 ρών
2581 4764 2765 4817 αὐτῶν
2812 4764 3015 4835 ἐξάψας
3047 4766 3336 4836 λαμπάδας
3365 4770 3639 4837 ἡμμένας,
3673 4771 3905 4841 ἀφίησιν
3934 4776 4013 4838 είς

2436 4857 2535 4917 τὰς
2568 4854 2807 4925 ἀρούρας
2839 4856 2945 4910 τῶν
2978 4857 3372 4919 Παλαιστινῶν,
3410 4860 3502 4911 καὶ
3547 4859 3690 4914 οὕτω
3719 4863 3848 4925 τοὺς
3878 4882 4009 4933 καρ-

2438 4945 2575 5008 ποὺς
2604 4946 2788 4998 αὐτῶν
2839 4946 3171 5016 διέφθειρεν.
3214 4951 3276 5002 Οἱ
3326 4946 3419 5002 οῦν
3464 4951 3753 5020 ἀλλόφυλοι
3785 4957 3926 5020 μετὰ
3954 4958 4012 5008 τὸ

2437 5037 2828 5107 ἐμπρησθῆναι
2858 5039 2956 5101 τὰς
2982 5040 3220 5110 ἀρούρας
3248 5041 3427 5095 αὐτῶν
3456 5043 3694 5112 πόλεμον
3714 5045 3855 5114 πρὸς
3882 5049 4011 5111 τιὺς

2450 5127 2795 5196 Ἰσραηλίτας
2838 5130 3194 5193 συνάπτουσι,
3257 5133 3347 5185 τὸν
3398 5133 3639 5203 Σαμψὼν
3692 5137 4011 5207 αἰτούμενοι

2435 5219 2667 5273 ἔκδοτον.
2707 5220 2771 5271 Τί
2801 5216 2894 5273 οὖν
2922 5223 2971 5273 οἱ
3013 5222 3345 5293 Ἰσραηλῖται
3378 5240 3392 5289 ;
3439 5226 3553 5293 Τῃν
3585 5227 3690 5279 τῶν
3736 5228 4012 5299 πολεμῖων

2436 5312 2668 5375 δεδιότες
2719 5312 2909 5381 ἔφοδον
2966 5314 3188 5387 δέσμιον
3237 5318 3421 5380 αὐτοῖς
3467 5318 3559 5371 τὸν
3598 5319 3841 5389 Σαμψὼν
3870 5323 4012 5376 sxa;-

2436 5488 2545 5569 jam
2583 5491 2788 5571 monui.
2827 5493 3132 5571 emendare
3170 5504 3263 5548 aut
3324 5494 3571 5571 refellere
3628 5512 3736 5551 non
3767 5507 3855 5554 est
3904 5499 4012 5553 mei

2438 5564 2667 5634 instituti
2700 5579 2712 5625 ;
2771 5578 2872 5634 nec
2905 5565 3047 5617 idem
3090 5566 3301 5619 sincere
3337 5564 3525 5626 refert,
3551 5583 3671 5634 quae
3701 5567 3769 5620 de
3798 5577 4016 5623 trecen-

2438 5633 2813 5706 tis‘Gedeonis
2859 5637 2923 5687 ait
2974 5649 3215 5702 pugnam
3276 5636 3479 5706 paratis
3541 5633 4015 5695 cummilitonibus

2438 5701 2681 5758 referunt
2709 5719 2875 5759 sacra:
2927 5701 3156 5774 paginae.
