4204 6450
168 370 269 427 317

1410 367 1803 426 ΛΝΝΔΙᾸΗΜ
1856 368 2049 425 PAIlS
2091 369 2172 429 ll.

3315 371 3418 433 313

165 477 337 529 δίεισι.
378 477 484 530 Kal
516 476 572 540 ὃς
605 477 730 529 ἰδὼν
752 477 993 540 ἐκείνους
1020 477 1375 548 ὁρμήσαντας
1420 480 1538 531 κατ’
1568 479 1735 531 αὐτού

1861 478 1941 531 sibi
1983 480 2103 533 dedi
2159 481 2374 548 jubent.
2420 482 2559 549 Quid
2614 486 2703 541 hic
2751 485 2955 540 factum
3006 486 3072 539 ah
3114 486 3419 543 Israelitis?

165 571 236 620 τὰ
279 569 377 637 μὲν
423 568 598 638 δεσμά
626 569 906 639 διέρρηξε,
944 570 1173 637 σιαγόνα
1200 570 1256 623 δὲ
1292 568 1415 621 ὄνου
1446 568 1629 622 λαϐὼν
1660 589 1741 639 χι-

169 658 313 722 λίους
354 660 552 722 ἄνδρας
581 659 691 710 τῶν
726 657 1043 728 ἀλλοφύλων
1077 659 1417 714 ἀπέκτεινεν.
1461 659 1622 712 Ὅθεν
1651 660 1745 713 ἐπὶ

164 750 424 803 τοσοῦτον
455 750 861 819 ἀγωνιζόμενος
886 749 990 803 ύπδ
1016 750 1204 819 δίψους
1230 750 1519 818 ἐφλέγετο.
1551 750 1743 802 Δέεται

165 839 261 895 οὖν
300 841 395 895 τοῦ
434 842 595 909 Θεοῦ,
637 844 732 897 καὶ
757 842 1066 913 τηνικαῦτα
1110 843 1519 912 παραμυθεῖται
1545 841 1741 894 αὐτόν·

166 933 340 1004 ὴδγάρ
382 933 589 1002 σιαγὼν
630 934 760 1005 παρ’
793 935 965 988 αὑτοῦ
992 934 1310 989 ἐκθλιὸεῖσα
1336 934 1483 1003 ὕδωρ
1516 934 1745 986 ἐὸλυσεν

163 1026 417 1100 ἀφᾷονον.
458 1026 624 1079 Ὅθεν
655 1030 686 1090 ὴ
721 1028 949 1097 τοιαύτη
1011 1028 1162 1098 πηγὴ
1218 1028 1382 1097 μέχρι
1422 1028 1515 1079 καὶ
1576 1028 1747 1095 τήμε-

166 1136 261 1189 ρον
292 1121 351 1171 ἐν
403 1120 519 1181 τοῖς
546 1118 894 1189 προαστείοις
933 1119 1150 1172 Ἐλευοε
1164 1118 1439 1189 ροπόλεως
1467 1117 1744 1185 φαίνεται,

166 1210 422 1277 σιαγόνος
465 1208 920 1279 ἐπονομαζομένη
972 1212 1147 1280 πηγή.
1192 1208 1253 1261 '0
1289 1208 1387 1278 μὲν
1433 1204 1527 1261 οὖν
1558 1207 1748 1277 Ἰώση-

164 1304 264 1365 πός
294 1319 463 1373 φησιν
521 1303 603 1355 ὅτι
638 1304 704 1374 τῇ
757 1304 937 1373 οἰκείᾳ
972 1301 1231 1370 δυνάμει,
1277 1302 1374 1355 καὶ
1403 1301 1464 1353 οὐ
1504 1299 1581 1371 τῷ
1632 1299 1749 1369 Θεῷ

159 1393 264 1464 τὴν
286 1393 446 1463 νίκην
476 1391 927 1461 ἐπιγραψάμενος
962 1391 1189 1462 διψῆσαι
1215 1432 1230 1456 ,
1260 1390 1403 1445 κατὰ
1433 1391 1568 1443 πολὺ
1614 1407 1748 1460 συγ-

161 1484 503 1557 κεχώρηται.
542 1485 688 1553 Πλὴν
718 1485 746 1536 ό
771 1483 1028 1547 τοσοῦτος
1053 1485 1153 1555 τὴν
1186 1484 1339 1554 ἰσχὺν
1362 1484 1470 1537 ὑπὸ
1490 1484 1751 1552 γυναικὸς

167 1579 414 1647 κατέστη
457 1577 712 1646 παίγνιον
766 1576 1018 1647 ὕστερον.
1054 1577 1207 1629 Μετά
1240 1576 1413 1629 ταῦτα
1462 1579 1570 1647 γὰρ
1610 1576 1751 1646 ὴγά-

172 1680 322 1733 πησι
348 1663 449 1734 τὴν
491 1666 554 1716 ἐκ
594 1664 970 1717 Παλαιστινῶν
999 1664 1255 1727 Δαλιλάν,
1289 1664 1412 1734 ἥτις
1448 1668 1599 1735 παρά
1642 1665 1751 1718 τῶν

163 1756 489 1825 ἀλλοφύλων
549 1756 1003 1827 δωροφορηθεῖσα
1070 1757 1224 1826 ἠξίου
1284 1758 1448 1811 αὐτὸν
1513 1757 1753 1822 ἐξειπεῖν

1850 569 2124 623 Nimirum
2158 572 2232 625 illi
2269 574 2495 629 hostiles
2529 579 2780 631 incursus
2810 577 2966 631 veriti
2992 578 3232 631 vinetum
3261 578 3418 634 Sant-

1846 677 2035 715 senem
2069 664 2149 718 eis
2175 664 2404 719 dedunt.
2442 666 2536 721 llic
2581 684 2702 723 cum
2758 668 2847 724 ille
2891 669 3207 724 Palaestinos
3245 672 3312 725 ad
3360 688 3420 727 se

1845 755 2241 810 contendentes
2269 769 2544 823 cerneret,
2580 761 2754 829 ruptis
2779 762 3012 815 vinrnlis
3043 762 3237 830 quibus
3255 765 3419 818 astri-

1847 853 1968 897 ctus
1994 854 2134 911 erat,
2183 848 2321 901 asini
2372 850 2643 904 maxillam
2711 860 2905 905 nactus
2935 853 3083 906 mille
3115 853 3299 908 hostes
3334 857 3423 909 in-

1849 938 2066 991 terlicit.
2134 939 2285 1005 .Cum
2347 951 2530 995 autem
2611 952 2763 996 tanta
2818 944 3017 998 virium
3070 947 3423 1001 contentione

1850 1028 2187 1097 pradiaretnr
2217 1031 2269 1082 in
2310 1029 2545 1096 hos:em,
2578 1034 2778 1089 accidit
2812 1044 2871 1089 ut
2920 1035 3040 1089 sitis
3069 1036 3269 1092 ardens
3296 1052 3423 1091 eum

1851 1118 2093 1186 graviter
2149 1118 2435 1188 afﬂigeret.
2496 1120 2843 1191 Quapropter
2918 1120 3088 1175 Deum
3151 1122 3424 1187 obsecrat,

1850 1209 1940 1277 qui
1973 1223 2099 1262 mox
2146 1225 2304 1280 opem
2345 1213 2708 1281 suppeditans
2750 1212 3029 1267 hominem
3092 1212 3424 1269 consolatur.
3507 1212 3510 1215 ’

1850 1298 2064 1370 Quippe
2096 1301 2163 1355 de
2189 1302 2429 1367 maxilla,
2473 1318 2634 1372 quam
2687 1303 2987 1373 abjccerat,
3031 1304 3222 1374 ingens
3272 1320 3428 1375 aquae

1852 1391 2009 1459 copia
2044 1391 2411 1457 protnanavit.
2448 1393 2626 1462 Atque
2677 1393 2769 1448 hic
2816 1391 2936 1448 lons
2990 1394 3045 1448 in
3100 1396 3426 1450 hodiernum

1853 1495 2025 1550 usque
2062 1481 2205 1535 diem
2239 1481 2293 1536 in
2322 1483 2767 1554 Eleutheropolis
2787 1484 3055 1540 snburbio
3095 1488 3431 1558 conspicitur

1852 1582 1907 1626 et
1938 1571 2083 1627 Fons
2132 1574 2366 1628 maxillae
2411 1586 2785 1646 nuncupatur.
2820 1575 2998 1645 Atque
3042 1577 3148 1632 hoc
3186 1579 3307 1633 loco
3338 1578 3434 1633 Jo-

1854 1664 2060 1734 sephus
2092 1666 2188 1731 ait,
2224 1665 2369 1733 quod
2402 1667 2517 1721 suis
2564 1667 2798 1731 viribus,
2831 1683 2941 1722 non
2993 1667 3102 1722 Deo
3143 1671 3428 1726 victoriam

1856 1764 2137 1824 acceptam
2190 1756 2426 1820 tulisset,
2477 1768 2627 1811 tanta
2684 1758 2773 1813 siti
2827 1774 2948 1814 esse
2996 1769 3271 1816 vexatum.
3324 1763 3432 1818 Sed

158 1850 300 1919 αὐτῇ
336 1848 394 1900 ἐν
422 1849 531 1901 τίνι
559 1850 821 1918 τυγχάνει
863 1851 896 1919 ἡ
931 1850 1084 1919 ἰσχὺς
1124 1848 1314 1903 αὑτοῦ.
1352 1851 1461 1902 Καὶ
1490 1848 1551 1913 ὃς
1578 1866 1749 1919 παρε-

1861 1846 1999 1901 enim
2046 1856 2199 1903 tanto
2257 1849 2338 1901 vir
2389 1859 2657 1919 prmstans
2708 1851 2908 1906 robore
2962 1852 3220 1924 deinceps
3270 1855 3433 1910 unius

158 1939 415 2005 λογίζετο
460 1941 559 2009 μὲν
593 1941 767 2010 αὐτὴν
815 1942 885 1995 τά
918 1940 1138 2012 πρῶτα,
1175 1941 1388 2010 λέγων’
1431 1960 1449 1995 ι
1490 1943 1618 1995 Ἐὰν
1655 1943 1751 2012 δή·

159 2031 301 2082 σωσί
337 2046 403 2099 με
436 2032 493 2084 ἐν
518 2030 656 2084 ἐτττά
693 2022 1028 2102 κληματίσιν
1052 2034 1273 2103 ὑγραῖς,
1303 2034 1471 2103 ἤγουν
1504 2037 1748 2105 νευραῖς,

161 2118 441 2192 ἀτονήσω,
476 2127 571 2178 καὶ
601 2123 797 2195 ἔσομαι
824 2124 898 2189 ὡς
935 2120 1016 2188 εἷς
1056 2126 1170 2178 τῶν
1204 2126 1533 2196 ἀνθρώπιον.
1575 2146 1595 2180 ι
1646 2129 1754 2183 Kal.

159 2216 229 2285 δὴ
252 2216 500 2271 λασούσα
531 2220 731 2288 νευρὰς
771 2217 960 2290 ἔδησεν
997 2220 1187 2282 αὑτὸν,
1247 2215 1349 2272 εἷθ’
1392 2221 1565 2283 οὕτως
1598 2221 1754 2291 ἐϐόη-

160 2324 259 2360 σεν
287 2324 299 2339 ·
340 2326 359 2359 ι
410 2309 729 2379 Ἀλλόςρυλοι
765 2312 860 2363 ἐπὶ
912 2311 996 2376 σὲ,
1029 2311 1291 2382 Σαμψών.
1325 2330 1345 2364 ι
1390 2313 1500 2365 Καὶ
1537 2314 1595 2377 ὃς
1625 2315 1755 2367 ἀνα-

161 2403 304 2463 στάς
334 2401 623 2474 δίερῤηξεν
656 2403 847 2468 αύτάς.
897 2404 1373 2473 Παραλογισοεῖσα
1406 2404 1500 2458 οὖν
1541 2407 1753 2460 ἐνέκει⁸

156 2505 249 2551 το,
285 2489 384 2541 καὶ
416 2487 574 2554 αὖθις
607 2491 761 2561 ᾕξίου
800 2492 994 2562 μαθεῖν
1026 2493 1151 2548 ὅθεν
1181 2494 1214 2563 ἠ
1259 2495 1412 2563 ἰσχὺς
1448 2494 1615 2566 αὐτῷ.
1646 2498 1755 2551 Καὶ

159 2579 225 2641 ὃς
276 2581 509 2635 ἀπατῶν
571 2583 743 2654 αὐτὴν
800 2583 1025 2653 ἔλεγεν·
1062 2603 1081 2637 ‹
1126 2585 1254 2639 Ἐἀν
1302 2586 1511 2656 δήσωσί
1576 2604 1644 2659 με
1695 2593 1756 2644 ἐν

159 2672 310 2725 ἐπτά
360 2673 644 2739 καλωδίοις
679 2675 946 2741 ἀθίκτοις,
993 2676 1236 2747 ἐκλείψει
1288 2681 1321 2749 ή
1372 2681 1525 2752 ἰσχύς
1562 2700 1685 2753 μου.
1729 2701 1749 2735 ι

158 2766 490 2836 Ποιησάσης
533 2759 628 2821 οὖν
676 2769 771 2821 καὶ
810 2767 991 2835 τοῦτο,
1019 2770 1113 2823 καὶ
1149 2770 1428 2844 βοησάσης
1457 2791 1472 2807 ·
1509 2792 1527 2825 ι
1575 2775 1756 2829 Ἀλλό-

162 2858 333 2927 φυλοι
364 2859 459 2912 ἐπὶ
500 2859 583 2924 σὲ,
616 2858 879 2930 Σαμψὼν,
913 2879 931 2913 ι
972 2861 1260 2933 διέρρηξεν
1294 2864 1436 2919 αύτά
1470 2868 1751 2939 παραχρῆ-

168 2967 253 3021 μα
314 2950 383 3003 ἐκ
440 2951 550 3005 τῶν
608 2950 915 3023 βραχίονων
945 2952 1136 3006 αὐτοῦ.
1166 2954 1336 3007 Πάλιν
1366 2954 1460 3009 οὖν
1497 2957 1757 3029 ἀξιούσης

129 3041 346 3113 ἀὐτῆς
387 3043 575 3113 ἔλεγεν
603 3059 617 3074 ο
655 3064 672 3096 ι
719 3044 847 3095 Ἐἀν
902 3044 1030 3107 τοὺς
1085 3045 1235 3097 ’ἐπτά
1285 3044 1618 3116 βοστρύχους
1658 3046 1756 3117 τῆς

159 3135 415 3205 κεφαλῆς
441 3153 541 3205 μου
572 3136 873 3200 διεστῶτας
910 3136 1005 3189 ἀπ’
1030 3136 1282 3206 ἀλλήλων
1330 3139 1426 3190 ἐπὶ
1456 3139 1753 3194 πασσάλων

159 3228 410 3299 ἐκδήσῃς
457 3229 551 3282 καὶ
581 3230 675 3283 ἐπὶ
726 3229 822 3281 τοῦ
869 3228 1052 3298 τοίχου
1084 3228 1430 3300 προσπήξῃς,
1466 3229 1749 3301 ἀσθενήσω

157 3323 260 3374 καὶ
290 3320 489 3389 ἔσομαι
523 3321 597 3385 ὡς
652 3322 700 3373 οί
749 3320 925 3374 λοιποὶ
955 3320 1129 3390 κάγώ.
1171 3340 1190 3372 ι
1241 3323 1615 3393 ’Δποτυχοῦσα
1655 3324 1750 3377 οὖν

160 3413 273 3464 κάν
308 3412 487 3483 τούτῳ
514 3412 827 3483 ἐξελιπάρει
885 3411 1049 3466 αὐτὸν
1084 3407 1243 3475 αὖθις
1272 3428 1286 3443 ο
1314 3412 1437 3467 ὅθεν
1480 3413 1749 3467 ἀνακαλύ-

162 3506 376 3559 πτειτὸ
398 3506 731 3577 ἀπόρρητον,
755 3504 851 3559 καὶ
881 3504 1022 3558 οὕτω
1055 3504 1190 3574 φησὶ
1209 3504 1345 3574 προς
1380 3504 1551 3576 αὑτήν
1572 3521 1584 3534 ·
1616 3503 1750 3557 «Ξυ-

158 3601 261 3669 ρδν
292 3600 389 3651 ἐπὶ
414 3600 515 3668 τὴν
551 3598 794 3668 κεφαλήν
834 3615 936 3667 μου
968 3596 1295 3665 ούκάνέϐη,
1321 3598 1406 3650 ὃτι
1435 3596 1751 3666 Ναζαραῐος

158 3691 305 3743 Θεοῦ
344 3693 463 3759 εἰμι
493 3690 603 3758 ἐγὼ
632 3692 693 3743 ἐκ
719 3690 927 3751 κοιλίας
964 3690 1168 3760 μητρός
1203 3706 1329 3750 μου.
1368 3690 1477 3744 Καὶ
1505 3691 1553 3741 εί
1588 3688 1754 3759 ξυρή-

159 3800 395 3854 σωμαι,
433 3784 739 3852 ἀσθενήσω,
790 3783 888 3836 καὶ
949 3783 1325 3852 ἀποστήσεται
1385 3782 1478 3834 ἀπ’
1528 3780 1662 3852 ἐμοῦ
1716 3783 1750 3851 ἡ

162 3874 328 3945 ίσχύς
383 3892 509 3945 μου,
562 3874 658 3927 καὶ
713 3874 916 3943 ἔσομαι
971 3874 1047 3937 ὡς
1102 3868 1183 3938 εἷς
1221 3872 1683 3944 τῶνάνθρώπων.
1729 3890 1773 3923 ι.

159 3964 635 4035 Κατακοιμίτασα
688 3964 781 4019 οὖν
822 3965 985 4021 αὐτὸν
1026 3967 1060 4036 ὴ
1108 3964 1310 4018 Δαλιλά
1351 3963 1586 4035 ἐξύρησε
1611 4003 1624 4028 ,
1659 3965 1755 4018 καὶ

156 4056 330 4110 τοῦτο
352 4059 628 4125 ποιήσασα
666 4054 894 4123 ἐϐόησεν
916 4070 930 4086 ο
965 4074 984 4107 ι
1034 4054 1352 4122 ’Λλ).ὁ;ρυλοι
1381 4055 1473 4106 ἐπὶ
1495 4054 1576 4121 σέ,
1611 4054 1756 4121 Σαμ-

155 4148 307 4218 ψών.
349 4164 370 4199 ι
407 4146 517 4199 Καὶ
559 4145 619 4208 δς
680 4146 922 4207 ἀναστὰς
971 4145 1156 4197 οὐκέτι
1220 4146 1468 4214 ἐνεργεῖν
1533 4146 1747 4213 ἴσχυεν,

156 4242 243 4303 ὡς
285 4241 389 4292 καὶ
420 4237 706 4308 πρότερον.
756 4235 967 4290 Οὐκοῦν
1004 4236 1378 4306 ἐμπίπτουσιν
1412 4235 1560 4306 αύτῷ
1587 4237 1634 4289 ol
1663 4235 1760 4287 ἀλ-

159 4332 426 4403 λόφυλοι,
459 4330 556 4384 καὶ
586 4330 966 4399 κρατήσαντες
992 4327 1330 4398 ἐκπηροῦσιν
1362 4328 1547 4381 αὐτόν.
1596 4327 1786 4381 Ἀλλά’

156 4428 215 4481 τί
254 4426 320 4479 τὸ
356 4424 496 4493 μετά
531 4421 748 4488 ταύτας
780 4422 1051 4475 Ἐκλαυσι
1086 4419 1329 4490 Σαμψὼν
1356 4423 1493 4491 πρὸς
1530 4421 1757 4491 Κύριον,

1856 1937 2191 1993 mulierculae
2222 1954 2389 2010 Opera
2425 1943 2641 1998 cunctis
2688 1957 2748 1997 se
2784 1943 3146 1999 deridendum
3178 1947 3431 2016 praebuit.

1853 2030 1987 2087 Nam
2046 2032 2190 2087 haud
2249 2034 2420 2088 multo
2468 2044 2591 2104 post
2644 2050 2829 2091 amore
2892 2036 3072 2093 Dalila:
3139 2038 3435 2095 Palaestina:

1860 2133 2055 2192 captus
2094 2131 2199 2190 est,
2229 2140 2349 2193 qua:
2373 2124 2443 2179 ab
2477 2125 2801 2195 alienigenis
2827 2129 3149 2183 muneribus
3178 2140 3435 2201 corrupta

1857 2218 2076 2285 petebat
2103 2216 2171 2271 ab
2199 2232 2265 2271 eo
2290 2226 2346 2271 ut
2378 2216 2482 2271 sibi
2513 2217 2801 2284 fateretur,
2838 2235 3077 2290 quonam
3108 2220 3162 2275 in
3191 2222 3436 2278 membro

1855 2307 2020 2360 situm
2060 2306 2231 2361 robur
2258 2307 2390 2361 illud
2420 2308 2650 2363 haberet
2705 2308 2843 2363 Tum
2886 2310 2979 2365 ille
3018 2311 3301 2367 mulierem
3334 2312 3439 2367 ini.

1857 2396 1933 2451 tio
1962 2396 2159 2452 fallens
2193 2417 2207 2453 :
2246 2416 2264 2450 ι
2299 2397 2355 2452 Si
2389 2415 2475 2454 me
2523 2399 2681 2471 165
2722 2401 2801 2455 tui
2852 2403 3304 2469 constrinxerint,
3339 2405 3435 2471 ait,

1857 2498 2068 2557 septem
2101 2490 2287 2545 nervis
2313 2490 2577 2558 humidis,
2620 2492 2763 2548 vires
2814 2508 2901 2547 me
2934 2492 3256 2560 destituent,
3281 2496 3440 2551 simi—

1858 2580 2034 2650 lisque
2067 2582 2281 2636 caeteris
2329 2583 2655 2638 mortalibus
2699 2599 2815 2640 ero.
2849 2602 2868 2637 ι
2907 2584 3005 2639 llla
3034 2602 3167 2642 vero
3207 2588 3439 2658 sumptis

1859 2672 2043 2728 nervis
2084 2673 2362 2729 hominem
2401 2675 2758 2742 constrinxit,
2789 2690 2854 2731 ac
2902 2676 3105 2734 deinde
3143 2678 3440 2735 clamorem

1861 2765 2047 2820 verbis
2099 2766 2251 2821 hisce
2301 2767 2569 2821 sustulit:
2615 2786 2633 2818 ι
2670 2766 3003 2837 Alienigena:
3054 2778 3108 2824 te
3146 2769 3440 2839 invadunt,

1859 2856 2053 2912 Samso
2075 2857 2174 2913 ⁷⁸.»
2217 2858 2426 2924 Quibus
2456 2859 2658 2914 auditis
2696 2861 2938 2916 surrexit
2969 2868 3024 2917 et
3058 2876 3260 2918 nervos
3294 2863 3442 2919 lace-

1860 2947 2020 3001 ravit.
2073 2946 2420 3019 QuaprOpter
2472 2950 2563 3004 illa
2617 2950 2848 3021 decepta
2911 2966 3107 3009 rursus
3163 2952 3442 3010 hominem

1860 3055 1911 3110 ι)-
1925 3039 2114 3095 eeihus
2134 3056 2353 3110 urgere,
2373 3041 2626 3119 scireque
2639 3058 2840 3112 cupere
2859 3058 3108 3113 quaenam
3132 3053 3281 3100 esset
3299 3045 3444 3103 illius

1864 3134 2081 3189 roboris
2136 3149 2320 3188 causa.
2366 3132 2563 3190 Samso
2611 3145 2797 3190 contra
2840 3135 3105 3191 feminam
3139 3137 3349 3205 fallere,
3381 3154 3446 3195 ac

1861 3223 2104 3278 vicissim
2143 3225 2350 3290 dicere,
2379 3225 2422 3279 si
2456 3241 2517 3281 se
2546 3223 2769 3281 funibus
2801 3235 3009 3294 septem
3051 3227 3369 3283 recentibus
3391 3238 3447 3284 et

1857 3314 2067 3369 nullum
2112 3316 2180 3371 ad
2215 3331 2372 3370 usum
2425 3316 2685 3372 adhibitis
2732 3316 3073 3387 colligarent,
3117 3318 3268 3375 vires
3300 3334 3438 3375 suas

1855 3407 2084 3461 omnino
2113 3407 2452 3462 defecturas.
2483 3407 2620 3464 Cum
2654 3409 2759 3463 hoc
2805 3409 2971 3463 etiam
3005 3408 3095 3464 illa
3125 3409 3352 3466 fecisset
3392 3421 3448 3467 ct

1856 3498 2249 3555 inclamasset:
2286 3518 2303 3551 ι
2342 3499 2679 3571 Alienigena:
2735 3510 2787 3555 te
2835 3500 3124 3569 invadunt,
3163 3500 3384 3568 Samso,
3420 3522 3440 3556 ι

1858 3604 1987 3644 mox
2023 3590 2184 3645 funes
2209 3590 2532 3661 discerpsit,
2577 3592 2778 3662 quibus
2822 3603 2982 3648 erant
3037 3594 3160 3663 ejus
3200 3594 3449 3666 colligata

1857 3682 2100 3735 brachia.
2138 3679 2275 3736 Cum
2312 3697 2504 3739 rursus
2541 3682 2707 3754 igitur
2759 3684 2902 3739 idem
2950 3699 3017 3739 ex
3056 3699 3121 3741 eo
3154 3699 3447 3756 quaereret,

1858 3774 2166 3843 respondit,
2216 3775 2259 3829 si
2306 3776 2504 3846 capitis
2552 3778 2638 3831 sui
2698 3777 2989 3834 cincinnos
3022 3778 3229 3835 divisos
3280 3782 3450 3837 clavis

1857 3867 2104 3935 alligaret
2156 3882 2220 3923 ac
2253 3870 2448 3939 parieti
2510 3870 2776 3941 afﬁgeret,
2810 3871 3045 3926 debilem
3099 3887 3159 3928 se
3204 3871 3448 3928 futurum

1863 3960 2199 4030 reliquisque
2233 3960 2560 4016 mortalibus
2592 3963 2956 4019 consimilem.
2987 3965 3189 4019 Verum
3225 3981 3294 4020 ne
3336 3974 3448 4020 tum

1857 4051 2075 4120 quidem
2114 4051 2222 4106 voti
2248 4066 2473 4122 compos
2500 4052 2642 4108 facta
2672 4056 2740 4109 de
2792 4055 3003 4127 integro
3036 4055 3320 4112 blanditiis
3353 4056 3450 4110 ho-

1860 4144 2062 4197 minem
2122 4159 2352 4198 exorare
2410 4144 2625 4211 nititur,
2664 4147 3019 4216 quamobrem
3073 4148 3165 4203 ille
3224 4149 3445 4203 tandem

1860 4251 2121 4290 arcanum
2156 4236 2204 4289 ei
2242 4235 2543 4306 patefacit:
2575 4257 2592 4289 ‹
2637 4236 2834 4307 Capiti,
2876 4238 2975 4302 ait,
3034 4253 3157 4294 meo
3183 4239 3449 4293 novacula

1861 4343 2143 4396 nunquam
2180 4336 2261 4382 est
2309 4328 2564 4395 admota;
2617 4346 2743 4383 nam
2790 4330 2920 4384 inde
2970 4344 3144 4400 usque
3193 4345 3222 4382 a
3260 4341 3451 4385 ventre

1866 4422 2059 4473 matris
2084 4419 2174 4473 Dei
2228 4434 2351 4473 sum
2394 4418 2704 4474 Nazarteus.
2742 4420 2946 4486 Quodsi
3000 4413 3291 4482 tond‘ebor,
3335 4420 3454 4473 abi-

156 4518 266 4570 καὶ
323 4512 518 4569 εἶπεν
550 4532 570 4567 ι
623 4512 854 4567 ’Δδωναῒ
906 4512 1079 4581 Κύριε
1124 4512 1234 4565 τῶν
1285 4512 1593 4582 δυνάμεων,
1631 4515 1755 4582 μνή-

1872 4524 2005 4567 tura:
2057 4522 2184 4567 sunt
2214 4528 2241 4566 a
2300 4527 2384 4567 me
2407 4513 2578 4578 vires,
2621 4522 2677 4567 et
2723 4511 2973 4567 infirmus
3017 4520 3451 4581 czcterorumqne

161 4608 339 4678 σθητί
375 4623 478 4677 μου
514 4604 630 4669 νῦν,
669 4606 765 4657 καὶ
821 4604 1041 4673 ῖσχυσόν
1107 4620 1174 4673 με
1228 4604 1310 4655 ἐτι
1365 4602 1515 4669 ἅπαξ
1575 4604 1755 4669 τοῦτο,

160 4702 304 4768 Θιὲ,
338 4698 437 4752 καὶ
478 4697 848 4752 ἀνταποδώσω
893 4690 1251 4751 ἀνταπόδοσιν
1305 4696 1436 4766 μίαν
1477 4697 1607 4766 περὶ
1651 4696 1760 4749 τῶν

156 4794 264 4847 δύο
299 4790 603 4860 ὀφθαλμῶν
660 4805 763 4858 μου
816 4791 929 4852 τοῖς
974 4788 1319 4856 ἀλλοφύλοις.
1360 4806 1379 4838 ι
1431 4787 1548 4858 Ἐφ’
1580 4782 1624 4856 ᾧ
1670 4788 1763 4841 καὶ

158 4883 227 4937 οὐ
293 4882 554 4951 παρεῖδεν
589 4881 752 4934 αὑτὸν
809 4880 1354 4952 ἐπικερτομούμενον
1413 4880 1441 4932 6
1483 4879 1634 4942 Θεός·
1672 4879 1767 4932 καὶ

160 4975 494 5045 παιδαρίοις
543 4974 653 5045 γὰρ
709 4975 790 5037 είς
839 4974 1054 5043 γέλωτα
1115 4975 1253 5045 μετά
1314 4973 1375 5028 τὸ
1418 4973 1766 5043 τυφλωθῆναι

158 5065 502 5140 προύκειτο.
556 5064 881 5135 Παραδόξως
930 5064 1024 5119 οὖν
1063 5065 1301 5136 ἐνισχύει
1352 5066 1534 5118 αὐτόν.
1582 5056 1770 5133 Ἐφ’ᾆ»

159 5165 270 5217 καὶ
317 5158 645 5229 καθημένων
694 5159 917 5211 ἐκείνων
971 5159 1066 5212 καὶ
1119 5159 1429 5228 μεθυόντων
1465 5157 1770 5228 (ἐπινικίων

157 5260 281 5327 γὰρ
328 5254 522 5306 ἕνεκεν
551 5254 664 5315 τοῖς
694 5250 936 5313 εἰδώλοις
970 5248 1402 5321 ἐπανηγύριζον)
1434 5247 1766 5320 ἐπιδράσσε-

156 5366 265 5403 ται
299 5347 417 5400 τῶν
466 5346 560 5399 τοῦ
612 5345 763 5399 οἴκου
800 5344 893 5399 δύο
928 5345 1127 5398 κιόνων
1161 5348 1220 5397 ἐν
1260 5338 1303 5412 ᾧ
1340 5342 1482 5415 ἦσαν
1519 5344 1767 5416 καθήμε-

157 5460 279 5507 νοι,
316 5442 419 5494 καὶ
454 5439 593 5501 μετά
642 5440 701 5493 τὸ
736 5440 1011 5510 κρατῆσαι
1052 5440 1252 5500 αὐτοὺς
1285 5434 1474 5491 εἶπεν·
1535 5455 1553 5490 ι
1603 5438 1766 5491 Ἀπο-

158 5538 400 5593 οσινέτω
439 5537 473 5605 ἡ
504 5534 652 5603 ψυχή
686 5551 789 5603 μου
846 5534 985 5603 μετά
1015 5532 1123 5585 τῶν
1158 5532 1495 5602 ἀλλοφύλων.
1535 5550 1555 5585 ι
1601 5533 1666 5585 Ὃ
1700 5534 1767 5603 δὴ

162 5636 275 5687 καὶ
316 5629 570 5698 γέγονεν.
617 5627 734 5697 ’ΛφἺ
764 5622 824 5683 οὗ
876 5628 970 5682 καὶ
1016 5626 1297 5700 δείκνυσιν
1351 5629 1378 5680 ὁ
1424 5624 1557 5689 Θεὸς
1589 5624 1663 5690 ὡς
1707 5627 1768 5680 οὐ

244 5814 300 5848 ⁷³
335 5811 518 5867 Judic.
555 5826 666 5877 xvt,
693 5810 748 5864 9.
822 5809 871 5841 ’δ
896 5808 1026 5863 ibid.
1072 5808 1155 5864 Π.
1232 5810 1279 5845 ⁷⁸
1314 5808 1441 5865 ibid.
1483 5808 1573 5865 58.

1867 4604 2111 4659 omnium
2189 4604 2383 4659 similis
2433 4619 2551 4660 ero.
2612 4604 2955 4675 Quapropter
3012 4603 3105 4658 ubi
3176 4600 3501 4658 huminem'

1872 4696 2045 4751 Dalila
2097 4697 2521 4767 consopivisset,
2569 4696 2844 4763 totondit;
2891 4712 3001 4765 quo
3053 4696 3221 4761 facto,
3274 4696 3454 4750 excla-

1868 4798 1981 4844 mat
2014 4807 2027 4843 :
2067 4807 2085 4841 ι
2136 4789 2404 4847 Invadunt
2453 4788 2769 4860 alienigenae
2809 4797 2881 4855 te,
2915 4786 3107 4843 Samso
3134 4789 3200 4842 “.
3241 4806 3259 4839 ι
3315 4788 3461 4840 Tum

1869 4883 1961 4937 ille
1989 4898 2331 4955 consurgens
2360 4898 2472 4937 non
2499 4883 2734 4952 amplius
2765 4897 2830 4936 eo
2856 4879 3104 4951 corporis
3134 4878 3207 4933 uti
3257 4880 3455 4935 robore

1868 4984 2081 5046 poterat
2114 4990 2222 5045 quo
2256 4974 2488 5030 dudum.
2513 4974 2862 5044 QuaprOpter
2898 4972 2951 5026 in
2980 4986 3105 5025 cum
3135 4968 3457 5039 alienigena:

1870 5069 2108 5133 irruunt,
2139 5068 2529 5138 hominemque
2553 5082 2709 5122 suam
2737 5067 2789 5120 in
2816 5074 3143 5137 potestatem
3173 5061 3455 5117 redactum

1870 5164 2042 5219 oculis
2069 5163 2324 5233 spoliant.
2361 5161 2502 5228 Quid
2550 5177 2682 5217 vero
2722 5159 3025 5217 secundum
3070 5158 3185 5211 ha:e
3217 5152 3460 5209 factum?

1874 5255 2103 5311 Plorans
2164 5255 2360 5312 Samso
2425 5256 2718 5311 Dominum
2773 5254 2860 5309 his
2924 5252 3111 5307 verbis
3177 5252 3457 5305 invocat:

1883 5369 1901 5403 ι
1932 5351 2183 5417 Domine,
2209 5353 2352 5404 Deus
2374 5349 2736 5413 exercituum,
2758 5355 3033 5401 memento
3055 5357 3221 5405 nunc,
3248 5352 3461 5410 qua-so,

1877 5443 2005 5507 mei,
2057 5456 2254 5511 meque
2320 5440 2425 5496 hoc
2481 5440 2674 5494 saltent
2746 5445 3085 5507 postremum
3142 5432 3462 5493 corrobom,

1880 5534 2020 5589 Deus
2048 5574 2062 5598 ,
2104 5534 2230 5588 dum
2274 5549 2373 5604 pro
2422 5532 2692 5588 ambobus
2731 5531 2907 5586 oculis
2953 5530 3091 5585 meis
3126 5528 3465 5597 alienigenas

1882 5628 2053 5684 semel
2083 5627 2312 5684 ulciscor
2337 5627 2403 5681 ⁷⁵.
2438 5645 2456 5679 ι
2490 5626 2836 5699 Quapropter
2865 5624 3085 5680 illusum
3111 5620 3179 5677 ab
3209 5617 3462 5676 hostibus
