4204 6450
261 429 361 498 τοι

1493 430 1893 489 ANNAIJUM
1938 427 2130 489 PARS
2173 427 2249 486 Π.

3397 401 3499 468 322

260 550 320 602 δέ
355 567 439 612 τις
474 550 531 602 έν
571 548 839 620 ’Ῑερουδὶμ
890 549 1158 601 κατοικῶν
1185 549 1414 613 γυναῖκα
1467 549 1530 597 ἐκ
1583 544 1830 613 Βηθλεὲμ
1857 547 1905 604 Α

1857 541 2098 604 AForte
2137 539 2357 605 quidam
2417 533 2626 598 Levita,
2683 532 2773 602 qui
2841 530 3109 584 habitaret
3165 525 3496 599 Jerudima-,

263 641 458 706 ἄγεται
489 639 793 692 παλλακίδα
813 679 829 704 ,
877 641 1000 710 ἥτις
1039 640 1108 691 δι’
1139 637 1496 706 ὀλιγοψυχίαν
1547 636 1668 686 τινὰ
1699 635 1833 704 πρὸς

263 733 392 794 τοὺς
444 729 688 800 πατέρας
743 728 1073 799 ὑπέστρεψε.
1112 729 1480 797 Παραγίνεναι
1513 724 1606 778 οὖν
1655 727 1835 776 ἐκεῖσε

267 826 365 879 καὶ
394 829 422 877 6
455 824 714 893 Λευῒτης,
762 825 858 874 καὶ
902 823 1197 890 φιλοτίμως
1235 819 1506 883 δεξιωθεές
1540 817 1711 885 ,παρὰ
1743 815 1837 868 τοῦ

267 915 529 984 πενθεροῦ
577 913 744 968 αὑτοῦ
793 913 1063 982 λαμϐάνει
1095 913 1191 982 τὴν
1233 914 1490 979 γυναῖκα,
1527 911 1619 962 καὶ
1658 924 1838 984 παρα-

266 1007 478 1073 γίνεται
535 1007 616 1067 εἰς
664 1002 850 1056 Γαϐαὰ
883 1003 1038 1055 πόλιν
1073 1004 1173 1070 τῆς
1211 1002 1389 1070 φυλῆς
1433 999 1715 1063 Βενιαμὶν,
1749 993 1842 1045 καὶ

273 1094 575 1161 κατάγεται
623 1094 772 1164 παρὰ
803 1093 1094 1164 ξπρεσΰὺτῃ
1135 1089 1480 1144 κατοικοῦντι
1533 1087 1631 1156 τὴν
1665 1085 1840 1137 πόλιν.

272 1185 496 1247 Γνόντες
546 1181 641 1238 οὖν
680 1186 728 1239 οἱ
763 1185 862 1253 τὴν
917 1184 1072 1237 πόλιν
1121 1182 1398 1244 οἰκοῦντες
1444 1179 1702 1246 Βενιαμὶν
1749 1175 1843 1227 τοῦ

278 1277 587 1347 πρεσϐύτου
617 1275 708 1330 τὸν
738 1270 888 1328 οἷκον
923 1273 1389 1345 περιστοιχίζουσι
1422 1273 1516 1323 καὶ
1547 1271 1644 1332 τὰς
1676 1267 1844 1338 θύρας

279 1367 682 1434 συντρίϐουσιν,
713 1367 1116 1437 ὲμπαροινῆσαι
1147 1365 1224 1436 τῷ
1255 1365 1391 1434 Ξένῳ
1425 1361 1735 1431 ζητοῦντες.
1789 1359 1846 1412 Ὀ

273 1458 333 1509 δὲ
384 1459 483 1528 τὴν
537 1459 816 1529 θυγατέρα
863 1458 943 1512 ἔτι
979 1459 1197 1526 ἄγαμον
1227 1453 1391 1510 οὖσαν
1426 1456 1520 1508 καί¹
1558 1451 1652 1506 τοῦ
1695 1451 1845 1515 ξένου

277 1548 379 1616 τὴν
424 1547 711 1616 παλλακὴν
761 1551 844 1612 εἷς
898 1549 1251 1619 παράχρησιν
1285 1547 1456 1599 ἐδίδου
1487 1545 1696 1609 αὐτοῖς,
1728 1541 1848 1609 φεί-

275 1639 473 1691 σασθαι
506 1639 597 1691 τοῦ
627 1636 776 1704 ξένου
810 1640 998 1703 ἀξιῶν.
1033 1639 1096 1692 Οἱ
1135 1638 1180 1690 δ’
1206 1639 1306 1690 οὐκ
1336 1637 1644 1706 ἠνέσχοντο.
1691 1633 1851 1686 Ἀλλὰ

273 1732 370 1782 καὶ
402 1732 431 1782 6
470 1731 711 1800 Λευϊτης
744 1729 1030 1798 παρελθὼν
1063 1729 1161 1798 τὴν
1192 1725 1474 1796 παλλακὴν
1503 1723 1668 1777 αὑτοῦ
1708 1723 1849 1775 ἐκδί-

275 1821 431 1882 δωσι,
462 1823 705 1873 κάκεῖνοι
737 1821 806 1873 δι’
835 1823 961 1890 ὅλης
1002 1821 1193 1882 νυκτὸς
1229 1821 1368 1890 αὐτῇ
1404 1816 1844 1887 παραχρησάμε-

1939 649 2162 688 uxorem
2195 631 2427 684 duxerat
2458 626 2817 680 concubinam
2855 638 2886 675 a
2918 621 3292 680 Bethlcbcma.
3322 635 3350 671 a
3385 631 3502 688 qute

1938 740 2002 778 ex
2036 722 2199 774 animi
2227 719 2454 789 quadam
2484 715 2799 770 infirmitate
2848 727 2974 765 suos
3019 712 3083 764 ad
3132 722 3385 779 parentes
3421 718 3496 760 est

1941 806 2178 868 reversa.
2235 811 2576 880 Quapropter
2628 808 2818 862 eodem
2865 815 2919 860 et
2967 805 3155 858 Levita
3203 802 3501 874 prtiﬁt'iSCi-

1940 915 2049 962 tur,
2105 913 2160 956 et
2215 911 2475 970 exceptus
2530 916 2559 954 a
2611 914 2803 954 socero
2832 895 3234 967 pcrhonoriﬁre
3286 905 3506 946 uxorem

1947 995 2104 1064 167
2137 1010 2288 1048 suam
2347 993 2555 1062 recipit.
2591 991 2722 1045 Inde
2753 991 2988 1043 Gabaam
3047 987 3302 1046 discedit,
3358 988 3512 1053 oppis

1943 1086 2070 1138 dum
2101 1083 2466 1152 Benjaminea:
2514 1083 2710 1146 tribus,
2764 1080 2946 1149 ibique
2992 1081 3059 1133 ad
3107 1094 3292 1132 senem
3323 1067 3516 1146 quem-

1944 1179 2067 1232 dam
2098 1180 2418 1247 agricolam,
2453 1176 2780 1244 inquilinum
2832 1176 2951 1243 ejus
3005 1175 3130 1238 lori,
3163 1174 3406 1227 divertit.
3439 1171 3513 1224 Ea

1944 1285 2004 1323 re
2045 1272 2256 1340 cognita
2293 1268 2649 1333 Brujaminei,
2682 1268 2773 1336 qui
2799 1268 2944 1321 cives
2971 1269 3088 1335 cjzzs
3124 1267 3308 1334 Oppidi
3336 1279 3513 1324 cium,

1946 1362 2096 1416 senis
2131 1360 2274 1413 illius
2323 1359 2540 1413 domum
2589 1359 2828 1426 undique
2882 1359 3114 1422 cinctam
3155 1355 3406 1409 obsident
3465 1366 3515 1407 et

1947 1451 2197 1520 impulsis
2253 1449 2463 1503 foribus
2527 1448 2799 1516 iiosiiitviu
2851 1464 2946 1515 per
2983 1447 3159 1500 scelus
3198 1447 3401 1499 violare.
3431 1461 3514 1496 co—

1949 1554 2168 1599 nautur.
2207 1543 2282 1596 Ibi
2316 1557 2482 1596 senex
2515 1541 2604 1594 ille
2639 1541 2802 1593 lilium
2829 1556 2980 1591 suam
3029 1539 3260 1591 necdum
3297 1549 3518 1605 nuptam

1950 1647 2001 1689 et
2034 1634 2266 1703 hospitis
2294 1631 2659 1687 concubinam
2705 1631 2784 1685 eis
2816 1630 2999 1691 olTert,
3035 1629 3233 1698 quibus
3283 1629 3350 1683 ad
3388 1629 3521 1688 libi~

1950 1725 2132 1779 dinem
2169 1727 2551 1785 abuterentur,
2589 1723 2779 1777 saltem
2827 1732 3020 1791 petens
3061 1731 3118 1774 ut
3161 1722 3358 1791 hospiti
3399 1737 3522 1789 par-

1952 1824 2157 1870 cereut.
2187 1814 2341 1881 Quod
2373 1829 2496 1869 cum
2533 1813 2607 1866 il!i
2636 1813 2877 1868 facturos
2907 1828 2965 1866 se
3022 1824 3305 1879 negarent,
3339 1828 3523 1882 egre-so

275 1929 358 1964 νοι
397 1912 806 1976 ἐξαπέστειλαν.
863 1883 1163 1980 Ἐ-γγίσισα
1214 1907 1308 1965 οὖν
1343 1883 1510 1980 -.αὖτή
1707 1883 1924 1976 οὖρὲι.Β

1860 1883 1924 1971 ,Β
1955 1923 2045 1962 sus
2079 1923 2109 1962 e
2139 1909 2300 1962 domo
2331 1906 2518 1960 Levita
2568 1905 2933 1960 concubinam
2982 1921 3135 1959 suam
3171 1906 3251 1960 eis
3278 1906 3520 1959 evhibet.

275 2003 407 2054 ἔνθα
447 2006 740 2073 κατήγετο,
789 2005 992 2068 εὐθέως
1044 2003 1393 2072 ἐξέπνευσεν.
1435 2001 1494 2056 ὐ
1544 1999 1674 2068 γοῦν
1706 1999 1847 2069 ἀνὴρ

278 2096 452 2163 αὐτῆς
511 2097 711 2166 νεκράν
768 2096 891 2148 tam
935 2095 1108 2164 αὐτὴν
1147 2094 1376 2147 ἐπέθετο
1429 2091 1510 2158 τῷ
1556 2090 1840 2159 ὑποζυγίῳ

276 2187 444 2240 αἰτοῦ
490 2189 582 2239 καὶ
632 2187 812 2242 οἶκαδε
849 2187 1179 2256 ἀπεκόμισε,
1219 2187 1314 2239 καὶ
1340 2173 1531 2237 διελὼν
1561 2182 1735 2252 αὐτὴν
1761 2183 1844 2245 είς

278 2276 348 2345 ιβ’
387 2278 645 2346 τμήματα
687 2278 900 2350 ἑκάστῃ
956 2278 1099 2350 φυλῇ
1163 2278 1301 2345 πρὸς
1341 2277 1399 2329 ἓν
1450 2278 1710 2346 τεμάχιον
1759 2273 1847 2338 ἐξ·

279 2369 592 2432 απέστειλε,
624 2369 722 2440 τὴν
775 2370 1127 2440 παρανομίαν
1179 2369 1280 2439 τῆς
1328 2367 1423 2421 τοῦ
1459 2369 1714 2436 Βενιαμὶν
1745 2383 1847 2436 κτι-

277 2459 491 2529 ρύττων
516 2461 710 2529 φυλῆς.
736 2461 1048 2530 Σχετλιάζει
1077 2457 1170 2513 οὖν
1200 2461 1292 2514 ἰπὶ
1313 2459 1524 2522 τούτοις
1554 2458 1848 2530 ὁΊσραὴλ,

276 2552 489 2609 δέονται
527 2552 622 2606 τοῦ
681 2552 842 2607 Θεοῦ.
914 2553 1031 2622 Ἐφ’
1081 2546 1126 2620 ᾧ
1177 2553 1274 2604 καὶ
1313 2550 1433 2602 κατ’
1463 2551 1644 2604 αὐτῶν
1673 2550 1852 2620 ὁρμή-

280 2660 501 2707 σαντες,
529 2645 653 2697 ἐπεὶ
703 2646 831 2708 τοὺς
871 2644 1159 2706 ὑπαιτίους
1205 2642 1389 2696 δοῦναι
1418 2644 1551 2712 πρὸς
1573 2642 1852 2712 τιμωρίαν

277 2735 384 2786 οὐκ
424 2733 633 2804 ἧθελον,
690 2733 890 2796 αὐτοὺς
947 2733 1049 2804 μὲν
1114 2729 1580 2801 κατασφάττουσι,
1636 2731 1738 2802 τὴν
1796 2731 1855 2785 δὲ

283 2825 444 2876 πόλιν
475 2825 634 2893 ἔργον
673 2825 888 2877 ποιοῦσι
921 2825 1116 2896 πυρός.

282 2928 537 2972 auctores
562 2917 818 2973 facinoris
847 2918 913 2972 ad
974 2933 1172 2976 noxam
1200 2934 1260 2975 se
1285 2918 1570 2976 dedituros
1633 2923 1918 2989 negarent,

283 3022 555 3069 cremant.
1664 3061 1668 3067 .

361 3105 434 3160 Τὸ
476 3107 659 3176 μέντοι
712 3107 1004 3178 πρόϐλημα
1055 3107 1193 3179 ὅπερ
1239 3110 1266 3159 6
1317 3106 1557 3176 Σαμψὼν
1586 3107 1867 3176 προύϐάλ-

281 3200 429 3262 λετο,
467 3200 653 3254 τοῦτον
677 3199 787 3269 ἔχει
817 3205 908 3253 τὸν
946 3201 1147 3269 τρόπον
1172 3215 1186 3230 ·
1225 3200 1290 3252 Τί
1315 3199 1522 3270 βρωτὸν
1551 3199 1773 3268 ἐξῆλθεν
1803 3201 1866 3253 ἐκ

287 3291 688 3364 βιῦρὼσκοντος
724 3295 824 3367 ,καὶ
851 3293 956 3345 ἀπὸ
985 3291 1206 3364 ἰσχυροῦ
1227 3293 1402 3360 γλυκὺ
1438 3293 1683 3363 βρωτόν;
1729 3291 1860 3345 Ἱιδὺ

284 3385 352 3435 τι.
381 3382 506 3452 μέλι
538 3384 712 3448 καλεῖ,
741 3383 1118 3454 βιϐρώσκοντα
1167 3384 1225 3436 δὲ
1257 3385 1480 3454 ἰσχυρὸν
1524 3383 1617 3436 τὸν
1647 3383 1854 3448 λέοντα,

285 3475 348 3527 ἐν
461 3474 636 3543 νεκρῷ
686 3473 800 3527 ὄντι
859 3474 982 3543 μέλι
1027 3473 1300 3541 ὲξύφαναν
1356 3476 1634 3544 μέλισσαι,
1685 3476 1775 3543 ἀφ’
1805 3468 1865 3529 οὖ

290 3564 477 3618 λαϐὼν
519 3564 717 3632 ἔφαγεν
743 3565 772 3617 6
801 3563 1063 3635 Σαμψών.
1111 3565 1252 3616 Ἀλλ’
1279 3565 1547 3628 ἐντεῦθεν,
1593 3566 1864 3635 ἀταπητὲ,

303 3655 541 3725 συνορᾷν
592 3655 741 3720 ἄξιον
797 3657 880 3708 ὅτι
945 3658 1124 3727 μάτην
1175 3657 1224 3710 oi
1258 3658 1498 3711 Ἰουδαῖοι
1527 3659 1868 3726 ἀκαθάρτους

292 3746 555 3798 καλοῦσιν
596 3747 765 3817 ἡμᾶς.
795 3747 862 3802 Et
909 3748 1016 3817 γὰρ
1056 3747 1363 3818 ἀκάθαρτοι
1409 3745 1552 3820 ἦμεν
1583 3753 1742 3819 ἡμεῖς
1774 3749 1869 3802 ἆτε

291 3837 363 3906 δὴ
414 3838 505 3890 τὶν
563 3837 802 3907 λαγωὸν,
834 3839 928 3891 τὸν
978 3842 1180 3908 χοῖρον,
1231 3843 1325 3893 καὶ
1379 3842 1478 3893 ὅσα
1510 3842 1752 3903 τοιαῦτα,
1793 3841 1868 3911 μὴ

295 3926 445 3979 κατὰ
483 3927 647 3996 νόμον
680 3928 851 3981 ταῦτα
889 3929 1182 3992 ἐσθίοντες,
1216 3930 1430 4002 ἀνάγκη
1467 3933 1612 3985 πᾶσα
1647 3931 1739 3982 καὶ
1779 3927 1870 3981 τὸν

290 4018 352 4068 ὲν
396 4017 705 4088 προφήταις
748 4019 1008 4088 μέγιστον
1048 4019 1238 4074 Ἠλίαν
1299 4024 1408 4084 τοῖς
1447 4022 1630 4086 αὐτοῖς
1678 4021 1874 4089 ἐγκλή-

295 4124 435 4178 μασι
475 4108 1009 4164 καθυποόἀλλεσθαι.
1048 4113 1205 4174 Τίνος
1247 4112 1433 4166 ἕνεκεν
1459 4128 1474 4176 ;
1496 4113 1620 4164 Ὅτι
1655 4114 1744 4164 τὸν
1773 4112 1870 4181 ἄρ·

295 4215 393 4250 τον
457 4197 514 4262 ἐξ
574 4198 888 4268 ἀκαθάρτου
953 4200 1093 4261 ζὼου
1148 4200 1242 4254 τοῦ
1300 4205 1537 4269 κόρακος
1576 4201 1870 4270 δεχόμενος

297 4288 480 4360 ἧσθιε.
512 4290 610 4342 Διὰ
644 4292 699 4342 τί
725 4290 782 4344 δὲ
806 4292 982 4345 ταῦτα
1011 4292 1320 4358 συνέϐαινε,
1347 4297 1440 4346 καὶ
1470 4296 1613 4355 τίνος
1643 4294 1829 4345 ἕνεκεν
1853 4311 1866 4360 ;

293 4379 418 4435 ἰνα
450 4381 710 4450 μάθωμεν
737 4381 819 4434 ὅτι
853 4383 945 4436 καὶ
978 4383 1084 4452 πρὸ
1120 4384 1216 4452 τῆς
1251 4386 1469 4453 χάριτος
1498 4385 1530 4454 ἠ
1568 4385 1776 4438 Παλαιὰ
1805 4385 1872 4438 τά

292 4470 394 4524 τοῦ
435 4472 598 4540 νόμου
656 4475 975 4543 ἁνέτρεπεν.
1015 4475 1076 4527 Et
1115 4475 1222 4544 γὰρ
1257 4475 1566 4550 ἀκάθαρτος
1610 4471 1677 4544 ἦν
1717 4478 1744 4528 6
1779 4475 1872 4528 κό-

297 4563 426 4630 ραξ,
463 4563 579 4624 πῶς
620 4563 677 4630 ἐξ
727 4563 894 4618 αὑτοῦ
939 4563 1038 4633 τὴν
1088 4563 1292 4633 βρῶσιν
1337 4569 1363 4618 6
1393 4564 1648 4628 τοσοῦτος
1685 4565 1870 4625 ἸΙλίας

1957 1998 2032 2053 llli
2070 2007 2178 2055 tota
2214 2009 2375 2053 nocte
2404 1998 2470 2052 ad
2502 1997 2782 2052 libidinem
2839 1999 2927 2052 illa
2961 1999 3138 2061 abusi,
3179 1998 3393 2052 tandem
3442 1998 3525 2051 di-

1955 2091 2196 2145 mittunt.
2253 2089 2599 2159 Quapwptcr
2657 2090 2723 2145 ad
2776 2091 3000 2160 hospitii
3054 2089 3200 2144 fores
3239 2107 3523 2160 progressa

1956 2184 2220 2238 continuo
2266 2186 2433 2238 vitam
2483 2197 2606 2236 cum
2659 2193 2832 2237 trortc
2876 2191 3195 2238 commutat.
3230 2183 3366 2236 Tum
3411 2200 3526 2235 ma-

1956 2274 2093 2343 ritus
2126 2275 2247 2344 ejus
2308 2284 2579 2329 mortuam
2614 2275 2804 2330 videns
2831 2274 3083 2344 jumento
3128 2290 3229 2329 suo
3276 2274 3527 2345 imponit.

1955 2382 2018 2421 ac
2047 2367 2269 2421 domum
2314 2366 2657 2435 deportatam
2705 2366 2759 2420 in
2841 2375 3022 2433 partes
3068 2367 3355 2422 duodecim
3413 2367 3529 2421 dis-

1959 2466 2139 2518 secat;
2192 2471 2423 2524 quarum
2486 2455 2722 2524 partitun
2795 2455 3035 2526 singulas
3092 2457 3392 2527 quamlibet
3462 2457 3528 2512 ad

1961 2548 2163 2601 tribum
2199 2546 2385 2610 mittit,
2425 2547 2702 2618 simulque
2750 2547 3117 2617 Benjaminea:
3146 2549 3320 2606 tribus
3352 2551 3532 2605 scelus

1960 2638 2318 2692 demonstrat.
2384 2636 2503 2704 Quo
2567 2637 2713 2692 facto
2777 2655 2890 2692 rem
2956 2637 3198 2694 lsraeliri
3269 2657 3531 2711 perquam

1961 2730 2188 2784 moleste
2249 2727 2451 2792 fciunt,
2494 2728 2782 2799 ipsumque
2843 2731 3012 2784 Deum
3059 2742 3371 2800 precantur.
3423 2730 3535 2786 De-

1963 2811 2151 2892 inceps
2181 2821 2562 2890 Benjamineos
2593 2838 2716 2876 cum
2749 2824 2922 2894 cepiis
2952 2823 3238 2879 invadunt.
3277 2827 3375 2892 Qui
3409 2842 3533 2881 cum

1961 2917 2200 2972 lsraclici
2232 2915 2693 2971 eosinteri‘iciunt
2749 2927 2804 2972 et
2848 2919 3106 2988 oppidum
3167 2922 3289 2992 igne
3337 2922 3536 2992 injecto

2036 3106 2304 3161 Caeterum
2333 3106 2610 3175 problema
2639 3106 2782 3175 quod
2828 3107 3130 3162 Palaestinis
3190 3109 3381 3168 Samso
3420 3131 3541 3184 pro.

1965 3197 2187 3269 posuit,
2248 3207 2365 3252 erat
2419 3197 2723 3268 huiusmodi
2750 3199 2791 3228 ⁷⁷
2823 3215 2837 3252 :
2868 3198 2943 3252 Ex
2976 3200 3294 3258 comedeute
3347 3207 3498 3262 ribus
3524 3249 3536 3270 .

1965 3305 2033 3345 ex
2088 3291 2314 3345 robusto
2363 3290 2493 3344 exiit
2544 3289 2794 3344 dulcedo.
2863 3289 2963 3344 Per
3025 3292 3369 3351 dulcedinem
3432 3306 3535 3358 mel

1967 3380 2239 3446 intelligit,
2260 3395 2357 3449 per
2392 3379 2768 3432 comedentem
2791 3387 2971 3434 autem
2997 3383 3279 3438 robustum
3301 3386 3536 3454 leonem,

1969 3468 2022 3522 iu
2057 3471 2216 3538 cujus
2247 3472 2512 3524 cadavere
2569 3470 2673 3523 mel
2727 3485 2856 3540 apes
2913 3471 3202 3541 tinxerant,
3233 3481 3376 3545 quod
3411 3481 3538 3534 inde

1968 3572 2242 3631 sumptum
2304 3561 2499 3615 Samso
2559 3563 2896 3618 comederat.
2952 3563 3045 3619 Est
3126 3579 3307 3622 autem
3361 3587 3540 3641 operae

1972 3656 2230 3725 pretium,
2291 3654 2489 3708 dilecte
2542 3652 2638 3716 (ili.
2685 3663 2736 3707 te
2781 3654 2908 3709 hinc
2955 3655 3388 3716 animadvertere
3441 3681 3541 3717 nos

1972 3747 2119 3800 nulla
2153 3746 2219 3800 de
2257 3761 2420 3799 causa
2444 3749 2590 3815 justa
2619 3744 2928 3799 immundos
2963 3761 2992 3800 a
3027 3746 3230 3806 Iudaeis
3250 3753 3540 3822 appellari.

1974 3838 2101 3890 Nam
2142 3838 2185 3890 si
2221 3849 2513 3907 prepterea
2571 3851 2761 3892 sumus
2814 3839 3108 3903 immundi,
3162 3842 3302 3908 quod
3344 3843 3544 3912 lepori-

1975 3928 2097 3993 bus,
2129 3927 2306 3994 poreis
2334 3926 2562 3996 aliisque
2589 3928 2789 3982 talibus
2823 3941 3010 3983 contra
3033 3930 3164 3998 legis
3195 3933 3544 3988 interdictum

1971 4033 2282 4081 vescamur,
2311 4017 2535 4072 omnino
2582 4019 2735 4089 sequi
2771 4035 2995 4076 necesse
3047 4033 3133 4077 est
3181 4034 3238 4077 ut
3275 4027 3545 4082 maximus

1971 4109 2062 4162 ille
2094 4118 2278 4161 vatum
2304 4107 2447 4162 Elias
2473 4109 2661 4162 eodem
2693 4111 2978 4166 nobiscum
3007 4113 3241 4169 crimine
3271 4126 3541 4172 teneatur.

1975 4199 2343 4266 Quamobrem
2379 4199 2562 4254 istuc?
2596 4199 2741 4270 Quia.
2781 4217 2973 4270 panem
3011 4205 3079 4259 ab
3113 4207 3395 4261 immundo
3429 4213 3547 4262 ani-

1975 4291 2124 4352 mali,
2182 4291 2442 4344 nimirum
2505 4305 2693 4357 corvo,
2757 4304 3040 4363 acceptum
3104 4299 3358 4352 comedit.
3427 4301 3542 4366 Qua

1972 4397 2100 4435 vero
2158 4381 2225 4435 de
2277 4395 2439 4435 causa
2493 4381 2609 4436 haec
2659 4381 2730 4435 ita
2769 4381 2910 4437 facta
2962 4385 3125 4439 sunt?
3162 4387 3221 4442 Ui
3278 4391 3547 4446 sciremus

1972 4476 2139 4530 etiam
2173 4484 2300 4528 ante
2327 4474 2650 4542 patefactam
2688 4474 2782 4530 Dei
2826 4479 3073 4545 gratiam,
3110 4483 3339 4535 durante
3367 4485 3544 4537 adhuc

1973 4569 2140 4626 veteri
2208 4567 2453 4632 fmdere,
2503 4567 2635 4638 legis
2698 4571 2943 4638 quaedam
3014 4585 3286 4644 praecepta
3345 4577 3540 4631 violata

296 4651 559 4718 ὲδέξατος
595 4653 710 4715 πῶς
745 4651 803 4705 δὲ
851 4654 947 4706 καὶ
978 4657 1004 4706 ὁ
1046 4654 1286 4724 Σαμψὼν
1321 4655 1634 4724 Ναζαραῖος
1671 4656 1747 4709 ὢν
1777 4659 1872 4710 καὶ
1907 4690 1948 4745 D

1907 4690 1948 4745 ο
1977 4658 2165 4712 fuisse.
2198 4657 2331 4711 Nam
2356 4660 2606 4727 quamvis
2635 4661 2834 4715 animal
2858 4663 3197 4719 immundum
3229 4667 3539 4730 δῆμοι-νας,

295 4745 406 4797 ὑπὸ
453 4744 618 4814 νόμου
675 4745 844 4798 τελῶν
887 4747 948 4798 τὸ
1009 4746 1199 4817 κηρίον
1253 4746 1347 4799 τοῦ
1387 4748 1600 4816 μέλιτος
1640 4749 1863 4818 ἔφαγεν,

293 4835 436 4901 ὅπερ
468 4835 522 4884 ὲν
557 4833 735 4901 νεκρῷ
779 4833 955 4886 λέοντι
991 4833 1263 4902 ἐξύφαναν
1308 4837 1594 4904 μέλισσαι,
1649 4839 1765 4901 πῶς
1810 4839 1866 4892 δὲ

297 4926 398 4979 καὶ
443 4923 751 4994 διψήσαντα
801 4926 888 4979 διὰ
945 4927 1046 4996 τῆς
1104 4926 1416 4996 ἀκαθάρτου
1449 4929 1543 4982 καὶ⁸
1580 4932 1866 5000 μιαιφόνου

298 5016 555 5081 σιαγόνος
585 5014 1019 5084 παρεμυθήσατο
1049 5018 1077 5067 6
1109 5017 1265 5079 Θεὸς,
1307 5019 1399 5071 ἐὰν
1427 5022 1456 5072 6
1489 5021 1682 5091 κόραξ,
1722 5024 1750 5074 6
1780 5039 1870 5074 νε-

298 5105 437 5175 κρὸς
483 5105 619 5156 λέων
654 5107 747 5157 καὶ
780 5108 812 5175 ἡ
851 5105 1058 5174 σιαγὼν
1105 5109 1200 5160 τοῦ
1242 5110 1366 5162 ὄνου
1395 5111 1720 5181 ἅκάθαρτας
1755 5114 1870 5178 πῶς

295 5197 390 5251 διά
439 5197 547 5249 τῶν
584 5198 840 5253 τοιούτων
891 5200 919 5252 6
964 5198 1095 5262 Θεὸς
1133 5201 1259 5263 τοὺς
1295 5201 1492 5254 ἑαυτοῦ
1530 5203 1865 5273 θεράποντας

294 5288 603 5358 ἐθεράπευε
629 5305 644 5354 ;
670 5288 786 5354 πῶς
812 5290 868 5343 δὲ
898 5291 992 5342 καὶ
1015 5291 1304 5362 ἀκάθαρτα
1333 5293 1461 5346 ὄντα
1481 5297 1667 5364 κοινὴν
1695 5297 1870 5366 ἀρχῆ-

298 5380 397 5433 θεν
431 5383 530 5448 τὴν
566 5379 844 5451 εὐφημίαν
909 5383 1193 5448 ἐδέξαντο;
1238 5404 1256 5435 ι
1288 5381 1430 5449 Εἶδε,
1476 5407 1495 5438 ι
1531 5387 1637 5456 γάρ
1684 5405 1871 5456 φησιν,

300 5491 320 5524 ε
349 5475 376 5525 6
401 5471 538 5535 Θεὸς
566 5474 722 5537 αὐτὰ,
743 5475 838 5526 καὶ
871 5474 1119 5528 εἶπενὸτι
1147 5477 1304 5530 καλά.
1348 5497 1367 5528 ι
1407 5479 1466 5530 Et
1504 5477 1594 5532 οὖν
1625 5479 1652 5530 6
1691 5482 1874 5549 χοῖρος

293 5565 468 5629 καλὸς
508 5565 582 5628 ὡς
637 5565 840 5635 κτίσμα
894 5567 1052 5631 Θεοῦ,
1113 5567 1228 5634 πῶς
1277 5571 1306 5622 6
1354 5569 1514 5634 αὐτὸς
1562 5569 1873 5639 ἀκάθαρτος

295 5657 571 5727 ὕστερονς
607 5657 846 5728 Εὕδηλον
874 5653 969 5712 οὖν
1009 5659 1091 5713 ὅτι
1135 5661 1194 5714 τὸ
1222 5661 1314 5714 τοῦ
1353 5661 1570 5733 Ἰσραὴλ
1607 5661 1741 5732 πρὸς
1775 5679 1888 5736 καοο

374 5839 422 5872 ⁷⁷
448 5837 629 5895 Judic.
656 5853 772 5902 ιιν,
798 5837 884 5892 14.

631 5933 901 5993 l’A'rnoL.
946 5931 1060 5990 Gn.
1116 5934 1371 5996 CLi'lil.

1977 4747 2150 4801 nihilo
2185 4757 2363 4801 tamen
2401 4748 2578 4802 minus
2617 4749 2850 4804 eximius
2890 4751 2979 4805 ille
3041 4764 3192 4808 vates
3235 4756 3377 4811 Elias
3413 4759 3547 4813 alla-

1979 4849 2094 4893 tum
2137 4839 2206 4893 ab
2238 4855 2303 4892 eo
2334 4839 2513 4892 cibum
2543 4841 2770 4908 accepit.
2826 4841 2947 4906 Quo
2993 4843 3120 4898 item
3155 4857 3314 4914 pacto
3347 4849 3545 4904 factum

1979 4942 2036 4987 ιιι
2068 4931 2281 4992 Samso,
2312 4931 2403 5000 qui
2457 4929 2743 4984 Nazaraeus
2772 4942 2918 4987 esset
2966 4950 3029 4988 ac
3081 4937 3180 5005 legi
3243 4941 3542 5006 subjectus,

1979 5021 2103 5076 favo
2160 5021 2335 5075 mellis
2392 5031 2709 5075 vesceretur
2770 5025 2914 5092 quod
2983 5042 3114 5095 apes
3177 5029 3228 5082 in
3281 5032 3546 5087 cadavere

1980 5115 2201 5168 leonino
2234 5112 2555 5166 ﬁnxisseut?
2584 5112 2687 5177 Qui
2735 5117 3006 5168 hominem
3041 5118 3127 5171 siti
3164 5134 3416 5176 vexatum
3451 5140 3547 5192 per

1980 5205 2316 5261 immundam
2374 5203 2745 5274 pollutamque
2780 5207 3051 5261 maxillam
3103 5209 3244 5266 Deus
3302 5218 3551 5269 recreat?

1983 5295 2037 5348 Si
2077 5309 2296 5355 corvus,
2343 5295 2387 5348 si
2451 5294 2729 5347 leouinum
2784 5295 3033 5361 cadaver,
3083 5299 3127 5352 si
3178 5302 3314 5353 asini
3353 5307 3548 5358 mortui

1982 5387 2197 5441 maxilla
2231 5401 2316 5439 res
2367 5385 2662 5439 immunda:
2709 5398 2856 5451 sunt,
2909 5403 3006 5442 cur
3042 5407 3134 5458 per
3165 5407 3226 5445 ea
3277 5392 3416 5448 Deus
3455 5400 3553 5447 mi~

1982 5478 2248 5531 nistorum
2299 5491 2524 5532 suorum
2576 5478 2699 5530 vita:
2753 5481 3029 5533 consuluit
3079 5492 3134 5536 et
3171 5500 3328 5553 opem
3393 5488 3551 5541 tulit?

1981 5571 2250 5626 Prmterea
2293 5569 2383 5638 qui
2423 5569 2623 5622 laetum
2681 5579 2766 5623 est
2813 5581 2870 5624 ut
2901 5575 2961 5626 si
2999 5575 3218 5643 quidem
3273 5577 3552 5634 immunda

1979 5672 2107 5718 sunt
2158 5657 2443 5729 Quaedam,
2501 5659 2659 5715 initio
2729 5672 2905 5716 tamen
2969 5681 3152 5717 rerum
3203 5681 3549 5725 communem

3164 5945 3231 6002 11
