4204 6450
717 380 823 441 323

1977 390 2394 451 MICIIAELIS
2432 392 2685 453 GLYCAZ

3840 385 3945 447 324

908 490 1049 542 illam
1077 505 1195 541 cunt
1218 490 1431 543 (arti-ris
1474 490 1907 547 benedictionem
1934 494 2283 565 acceperint?

2388 501 2510 552 κίαν
2536 500 2835 570 ὀξύρροπον
2867 498 3253 568 διορθούμενος
3290 498 3319 551 6
3351 497 3483 559 Θεὸς
3511 493 3789 558 τοιούτους
3824 496 3942 547 ἔθεε

712 583 803 638 Sic
827 584 970 636 chm
1014 582 1185 634 sacris
1224 582 1276 634 iu
1328 581 1545 635 Litteris
1575 585 1935 654 perscriptum
1998 586 2274 657 legimus:

718 695 737 728 ι
783 675 925 729 Vidit
976 674 1115 727 Deus
1143 675 1325 726 omnia
1360 690 1478 742 quzc
1514 676 1733 739 fecerat,
1784 691 1955 745 eaque
1984 676 2123 730 bona
2155 692 2277 731 esse

713 763 1089 835 pronuntiavit
1112 763 1179 815 ".
1219 782 1235 813 ι
1282 762 1337 816 Si
1394 778 1524 833 ergo
1568 780 1763 832 porcus
1816 774 2071 832 tanquam
2128 782 2215 820 res
2245 782 2276 821 a

714 858 827 911 Deo
872 866 1055 910 creata
1110 856 1284 909 bonus
1337 865 1474 919 erat,
1520 856 1613 925 qui
1667 858 1923 923 deinceps
1977 856 2154 910 lactus
2195 866 2278 911 est

715 948 1072 1003 immundus?
1114 948 1188 1001 De
1221 947 1416 1016 quibus
1467 948 1719 1001 omnibus
1764 949 2052 1017 perspicue
2100 956 2278 1017 potest

712 1040 935 1108 intelligi
970 1038 1139 1092 Deum
1171 1040 1450 1107 corrigere
1497 1038 1765 1091 volentem
1818 1038 2176 1092 Israelicorum
2209 1038 2275 1091 ad

708 1128 838 1183 vitia
881 1126 1297 1196 propensionem
1333 1127 1644 1193 huiusmodi
1700 1127 1844 1197 leges
1894 1128 2083 1181 tulisse
2110 1138 2276 1196 atque

707 1221 1026 1292 bujusmodi
1082 1219 1337 1274 remediis
1378 1234 1532 1272 usum
1583 1217 1771 1273 fuisse.
1818 1218 2014 1273 Eadem
2068 1220 2275 1274 ratione

703 1312 831 1367 Noae
867 1327 1083 1380 quoque
1119 1311 1455 1380 temporibus
1496 1310 1812 1363 animalium
1860 1311 2158 1364 discrimen
2190 1312 2273 1365 in-

706 1403 903 1456 stituit.
936 1401 1069 1454 Nam
1104 1403 1230 1470 quia
1265 1400 1504 1454 futurum
1534 1401 1897 1470 prospiciebat
1932 1412 1988 1455 nt
2025 1402 2274 1456 homines

704 1494 770 1545 ad
798 1494 1046 1545 in-anuui
1076 1492 1420 1545 deastrorum
1445 1492 1650 1544 cultum
1674 1490 2045 1554 dcﬂecterent,
2068 1492 2273 1560 Optimo

706 1599 839 1639 sane
867 1585 1097 1638 consilio
1130 1583 1209 1637 sic
1232 1583 1519 1650 distinguit
1554 1581 1830 1644 animalia,
1868 1597 1975 1651 quo
2010 1581 2114 1635 alia
2176 1596 2274 1649 pro

705 1676 947 1743 mundis,
991 1676 1094 1729 alia
1162 1690 1258 1744 pro
1307 1673 1603 1726 immundis
1633 1673 1980 1726 haberentur.
2027 1672 2271 1738 Quanam

703 1768 855 1831 illud,
900 1769 1148 1828 obsecro,
1188 1764 1255 1819 de
1290 1764 1493 1819 causa?
1532 1763 1801 1818 Nimirum
1850 1774 1908 1817 ut
1962 1765 2154 1833 partim
2208 1765 2273 1820 iis

700 1860 1015 1913 victitantes
1074 1867 1332 1926 tanquam
1387 1856 1643 1922 mundis,
1700 1856 1896 1926 partim
1953 1866 2270 1913 aversantes
2306 1829 2346 1887 Β

700 1951 849 2006 velut
882 1950 1186 2013 innuunda,
1214 1959 1403 2002 neutra
1439 1964 1536 2018 pro
1567 1948 1671 2003 diis
1694 1957 2105 2022 venerarentur.
2136 1948 2269 2003 Nam

702 2042 1038 2112 cmtcroquin
1090 2056 1154 2094 ea
1195 2055 1302 2095 non
1338 2040 1565 2095 dixisset
1620 2039 1924 2105 immunda,
1976 2055 2097 2108 qua:
2145 2056 2268 2096 cum

612 2118 615 2121 Δ
700 2135 823 2190 aliis
858 2147 1205 2189 communem
1236 2147 1265 2185 a
1298 2132 1405 2187 Deo
1430 2131 1869 2185 benedictionem
1896 2131 2052 2185 initio
2088 2147 2273 2187 rerum

700 2233 1044 2293 acceperant.
1081 2224 1148 2278 Et
1183 2236 1312 2276 vero
1334 2221 1533 2276 factam
1570 2222 1621 2275 id
1654 2221 1917 2291 temporis
1951 2221 2270 2276 animalium

699 2318 1111 2386 distinctionem
1164 2314 1464 2386 profectam
1514 2328 1634 2368 esse
1692 2313 1759 2368 de
1798 2313 2032 2369 consilio
2079 2313 2174 2369 Dei
2213 2330 2272 2368 se

700 2423 886 2467 nostra
913 2425 1075 2464 causa
1106 2407 1465 2469 demittentis,
1497 2407 1661 2459 etiam
1681 2404 1881 2460 Paulus
1915 2404 2067 2461 hisce
2093 2406 2273 2460 verbis

699 2504 983 2560 ostendit:
1027 2520 1044 2553 ι
1081 2499 1241 2555 Nulla
1287 2498 1381 2553 Dei
1408 2507 1656 2553 creatura
1701 2498 1854 2567 rejici
1901 2498 2082 2565 debet,
2110 2498 2272 2553 modo

700 2604 821 2649 cum
854 2593 1151 2664 gratiarum
1205 2588 1425 2644 actione
1469 2588 1806 2643 sumatur".
1842 2605 1859 2637 ι
1904 2586 2051 2641 Idem
2100 2587 2272 2658 magis

698 2701 918 2756 quoque
953 2683 1244 2739 contirmat
1269 2680 1356 2733 illa
1390 2679 1482 2733 Dei
1514 2694 1638 2744 vox,
1670 2694 1774 2747 qua
1808 2682 2082 2732 summum
2118 2678 2271 2731 illum

697 2776 1006 2847 apostolum
1039 2772 1265 2828 Petrum
1317 2769 1686 2838 compellavit,
1730 2784 1839 2839 quo
1886 2757 2133 2838 tempore
2178 2769 2274 2823 de-

698 2871 924 2925 missum
954 2882 986 2921 e
1010 2866 1150 2920 coelo
1186 2864 1414 2918 linteum
1450 2862 1780 2930 conspexit:
1816 2878 1834 2910 ι
1862 2858 2059 2930 Surge,
2094 2859 2271 2925 Petre,

696 2974 873 3017 macta
906 2967 960 3015 et
988 2971 1231 3014 vescere.
1271 2974 1290 3007 ι
1346 2954 1479 3009 Item
1516 2969 1531 3006 :
1580 2970 1598 3003 ι
1631 2951 1761 3017 Quae
1809 2951 1952 3006 Deus
2003 2953 2270 3022 purgavit.

696 3063 755 3109 tu
794 3068 864 3107 ne
896 3051 1106 3122 polluta
1147 3046 1400 3103 dicito”.
1441 3063 1461 3097 ι
1522 3044 1712 3111 Neque
1748 3059 1877 3098 vero
1926 3045 2125 3097 mirum
2178 3044 2274 3098 tibi

694 3145 950 3201 videatur
975 3142 1139 3197 etiam
1164 3139 1327 3194 modo
1349 3137 1593 3207 quaedam
1620 3149 1720 3205 pro
1744 3133 2042 3188 immundis
2064 3133 2274 3202 liaberi,
2303 3178 2347 3236 α

695 3235 853 3291 verbi
917 3232 1088 3304 gratia
1146 3228 1359 3299 lupum,
1416 3228 1655 3291 leonem,
1712 3224 1996 3292 pardalim.
2061 3224 2274 3295 Quippe

645 3365 653 3372 -
695 3338 926 3396 magnus
957 3321 1049 3376 ille
1080 3319 1316 3375 Basilius
1345 3316 1462 3371 llaec
1492 3315 1549 3368 in
1574 3314 1824 3368 Asceticis
1862 3315 1999 3375 suis,
2025 3314 2119 3384 qui
2158 3315 2283 3370 libri

696 3419 941 3473 rationes
990 3412 1410 3469 exercitiorur’
1431 3407 1651 3478 pietatis
1680 3406 1986 3471 continent,
2034 3408 2088 3460 in
2141 3407 2287 3462 lumc

695 3508 918 3563 modum
953 3504 1245 3575 explicavit
1273 3509 1328 3556 et
1366 3498 1682 3554 illustravit.
1722 3483 2194 3562 Quemadmodum
2229 3496 2282 3549 iu

696 3599 938 3653 oleribus
975 3593 1122 3665 quod
1174 3591 1401 3647 noxium
1436 3597 1542 3657 est,
1573 3587 1642 3648 ab
1671 3601 1738 3641 eo
1769 3585 2113 3641 secernimus
2138 3589 2284 3655 quod

700 3704 910 3748 natura:
945 3698 1146 3744 nostra:
1191 3684 1472 3750 convenit,
1512 3684 1592 3739 sic
1622 3683 1787 3738 etiam
1822 3681 1878 3736 in
1912 3679 2170 3735 carnibus
2216 3682 2284 3735 ab

2379 607 2439 642 το
2478 590 2673 661 νόμους
2698 594 2789 643 καὶ
2819 591 3053 644 τοιαῖσδε
3102 590 3422 661 θεραπείαις
3462 589 3755 659 ἐχρήσατο.
3782 585 3943 640 Οὕτω

2382 682 2483 750 μὲν
2514 676 2608 734 οῦν
2636 684 2729 734 xa‘t
2763 684 2854 735 ἐπὶ
2891 680 2987 734 τοῦ
3030 682 3154 734 Νῶε
3206 682 3478 749 διαίρεσιν
3527 681 3788 749 τεχνᾶται
3832 679 3945 731 τῶν

2379 769 2554 833 ζώων.
2593 770 2812 838 Ἐπειδὴ
2852 771 2963 841 γὰρ
2994 770 3141 841 ἐώρα
3170 770 3298 832 τοὺς
3324 767 3647 838 ἀνθρώπους
3678 768 3759 829 είς
3787 767 3944 819 albut—

2377 856 2640 924 λομανίαν
2686 859 3057 924 ἐκκλίνοντας,
3097 857 3429 927 εύμεθόὸως,
3482 857 3559 918 ὡς
3604 856 3835 924 ἔφημεν,
3864 856 3945 917 είς

2380 947 2602 1017 καθαρὰ
2636 949 2808 1001 ταῦτα
2839 949 3018 1020 διιστᾷ
3060 951 3151 1003 καὶ
3183 951 3489 1021 ἀκάθαρτα.
3524 948 3677 1011 Τίνος
3712 949 3941 1009 ἓνεκενς

2384 1036 2499 1089 Ἵνα
2520 1039 2585 1090 τὰ
2606 1038 2705 1107 μὲν
2734 1040 2907 1091 αὐτῶν
2941 1040 3210 1101 ἐσθίοντες
3239 1040 3313 1101 ὡς
3335 1040 3572 1109 καθαρά,
3604 1040 3671 1092 τὰ
3691 1040 3746 1091 δὲ
3777 1037 3946 1091 πάλιν

2376 1127 2451 1191 ὡς
2516 1129 2802 1200 ἀκάθαρτα
2856 1131 3155 1198 φεύγοντες
3202 1131 3371 1200 μηδὲν
3406 1131 3466 1194 ἐξ
3496 1130 3673 1183 αὐτῶν
3707 1131 3781 1192 ὡς
3814 1130 3949 1184 Θεὸν

2377 1223 2853 1291 προσκυνήσωσιν.
2889 1223 2950 1275 Εἰ
2978 1225 3052 1292 μὴ
3082 1224 3189 1293 γὰρ
3223 1224 3385 1275 τοῦτο
3411 1218 3502 1292 ἦν,
3535 1223 3635 1276 οὐκ
3666 1224 3731 1276 ἂν
3757 1222 3949 1275 ἐκάλει

2374 1311 2662 1382 ἀκάθαρτα
2692 1313 2765 1365 τὰ
2817 1314 3013 1377 κοινῶς
3063 1314 3307 1383 ἀρχῆθεν
3350 1312 3486 1384 παρ’
3516 1312 3682 1366 αὑτοῦ
3712 1314 3812 1383 τὴν
3852 1314 3944 1367 εὖ·

2376 1400 2588 1468 φημίαν
2637 1402 2929 1470 δεξαμενα.
2977 1405 3100 1458 Ὀτι
3152 1406 3209 1457 δὲ
3265 1404 3736 1468 συγκαταϐάσεως
3795 1399 3867 1475 ἦν
3905 1407 3941 1475 ἡ

2375 1495 2627 1560 γεγονυῖα
2651 1496 2771 1549 τότε
2817 1497 2925 1550 τῶν
2974 1496 3129 1562 ζώων
3156 1498 3442 1565 διαίρεσις,
3486 1499 3628 1550 καὶό
3668 1497 3947 1568 μακάριος

2375 1582 2541 1645 ἔδειξε
2575 1584 2787 1648 Παῦλος
2822 1586 2997 1647 οὕτως
3047 1587 3253 1640 εἰπών·
3293 1607 3310 1640 ι
3357 1588 3527 1641 Οὐδὲν
3564 1587 3771 1657 κτίσμα
3804 1586 3945 1641 Θεοῦ

2376 1674 2681 1745 ἀπόϐλητον
2712 1679 2830 1745 μετ’
2863 1679 3216 1749 εὐχαριστίας
3242 1679 3693 1748 λαμϐανόμενον.
3730 1696 3751 1730 ι
3792 1679 3920 1732 Ἐπι

2377 1761 2593 1817 ϐεϐαιοῖ
2634 1766 2807 1820 ταῦτα
2852 1770 2944 1820 καὶ
2993 1769 3195 1837 μᾶλλον
3239 1771 3271 1839 ἡ
3326 1773 3585 1837 γεγονυῖα
3635 1769 3756 1835 θεία
3791 1770 3948 1840 φωνὴ

2376 1854 2508 1925 πρὸς
2544 1856 2635 1909 τὸν
2668 1862 2966 1928 κορυφαῖον
3004 1860 3234 1930 Πέτρον,
3267 1862 3434 1931 ἡνίκα
3472 1863 3573 1933 τὴν
3604 1861 3663 1927 ἐξ
3705 1861 3945 1932 ούρανοῦ

2376 1950 2799 2020 κατενεχθεῖσαν
2836 1951 3029 2022 ὀθόνην
3069 1953 3317 2020 ἑώρακεν
3338 1968 3357 1984 ⁸
3388 1973 3406 2006 ι
3464 1955 3748 2018 Ἀναστὰς,
3782 1973 3803 2006 ι
3835 1955 3948 2023 γάρ

2377 2054 2532 2109 φησι,
2571 2058 2590 2091 ι
2624 2041 2824 2112 Πέτρε,
2861 2042 3027 2096 θῦσον
3059 2044 3151 2097 καὶ
3179 2047 3340 2112 φάγε,
3375 2048 3469 2100 καὶ
3505 2044 3541 2100 ὃ.
3570 2047 3598 2098 6
3642 2046 3777 2109 Θεὸς
3816 2047 3951 2101 ἐκά-

2378 2128 2534 2199 θηρε,
2587 2131 2651 2183 σὺ
2696 2130 2772 2202 μὴ
2819 2131 3023 2185 κοίνου.
3071 2152 3091 2186 ι
3140 2135 3204 2188 Εἰ
3249 2136 3307 2188 δὲ
3364 2137 3458 2188 καὶ
3506 2134 3601 2189 νῦν
3644 2135 3941 2207 ἀκάθαρτά

2376 2236 2498 2272 τινα
2521 2222 2650 2290 παρ’
2677 2224 2832 2291 ἡμῖν,
2866 2225 2940 2284 ὡς
2970 2226 2997 2277 ὁ
3030 2224 3214 2292 λύκος,
3247 2227 3275 2278 6
3299 2225 3436 2280 λέων
3462 2230 3555 2280 καὶ
3586 2227 3621 2297 ἡ
3656 2226 3949 2298 πάρδαλις,

2381 2311 2456 2381 μὴ
2499 2312 2748 2382 θαύμαζε
2788 2316 2979 2367 τούτου
3032 2315 3242 2369 ἕνεκεν.
3271 2318 3460 2387 Ἔχεις
3502 2317 3610 2389 γὰρ
3644 2318 3735 2371 τὸν
3768 2318 3950 2387 μέγαν

2378 2405 2659 2467 Βασίλειον
2702 2407 2761 2458 ἐν
2799 2410 2910 2470 τοῖς
2940 2408 3326 2476 Ἀσκητικοῖς
3353 2409 3521 2464 αὐτοῦ
3554 2412 3621 2465 τὰ
3659 2413 3790 2483 περὶ
3826 2410 3956 2465 τού-

2378 2512 2486 2546 των
2520 2495 2660 2548 οὕτω
2706 2496 3116 2567 διευκρινοῦντα
3154 2515 3259 2552 σοι*
3298 2518 3317 2552 ι
3353 2499 3445 2565 Ὠς
3491 2502 3547 2555 ἐν
3601 2501 3859 2572 λαχάνοις
3885 2501 3950 2554 τὸ

2384 2584 2647 2657 βλαϐερὸν
2693 2588 2787 2641 τοῦ
2838 2589 3179 2658 καταλλήλου
3209 2592 3539 2662 χωρίζομεν,
3585 2592 3727 2646 οὕτω
3766 2595 3864 2647 καὶ
3893 2596 3951 2648 ὲν

2378 2680 2493 2741 τοῖς
2520 2680 2713 2746 κρέασι
2736 2679 2830 2733 τοῦ
2864 2681 3139 2751 χρησίμου
3169 2684 3230 2736 τὸ
3264 2684 3529 2755 βλαϐερὸν
3559 2686 3938 2757 διακρίνομεν,

2379 2770 2498 2822 ἐπεὶ
2540 2771 2771 2840 λάχανόν
2818 2774 2932 2825 ἐστι
2986 2774 3080 2827 καὶ
3138 2774 3198 2827 τὸ
3254 2776 3521 2840 κώνειον,
3557 2779 3746 2849 ὥσπερ
3781 2789 3955 2850 κρέας

2382 2862 2501 2913 ἐστὶ
2532 2864 2625 2914 καὶ
2674 2862 2734 2916 τὸ
2778 2864 3048 2931 γύπειον·
3098 2866 3215 2921 ἀλλ’
3248 2868 3398 2936 ὅμως
3455 2869 3578 2922 οὕτε
3626 2871 3947 2941 ὑοσκύαμον

2383 2949 2546 3019 φάγοι
2571 2951 2635 3005 άν
2665 2969 2748 3014 τις
2780 2954 2906 3007 νοῦν
2939 2954 3098 3024 ἔχων,
3132 2954 3257 3009 οὔτε
3304 2958 3467 3021 κυνὸς
3518 2959 3717 3029 ἅψαιτο
3749 2962 3825 3030 μὴ
3855 2978 3958 3031 με·

2380 3042 2553 3113 γάλης
2579 3045 2824 3115 ἀνάγκης
2858 3048 3316 3116 κατεπειγούσης,
3347 3049 3424 3113 ὡς
3458 3051 3486 3105 ὅ
3517 3068 3581 3119 γε
3631 3052 3825 3120 φαγὼν
3849 3053 3955 3105 οὐκ

2380 3134 2642 3204 ὴνόμησε.
2711 3154 2729 3187 ι
2772 3138 3029 3190 Μάνθανε
3093 3133 3187 3192 οὖν
3217 3141 3301 3194 ὅτι
3347 3142 3408 3195 τὸ
3455 3142 3721 3214 βλαϐερὸν
3761 3148 3961 3213 ἐκφεύ-

2380 3240 2571 3292 γοντες
2596 3226 2664 3279 τὰ
2703 3227 2803 3293 μὲν
2831 3229 2940 3281 τῶν
2970 3228 3125 3293 ζώων
3156 3231 3434 3301 ἐσθίομεν,
3472 3235 3574 3287 ὅσα
3617 3238 3713 3289 καὶ
3749 3237 3960 3302 μᾶλλον

2382 3314 2598 3386 εὔχυμά
2627 3334 2688 3370 τε
2733 3321 2825 3371 καὶ
2874 3322 3141 3392 τρόφιμα,
3176 3325 3244 3375 τὰ
3289 3324 3346 3377 δέ
3404 3327 3822 3397 μυσαττόμεθα,
3852 3346 3965 3383 κα-

2380 3407 2566 3477 χεξίας
2608 3408 2702 3459 καὶ
2730 3406 2860 3471 ἴσως
2890 3411 2983 3462 καὶ
3007 3411 3205 3481 ἀηδίας
3232 3411 3360 3466 ὄντα
3387 3418 3723 3485 παρεκτικά.
3763 3417 3963 3490 Tutin;

2379 3515 2464 3552 τοι
2501 3500 2592 3551 καὶ
2629 3500 2786 3569 ὅρους
2822 3501 2872 3553 οί
2921 3503 3169 3575 Πατέρες
3211 3506 3303 3558 ἐπὶ
3331 3506 3545 3571 τούτοις
3574 3510 3877 3577 τεθείκασι,
3902 3514 3968 3566 τὸ

2378 3589 2564 3659 λίχνον
2618 3591 2921 3646 κάντεῦθεν
2968 3594 3126 3663 ἡμῶν
3160 3596 3602 3662 ἀναστέλλοντες.
3640 3601 3753 3657 Καὶ
3782 3602 3963 3656 ταῦτα

2387 3683 2488 3752 μὲν
2530 3683 2609 3744 είς
2638 3683 2921 3738 τοσοῦτον.

695 3785 919 3839 utilibus
970 3794 1314 3849 quaecunque
1347 3778 1523 3833 noxiae
1561 3785 1694 3832 sunt
1740 3776 2099 3829 secernimus.
2147 3774 2283 3829 Nam
2322 3783 2377 3830 et
2443 3776 2621 3831 cicuta
2680 3778 2909 3847 perinde
2943 3779 3153 3836 olerum
3199 3783 3567 3854 appellatione
3598 3788 3767 3852 venit,
3813 3796 3874 3842 ut
3912 3796 3972 3844 et

695 3880 981 3934 vulturum
1034 3889 1228 3930 carnes
1292 3887 1392 3941 pro
1437 3870 1697 3924 carnibus
1756 3867 2058 3922 ducuntur.
2144 3866 2317 3921 Nemo
2350 3874 2534 3921 tamen
2589 3867 2788 3923 mentis
2844 3884 3067 3940 compos
3102 3872 3492 3944 hyoscyamum
3526 3878 3824 3934 comederit
3859 3895 3969 3934 nec

696 3986 919 4028 carnem
948 3969 1199 4023 caninam
1228 3964 1546 4035 gustaverit,
1572 3960 1678 4014 nisi
1758 3959 1900 4013 forte
1967 3972 2161 4026 magna
2228 3957 2477 4026 quaedam
2552 3959 2849 4014 necessitas
2882 3971 3103 4033 urgeat;
3133 3965 3280 4033 quod
3308 3966 3528 4036 quidem
3565 3967 3610 4024 si
3650 3970 3972 4039 usuveniat,

695 4064 834 4120 nihil
901 4069 1001 4117 hoc
1053 4059 1218 4115 modo
1279 4069 1507 4112 vesceus
1566 4050 1859 4121 delinquit.
1927 4049 2270 4117 Quapmpter
2310 4048 2455 4103 scire
2485 4046 2654 4102 debes
2723 4063 2822 4103 nos
2886 4065 3052 4120 opera
3085 4052 3210 4107 data
3242 4070 3330 4109 res
3374 4059 3568 4113 noxias
3610 4063 3878 4127 aversari,
3911 4074 3972 4118 ει

696 4160 762 4214 iis
792 4156 1008 4226 quidem
1037 4149 1364 4207 animalibus
1400 4146 1543 4201 chci
1579 4158 1921 4215 quaecunque
1995 4142 2144 4197 succi
2211 4139 2344 4195 boni

2380 4148 2511 4194 sunt
2538 4140 2777 4209 utileque
2802 4140 3196 4198 nutrimentum
3228 4146 3497 4215 praebent.
3526 4151 3597 4206 ab
3622 4151 3745 4207 aliis
3778 4163 3971 4207 autem

697 4256 1017 4313 abhorrere,
1067 4264 1187 4318 quae
1242 4246 1385 4301 forte
1435 4240 1806 4297 valetudinem
1868 4236 2273 4292 incommodam
2320 4236 2403 4291 vel
2472 4234 2679 4305 aliquid
2743 4235 2892 4311 aliud
2940 4236 3168 4308 ingrata
3223 4242 3305 4296 rei
3362 4243 3525 4299 nobis
3556 4245 3972 4307 sintcoucilia-

697 4362 841 4411 ιιι-ιι,
874 4345 919 4398 si
953 4341 1336 4397 comedantur.
1380 4336 1548 4392 Prisci
1592 4333 1813 4404 quidem
1902 4332 1980 4386 illi
2049 4329 2239 4385 Patres
2300 4338 2478 4385 certas
2540 4326 2699 4383 nobis
2736 4328 2848 4382 hac
2902 4326 2957 4381 in
2992 4341 3142 4397 parte
3188 4332 3335 4403 leges
3383 4336 3855 4408 prascripserunt,
3912 4344 3983 4395 ut

698 4438 939 4493 lasciviae
993 4434 1369 4503 voluptatique
1423 4442 1626 4485 nostrae
1676 4428 1897 4482 niodum
1954 4432 2284 4481 statuerent.
2332 4423 2411 4478 Ac
2456 4422 2523 4477 de
2572 4421 2658 4475 liis
2693 4434 2827 4475 sane
2890 4421 3091 4475 dictura
3149 4423 3416 4485 hactenus
3457 4437 3601 4485 esto.

674 4581 684 4591 .
767 4532 905 4599 Quia
929 4544 1057 4585 vero
1075 4526 1313 4581 studium
1345 4524 1399 4578 in
1429 4521 1693 4577 discendo
1717 4530 1867 4578 tuum
1896 4517 2028 4571 mihi
2068 4532 2291 4587 perspe-

698 4626 848 4684 ctum
881 4631 985 4684 est.
1011 4620 1171 4692 169
1186 4633 1365 4690 operae
1396 4616 1628 4686 pretium
1652 4623 1872 4667 acturus
1901 4625 2045 4673 sum,
2078 4609 2121 4663 si
2150 4625 2287 4679 qua-

700 4718 950 4774 rumdam
978 4730 1044 4768 ex
1069 4712 1303 4768 Juditliae
1334 4709 1475 4763 libro
1524 4705 1899 4759 narrationum
1963 4702 2284 4756 meminero.
2320 4727 2367 4785 ι)

699 4807 1207 4865 Nabuchodonosor
1243 4811 1532 4874 propterea
1579 4797 1727 4866 quod
1782 4793 2037 4849 nationes
2078 4803 2291 4847 σείει-ω

702 4899 804 4955 sibi
834 4900 1098 4954 adversus
1121 4893 1435 4965 Arphaxam
1469 4888 1671 4944 bellum
1709 4886 1914 4956 gerenti
1963 4899 2123 4955 Opem
2181 4896 2289 4936 non

700 4992 977 5055 tulissent,
1012 4987 1295 5056 copiarum
1329 4995 1554 5037 suarum
1592 4978 1982 5046 imperatorem
2020 4973 2290 5043 OlOphcr-

700 5099 826 5139 nem
863 5082 1128 5135 adversus
1158 5076 1389 5147 quosvis
1422 5069 1719 5140 ablegavit,
1775 5056 1943 5137 seque
1987 5065 2157 5120 totius
2181 5074 2291 5117 ter-

704 5188 889 5229 rarum
920 5172 1073 5226 orbis
1103 5178 1367 5237 magnum
1399 5177 1581 5233 regem
1632 5174 1698 5215 ac
1729 5159 2013 5214 dominum
2037 5154 2285 5227 appella-

703 5270 796 5320 vit.
835 5264 948 5320 lloc
999 5261 1258 5318 mandato
1306 5264 1536 5326 accepto
1570 5253 1836 5308 adversus
1888 5248 2108 5305 Judaos
2157 5246 2288 5303 Olo-

702 5358 949 5428 phernes
977 5355 1167 5424 capias
1196 5358 1403 5407 movet.
1448 5346 1584 5401 Eum
1619 5344 1823 5399 Acbior
1866 5341 2207 5395 Animanites
2237 5339 2292 5393 in

704 5451 850 5503 lianc
878 5446 1211 5503 sententiam
1264 5452 1493 5496 monere
1525 5456 1538 5490 :
1576 5434 1622 5489 si
1656 5433 1800 5502 quod
1857 5441 2005 5485 esset
2033 5428 2293 5484 delictum

704 5540 826 5606 ejus
877 5535 1118 5592 nationis
1162 5547 1272 5603 quo
1344 5528 1514 5583 Deum
1573 5524 1974 5581 olIendissent.
2036 5528 2185 5590 recte
2237 5531 2296 5572 se

705 5634 993 5696 facturos,
1051 5628 1097 5684 si
1153 5625 1432 5697 regionem
1483 5620 1630 5675 illam
1693 5617 2039 5678 invaderent,
2090 5616 2295 5683 quippe

773 5788 817 5823 ⁷⁸
850 5788 986 5844 Gen.
1017 5803 1056 5851 l,
1094 5785 1183 5840 3i.
1260 5785 1304 5815 "’
1333 5780 1351 5835 l
1381 5780 1527 5835 'l‘im.
1563 5794 1634 5843 iv,
1668 5776 1759 5831 36.

2475 4513 2662 4579 Ἀξιον
2690 4512 2746 4565 δὲ
2784 4511 2877 4565 καί
2901 4529 3065 4564 τινων
3099 4514 3354 4586 ἱστοριῶν
3379 4521 3785 4592 ἐπιμνησθῆναι
3814 4524 3981 4589 φιλο-

2401 4602 2629 4673 μαθείας
2658 4605 2819 4672 χάριν
2862 4603 2958 4671 τῆς
3001 4603 3102 4674 σῆς
3135 4606 3198 4660 ἐκ
3236 4607 3335 4678 τῆς
3375 4609 3604 4679 ἰουδήθ.
3648 4611 3707 4665 Ὀ
3738 4612 3979 4669 Ναϐου-

2395 4694 2681 4764 χοδονόσορ
2711 4693 2799 4747 διὰ
2843 4696 2904 4747 τὸ
2942 4693 3417 4772 μὴ’ἐπικουρῆσαι
3451 4700 3603 4771 αύτῷ
3631 4702 3840 4765 πάντας
3876 4705 3980 4758 ὅτε

2392 4786 2652 4856 ἐπολέμει
2701 4790 2839 4857 μετά
2894 4788 2987 4843 τοῦ
3031 4790 3302 4859 Ἀρφαξᾶ,
3338 4792 3623 4845 ἐπέστειλε
3668 4792 3761 4845 τὸν
3793 4808 3984 4864 στρα-

2388 4878 2559 4947 τηγὸν
2605 4879 2772 4934 αὑτοῦ
2816 4881 3151 4951 Ὀλοφέρνην
3199 4881 3341 4935 κατᾶ
3387 4883 3569 4953 πάσης
3599 4882 3701 4952 τῆς
3731 4882 3859 4950 τῆς,
3894 4886 3989 4937 εί-

2391 4967 2510 5021 πὼν
2544 4972 2680 5039 πρὸς
2703 4971 2867 5024 αὐτόν
2892 4986 2906 5000 ⁸
2943 4990 2962 5024 ι
3011 4969 3154 5025 Τάδε
3186 4971 3333 5039 λέγει
3360 4969 3618 5041 βασιλεὺς
3653 4972 3679 5022 6
3708 4971 3913 5041 μέγας,
3953 4974 3988 5025 6

2394 5059 2586 5131 κύριος
2638 5061 2823 5132 πάσης
2870 5063 2971 5133 τῆς
3007 5063 3133 5131 γῆς.
3174 5082 3193 5115 ο
3241 5063 3360 5132 Ἐφ’
3388 5057 3433 5131 ᾧ
3470 5063 3566 5116 καὶ
3591 5064 3731 5118 κατά
3760 5063 3990 5135 ταύτην

2392 5149 2494 5217 τὴν
2546 5149 2796 5204 κέλευσιν
2839 5151 3130 5222 ἀπαίροντι
3176 5149 3255 5223 τῷ
3296 5151 3607 5224 Ὀλοφὲρνῃ
3646 5152 3789 5206 κατά
3833 5151 3994 5205 ’1ου-

2395 5241 2583 5307 δαίων,
2615 5242 2716 5313 ἔφη
2748 5245 2843 5295 καὶ
2866 5243 2990 5297 τάδε
3020 5245 3047 5297 6
3089 5242 3435 5313 ’Δμμανίτης
3478 5244 3701 5316 Ἀχιὼρ,
3723 5261 3743 5295 ι
3776 5242 3837 5296 Et
3871 5244 3995 5315 μιν

2397 5332 2548 5387 ἐστιν
2574 5335 2830 5404 ἀγνόημα
2863 5336 2920 5387 ἐν
2953 5334 3029 5405 τῷ
3061 5333 3179 5405 λαῷ
3215 5335 3393 5405 τούτῳ
3434 5336 3526 5390 καί
3560 5337 3999 5407 ἁμαρτάνουσιν

2397 5428 2474 5489 είς
2498 5424 2587 5479 τὸν
2619 5425 2752 5477 Θεὸν
2786 5426 2989 5492 αὐτῶν,
3024 5426 3432 5497 ἀναϐησὼμεθα
3462 5429 3561 5483 καὶ
3588 5425 4007 5497 ἐκπολεμήσω-

2399 5535 2500 5589 μιν
2538 5516 2735 5581 αὐτούς
2758 5534 2772 5548 ·
2803 5519 2852 5571 εί
2880 5518 2936 5571 δὲ
2969 5518 3048 5591 μή
3080 5536 3166 5587 γε,
3203 5520 3521 5590 παρελθέτω
3544 5520 3575 5573 6
3596 5518 3784 5591 κύριός
3810 5537 3995 5587 μου..

2399 5609 2509 5663 Καὶ
2548 5608 2579 5661 6
2618 5608 2950 5680 Ὀλοφέρνης
2986 5612 3123 5681 πρὸς
3165 5610 3392 5683 Ἀχιὼρ,
3431 5630 3449 5664 ι
3482 5612 3595 5666 Καὶ
3620 5613 3703 5669 τίς
3750 5612 3779 5664 6
3815 5609 4003 5677 Θεὸς,

1872 5772 1919 5803 ⁸⁸
1955 5773 2076 5826 Act.
2113 5785 2167 5833 ι,
2202 5767 2387 5823 15-15.
