4212 6448
784 377 885 442 331

2068 349 2483 455 incussus
2523 397 2780 459 suos

3916 400 4017 463 332

849 490 1044 546 Arcam
1087 488 1361 550 Palmstini
1399 498 1467 553 ab
1490 514 1549 554 se
1584 508 1798 570 captam
1831 500 1882 554 in
1909 501 2167 572 oppidum
2213 505 2349 558 Azo-

2523 508 2636 578 Τὴν
2666 510 2848 577 μέντοι
2873 512 3102 565 κιϐωτὸν
3133 513 3183 567 oi
3223 513 3575 567 Παλαιστινοὶ
3622 513 3884 575 λαϐόντες
3940 515 4017 574 εἰς

781 591 894 638 tum
927 586 1188 640 avehunt.
1251 583 1439 658 Neque
1484 592 1653 646 multo
1694 608 1815 660 post
1867 595 2046 663 Dagon
2102 597 2223 650 loco
2248 612 2349 651 suo

781 686 961 731 motus
990 688 1094 738 est.
1112 679 1410 750 allisusque
1431 695 1587 738 teme
1619 686 1986 741 venerabundi
2006 689 2241 757 speciem
2258 704 2351 744 eo—

783 778 897 818 ram
936 781 1061 821 arca
1109 779 1416 839 prostratus
1448 774 1714 829 exhibuit.
1749 775 1929 830 Voluit
1978 788 2157 832 autem
2212 779 2351 835 Deus

784 860 1079 912 ostendere
1118 875 1225 913 non
1273 878 1335 915 ex
1376 864 1749 919 imbecillitate
1784 869 2014 936 quadam
2056 885 2153 923 sua
2184 866 2351 925 fuisse

784 959 999 1016 cap'atn
1037 965 1216 1004 arcam
1249 971 1260 1004 :
1290 969 1408 1005 nam
1433 959 1725 1021 ozeteroqui
1748 957 1892 1012 Deus
1911 960 2348 1016 adversariorum

790 1038 970 1107 llagon
1018 1058 1141 1096 arca
1177 1055 1445 1111 pra'Senle
1490 1062 1594 1101 non
1630 1048 2083 1107 luisset'altritus.
2130 1054 2203 1107 De
2241 1071 2351 1123 quo

786 1130 1041 1199 colligere
1082 1132 1206 1187 licet
1237 1147 1561 1202 ptzesentem
1593 1141 1644 1193 ln
1677 1156 1736 1195 ea
1769 1144 1990 1210 quidem
2024 1143 2192 1199 fuisse
2213 1147 2352 1200 divi-

723 1242 729 1247 -
782 1231 908 1272 nam
960 1224 1210 1291 gratiam.
1249 1230 1340 1278 sed
1388 1229 1457 1281 ob
1488 1228 1795 1285 Judzeorum
1829 1236 2149 1290 sceleratam
2183 1226 2368 1291 vitam.

786 1308 955 1364 Deum
998 1318 1313 1381 permisisse
1350 1328 1405 1371 ut
1450 1322 1685 1375 hostium
1732 1324 1783 1376 in
1833 1334 2156 1392 potestatem
2196 1329 2350 1381 veni-

785 1410 885 1455 ret.
928 1401 1127 1457 Eodem
1176 1416 1419 1476 tempore
1464 1411 1653 1465 morbo
1716 1413 2098 1470 intestinorum
2151 1417 2348 1473 adlecti

787 1492 1165 1547 moriebantur
1197 1506 1466 1567 quotquot
1512 1513 1690 1555 arcam
1722 1512 1999 1571 Ceperant,
2040 1506 2353 1577 visceraque

784 1594 1042 1652 corrupta
1088 1591 1479 1644 excernebant.
1533 1593 1801 1647 Pra'terea
1861 1597 2098 1650 murium
2144 1597 2353 1669 'ingens

783 1684 941 1728 enata
998 1679 1152 1745 copia
1213 1681 1349 1734 lines
1400 1699 1589 1737 eorum
1643 1686 1957 1741 infestabat.
2012 1688 2355 1761 Quapropter

782 1767 959 1820 Azotii
989 1773 1071 1821 vix
1108 1772 1323 1826 tandem
1369 1775 1645 1829 intellecto
1671 1793 1729 1831 se
1763 1780 1920 1832 malis
1948 1780 2255 1848 bujusmodi
2282 1783 2352 1837 ob

2458 598 2615 651 πόλιν
2648 600 2893 664 Ἄζωτον
2946 603 3292 672 αἰχμάλωτον
3350 606 3578 673 ἦγαγον.
3628 604 3760 656 Τότε
3796 604 3891 655 καὶ
3924 603 4022 653 Δα-

2458 680 2571 757 γὼν
2600 692 2889 761 συνετρίϐη
2927 693 3025 762 τῆς
3052 696 3261 757 οἰκείας
3294 695 3493 757 ὲκστὰς
3528 694 3693 763 ἔδρας
3720 693 3815 746 καὶ
3866 691 3944 753 ὡς
3968 694 4023 743 ιν

2459 780 2702 848 σχήματι
2732 783 3169 857 προσκυνοῦντος
3193 785 3398 837 πεσών.
3444 786 3658 848 Ἐδειξε
3688 785 3799 852 γὰρ
3830 784 3857 834 ό
3895 782 4023 843 Θελς

2457 861 2690 918 ἐνταῦθα
2722 866 2807 918 ὅτι
2858 867 2955 935 οὐχ
2981 864 3054 930 ὡς
3092 869 3327 937 ἀσθενὴς
3365 870 3758 939 ᾐχμαλωτίσθη
3790 871 3823 936 ἡ
3852 866 4023 919 2:61»-

2455 956 2545 1017 τὸς
2574 957 2645 1024 (εἰ
2678 958 2783 1024 γὰρ
2822 957 2978 1011 τοῦτο
3035 954 3127 1028 ἦν,
3172 961 3272 1013 οὐκ
3320 957 3385 1013 ἂν
3417 963 3483 1029 τῇ
3539 960 3814 1029 παρουσίᾳ
3856 958 4025 1021 αὐτῆς

2457 1047 2485 1097 ὁ
2515 1047 2644 1110 Θεὸς
2671 1049 2851 1102 αὐτῶν
2884 1050 3075 1114 Δαγὼν
3117 1052 3434 1122 συνετρίϐη,
3479 1049 3669 1122 [ὥστε]
3700 1050 3751 1102 εί
3788 1049 3864 1119 μὴ
3910 1047 4027 1099 θεία

2458 1132 2618 1205 χάρις
2644 1139 2851 1208 προσῆν
2893 1136 3080 1210 αὐτῇ),
3137 1140 3648 1210 αίχμαλωτισθῆναι
3679 1138 3736 1191 δὲ
3792 1154 4029 1205 συνεχως

2461 1228 2602 1297 ρήθη
2635 1225 2721 1280 διὰ
2757 1229 2855 1297 τὴν
2890 1230 2999 1282 τῶν
3042 1232 3314 1284 Ἰουδαίων
3347 1231 3565 1285 κακίαν.
3621 1229 3755 1281 Τότε
3808 1226 3873 1295 δὴ
3908 1230 4027 1278 τότε

2460 1320 2553 1371 καὶ⁵
2588 1318 2693 1372 ὑπὸ
2718 1320 3069 1392 δυσεντερίας
3121 1323 3466 1393 ἀπέθνησκον
3497 1325 3545 1375 οἱ
3582 1320 4027 1389 αἰχμαλωτίσαν-

2459 1427 2550 1474 τες
2584 1412 2775 1479 αὐτὴν,
2798 1414 2864 1467 τὰ
2894 1416 3043 1477 ἐντὸς
3070 1413 3393 1479 ὲξεμοῦντες
3424 1414 3823 1483 διεφθαρμένα.
3867 1409 4031 1462 ’Λλλὰ

2461 1503 2556 1554 καὶ
2592 1496 2743 1570 μυῶν
2808 1500 3011 1572 πλῆθος
3067 1502 3292 1557 ἀνελθὸν
3355 1507 3426 1557 τὰ
3470 1505 3566 1571 τῆς
3628 1502 3813 1572 χώρας
3873 1500 4031 1552 κατέ·

2461 1587 2692 1649 ὄλσπτε.
2724 1595 2896 1658 Μόλις
2920 1595 3012 1650 οὖν
3068 1597 3117 1649 ol
3159 1595 3413 1657 ’Δζώτιοι
3446 1596 3691 1662 συνῆκαν
3719 1593 3794 1655 ὡς
3826 1594 3891 1644 lx
3935 1590 4031 1657 τῆς

2463 1679 2698 1739 κιϐωτοῦ
2726 1687 2795 1739 τὰ
2838 1687 3065 1741 τοιαῦτα
3098 1688 3488 1757 προσγίνονται
3536 1686 3718 1748 αὐτοῖς
3742 1699 3756 1715 ⁸
3806 1682 4032 1748 ύξιοῦσι

2464 1777 2649 1830 λοιπὸν
2695 1778 2823 1842 τοὺς
2865 1765 3287 1843 Ἀσκαλωνίτας.
3331 1781 3443 1833 Καὶ
3491 1777 3697 1845 ταύτην
3735 1774 4034 1845 προσδεξὰ-

784 1873 965 1911 aream
990 1864 1200 1922 ventri,
1242 1864 1583 1920 Ascaletnitas
1610 1878 1769 1922 orant
1804 1881 1861 1924 ut
1884 1881 2003 1925 eam
2042 1870 2107 1924 ad
2142 1888 2199 1926 se
2224 1874 2356 1927 reci-

2469 1886 2615 1938 μενοι
2648 1872 2705 1923 ἐν
2728 1874 2841 1934 τοῖς
2871 1871 3079 1939 ὁμοίοις
3123 1873 3368 1939 γίνονται
3400 1873 3611 1933 κακοῖς.
3644 1870 3707 1922 Οί
3738 1869 3796 1921 δὲ
3842 1869 4035 1919 Ἀσκα-

786 1959 997 2017 pereat.
1032 1949 1144 2006 lloe
1180 1954 1253 2007 illi
1291 1967 1413 2010 cum
1441 1956 1716 2025 fecissent,
1741 1963 2055 2019 consimiles
2084 1964 2361 2020 calamita-

786 2050 868 2093 tes
930 2044 1311 2111 experiuntur.
1368 2046 1446 2100 Ad
1483 2051 1621 2103 alios
1663 2050 1827 2116 igitur
1875 2068 1993 2107 eam
2038 2055 2360 2111 Ascalonitae

783 2135 1058 2204 ablegant,
1111 2138 1261 2206 iique
1312 2140 1555 2194 vicissim
1594 2142 1659 2197 ad
1696 2144 1851 2209 alios,
1886 2148 2140 2202 omnibus
2170 2148 2359 2203 eadem

784 2231 924 2278 mala
956 2230 1257 2295 perpessis.
1294 2230 1445 2286 llauc
1470 2232 1540 2284 ob
1575 2247 1793 2287 causam
1825 2238 2103 2304 congressi
2132 2239 2363 2306 optima«

784 2327 867 2373 tes
895 2320 1108 2374 illarttm
1159 2323 1401 2391 quinque
1438 2326 1651 2379 urbium
1676 2368 1689 2392 ,
1730 2344 1848 2396 qua:
1892 2330 2047 2384 hisce
2076 2312 2361 2400 suppliciis

786 2412 1026 2465 multane
1052 2412 1290 2477 fuerant,
1312 2415 1567 2470 nimirum
1593 2418 1909 2485 Accaronis,
1929 2420 2105 2486 Gazae,
2128 2424 2279 2478 Azoti
2308 2432 2363 2479 et

785 2503 1264 2571 reliquarum,de
1318 2516 1430 2571 tota
1485 2524 1541 2562 re
1593 2510 1896 2565 deliberant
1928 2553 1942 2576 ,
2005 2523 2363 2583 statuuntque

784 2594 921 2647 duas
956 2610 1149 2649 vaccas
1179 2595 1338 2651 fit-tas
1368 2598 1552 2650 currui
1587 2599 1881 2669 alhgandas
1932 2615 2072 2663 esse,
2114 2602 2199 2655 cui
2234 2617 2362 2656 area

785 2684 1124 2755 imponatur.
1155 2686 1268 2741 llor;
1303 2687 1448 2741 facto
1496 2705 1689 2744 vaccas
1723 2694 1776 2743 in
1814 2688 1972 2744 trivio
2022 2691 2359 2761 relinquunt,

782 2772 975 2840 eisque
1007 2783 1332 2840 potestatem
1372 2776 1582 2831 faciunt
1620 2777 1785 2831 eundi
1818 2794 1927 2847 quo
1947 2779 2134 2833 velint.
2160 2781 2361 2843 Quodsi

784 2875 1077 2933 pergerent
1106 2866 1157 2918 lu
1192 2865 1546 2921 llebrarorum
1592 2867 1749 2933 lines,
1785 2869 2011 2923 omnino
2041 2868 2362 2926 existiman-

784 2954 915 3008 dum
943 2956 1096 3009 aiunt
1126 2972 1304 3011 arcam
1356 2959 1489 3027 ipsis
1536 2960 1809 3029 ejusmodi
1844 2961 2109 3015 malorum
2141 2977 2361 3017 causam

786 3046 974 3114 fuisse,
1008 3049 1093 3102 sin
1132 3048 1289 3119 173
1319 3050 1425 3102 alio
1458 3049 1811 3106 deﬂecte-rent
1839 3094 1853 3117 ,
1904 3053 2361 3122 persequendam,

2459 1960 2681 2014 λωνῖται
2724 1964 2862 2031 πρὸς
2900 1965 3122 2035 ἑτέρους
3152 1968 3455 2034 πέμπουσι,
3487 1965 3735 2016 κάκεῖνοι
3772 1961 3908 2029 πρὸς
3940 1958 4032 2011 ἄλ·

2459 2050 2605 2116 λους.
2642 2055 2749 2108 Καὶ
2779 2057 2979 2119 πάντες
3021 2058 3091 2110 τὰ
3122 2058 3261 2111 αὐτὰ
3310 2060 3605 2126 πάσχουσι.
3668 2052 4035 2120 Συνέρχονται

2459 2139 2553 2198 οὖν
2570 2147 2617 2198 oi
2652 2145 2760 2199 τῶν
2794 2148 3084 2203 παθουσῶν
3112 2150 3275 2204 πέντε
3305 2150 3515 2200 πόλεων
3542 2146 3827 2214 ἄρχοντες,
3869 2144 4039 2195 Ἀκα-

2462 2235 2592 2306 ρὼν.
2629 2234 2830 2306 Γάζης,
2862 2234 3098 2303 Ἀζώτου
3173 2238 3269 2294 καὶ
3309 2240 3415 2291 τῶν
3460 2237 3688 2294 λοιπῶν.
3750 2236 3845 2287 καὶ
3906 2235 4039 2303 περὶ

2461 2329 2655 2381 τούτου
2718 2332 3035 2385 σκοποῦσιν.
3093 2332 3256 2385 Ὅθεν
3302 2332 3399 2385 καὶ
3447 2330 3572 2399 βόας
3636 2325 4040 2391 ὑποζεύξαντες

2462 2423 2807 2493 ἀρτιτόκους,
2842 2424 2933 2475 καὶ
2959 2427 3060 2495 τὴν
3099 2424 3334 2477 κιϐωτὸν
3370 2424 3559 2485 αὐτοῖς
3588 2423 3924 2480 ἐπιτιθέασι,
3945 2417 4045 2468 καὶ

2464 2512 2555 2566 ἐπὶ
2583 2514 2798 2583 τριόδου
2831 2516 3234 2578 καταλιπόντες
3300 2516 3698 2583 ἐπιτρέπουσιν
3754 2512 3938 2571 αὐτοῖς
3976 2510 4045 2577 ἦν

2465 2604 2747 2676 βούλονται
2789 2605 2909 2659 ὁδὸν
2956 2607 3256 2659 ἀπελθεῖν*
3310 2607 3415 2659 κᾶν
3461 2610 3564 2675 μὲν
3615 2606 3713 2674 τὴν
3772 2602 4048 2670 Ἐϐραίων

2461 2692 2720 2755 ἀπίωσιν,
2746 2690 3158 2761 ὑπολαμϐάνειν
3171 2693 3269 2763 τὴν
3291 2690 3528 2746 κιϐωτὸν
3556 2692 3737 2747 αἰτίαν
3768 2688 3909 2742 εἶναι
3935 2684 4049 2739 τῶν

2459 2781 2715 2835 τοιούτων
2739 2784 2949 2849 κακῶν,
2980 2783 3046 2837 ἂν
3076 2784 3133 2838 δὲ
3176 2785 3343 2853 ἄλλην
3373 2784 3715 2852 τράπωνται,
3748 2777 4050 2834 Καταδιὼ-

2466 2872 2649 2942 ξωμεν
2681 2874 2875 2946 αὐτὴν,
2912 2876 3142 2946 ἔφασαν,
3166 2878 3261 2931 an
3306 2877 3380 2947 μὴ
3410 2874 3667 2943 τοιαύτην
3697 2873 3927 2943 ἔχουσαν
3956 2868 4054 2921 δύο

2464 2983 2649 3036 ναμιν.
2682 2967 2897 3020 Γίνεται
2917 2968 3112 3035 ταῦτα,
3131 2971 3224 3021 καὶ
3253 2969 3405 3021 Θείαν
3420 2972 3488 3039 τῇ
3505 2965 3725 3035 κιϐωτῷ
3752 2964 4051 3033 προσεῖναι

2462 3054 2760 3126 διέγνωσαν
2800 3060 3050 3131 δύναμιν.

786 3145 861 3197 uti
896 3158 1014 3213 qua:
1043 3152 1366 3214 potestatem
1403 3144 1672 3214 ejusmodi
1708 3146 1910 3199 nullam
1945 3146 2189 3201 haberet.
2223 3146 2360 3202 lluic
2417 3152 2647 3208 consilio
2695 3168 2819 3208 cum
2882 3154 3209 3225 paruissent,
3260 3154 3453 3208 adesse
3487 3151 3721 3207 divinant
3750 3147 4053 3219 quamdam

784 3250 924 3292 arc:e
955 3237 1061 3291 vim
1095 3252 1157 3290 ac
1188 3246 1514 3304 potestatem
1539 3238 2041 3307 deprehenderunt.

802 3400 809 3406 _
856 3330 913 3384 ln
946 3330 1051 3385 hoc
1098 3339 1242 3384 Statu
1265 3345 1388 3383 eum
1417 3345 1508 3383 res
1545 3329 1895 3384 Hebraeorum
1924 3339 2108 3386 essent
2130 3371 2143 3394 ,
2182 3346 2364 3398 regem

2542 3331 2605 3383 Οί
2646 3332 2747 3401 μὲν
2774 3328 2872 3386 οῦν
2919 3330 3162 3401 Ἑϐραῖοι
3217 3332 3444 3386 τοιαῦτα
3479 3332 3782 3401 πάσχοντες
3820 3330 4057 3399 ζητοῦσι

783 3422 901 3479 dari
933 3422 1035 3477 sibi
1062 3424 1342 3492 postulant
1371 3432 1425 3477 et
1472 3422 1696 3477 Saulum
1728 3423 2021 3494 accipiunt,
2054 3434 2363 3493 quanquam

786 3514 931 3571 Deus
986 3515 1302 3584 hujusmodi
1339 3516 1661 3583 petitionem
1704 3530 1894 3569 eorum
1959 3528 2219 3585 perquam
2250 3526 2367 3586 gra-

788 3610 926 3663 viter
972 3608 1134 3671 tulit,
1193 3622 1256 3662 ac
1310 3600 1602 3678 propterea
1634 3607 1822 3663 verbis
1867 3608 2019 3663 hisce
2051 3607 2366 3663 Samuelum

785 3702 1057 3755 alioeutus
1089 3707 1170 3753 est
1222 3718 1235 3753 :
1292 3718 1310 3751 ι
1367 3697 1485 3755 Non
1523 3710 1577 3754 te
1614 3697 1983 3765 ﬂocciferuut,
2037 3699 2131 3754 sed
2167 3715 2252 3754 me
2288 3700 2369 3768 ip.

786 3810 933 3857 sum,
968 3810 1036 3848 ne
1072 3809 1304 3863 regnum
1338 3793 1551 3848 scilicet
1602 3792 1656 3846 in
1692 3808 1787 3848 eos
1836 3792 2137 3847 obtineam.
2176 3811 2193 3843 ι
2230 3791 2369 3845 Sau-

786 3884 872 3937 lus
922 3884 1012 3937 hic
1056 3884 1327 3937 oriundus
1384 3882 1748 3951 Benjamilide
1791 3883 1973 3948 tribu,
2017 3880 2128 3937 Cisi
2176 3882 2318 3935 [ilius
2348 3922 2364 3948 ,

786 3976 962 4031 l‘orma
998 3976 1261 4045 praeditus
1308 3974 1469 4047 longe
1528 3968 1983 4045 priestantissima
2029 3989 2368 4044 corporeque

786 4084 1017 4139 procero
1049 4079 1105 4123 et
1153 4068 1357 4137 amplo,
1402 4067 1543 4122 forte
1581 4067 1754 4138 patris
1794 4066 1978 4121 asinas
2005 4065 2283 4131 amiserat,
2313 4073 2369 4120 et

784 4178 977 4217 earum
1020 4161 1455 4230 indagandarum
1484 4163 1653 4214 c‘ausa
1685 4169 1866 4215 vatem
1902 4156 2217 4212 Samuelum
2244 4173 2372 4212 eon-

785 4264 1036 4308 venerat.
1064 4254 1141 4307 lbi
1184 4261 1337 4307 vates
1364 4261 1645 4322 sumptum
1681 4251 1864 4307 oleum
1888 4264 2103 4305 sacrum
2132 4249 2187 4303 in
2210 4256 2371 4319 caput

778 4346 1003 4417 juvenis
1049 4344 1305 4407 ell‘undit,
1341 4359 1581 4414 eumque
1621 4350 1971 4414 peramanter
2012 4343 2367 4412 complexus,

791 4459 807 4489 ι
853 4436 1006 4501 Esto,
1050 4437 1248 4505 inquit,
1283 4450 1378 4490 rex
1421 4434 1601 4506 gentis
1624 4444 1828 4490 nostra:
1870 4432 2136 4489 divinitus
2174 4446 2371 4501 appro-

784 4531 969 4585 batus.
1004 4548 1022 4580 ι
1063 4527 1241 4582 Simul
1276 4543 1326 4583 et
1375 4527 1647 4597 significat
1674 4526 1859 4582 omnia
1898 4542 2019 4596 quae
2045 4524 2147 4595 ipsi
2188 4531 2371 4578 essent

782 4624 839 4676 in
876 4621 1079 4675 itinere
1112 4619 1206 4674 illo
1229 4628 1518 4683 eventura,
1553 4617 1794 4672 futurum
1819 4616 2029 4672 scilicet
2052 4623 2108 4670 ttt
2141 4614 2193 4668 in
2219 4622 2369 4669 vates

782 4713 1073 4776 incideret,
1106 4721 1161 4766 et
1189 4710 1377 4765 divino
1405 4722 1719 4781 correptum
1746 4708 1955 4780 Spiritu
1985 4725 2109 4763 cum
2146 4708 2226 4763 eis
2273 4723 2369 4760 va-

783 4805 1162 4858 ticinaturum.
1191 4802 1399 4857 Deinde
1422 4814 1614 4857 rursus
1650 4818 1775 4855 eum
1809 4800 2146 4870 inspectante
2170 4799 2372 4869 populo

785 4900 1026 4967 inungit.
1062 4898 1240 4965 Atque
1290 4896 1395 4950 hoc
1429 4895 1593 4949 modo
1632 4892 1987 4948 Hebraeorum
2039 4906 2126 4946 res
2156 4889 2370 4962 publica

782 4992 837 5042 iu
872 4988 1022 5058 regni
1059 4990 1292 5042 formam
1326 4997 1409 5042 est
1439 4995 1796 5040 commutata.
1832 4983 2120 5038 Satuuelus
2148 4983 2368 5052 quidem

782 5081 1071 5135 lsraelicos
1104 5080 1287 5134 aiebat
1316 5080 1557 5149 petendo
1593 5092 1777 5147 regem
1809 5090 2026 5145 gravem
2067 5074 2121 5128 in
2154 5089 2211 5127 se
2233 5088 2369 5127 con-

779 5175 979 5228 eitasse
1032 5174 1466 5243 indignationem
1522 5170 1885 5224 Dei.Lieebat
1924 5171 2045 5237 ejus
2093 5170 2171 5221 rei
2231 5182 2365 5220 eon-

776 5265 1049 5337 jecturam
1078 5267 1162 5320 vel
1190 5283 1250 5320 ex
1289 5280 1355 5320 eo
1386 5280 1629 5329 sumere,
1668 5264 1813 5331 quod
1842 5278 1963 5317 cum
1995 5277 2157 5315 nemo
2182 5270 2369 5315 aestate

783 5358 958 5413 media
1016 5368 1404 5427 tempestatem
1456 5354 1723 5424 ejusmodi
1777 5355 2026 5415 vidisset,
2063 5352 2151 5404 illa
2186 5361 2369 5405 tamen

783 5453 836 5518 td
867 5455 1135 5523 temporis
1166 5459 1460 5521 conspecta
1505 5452 1596 5504 sit.
1637 5450 1849 5520 Quippe
1880 5464 2004 5504 cum
2036 5458 2191 5501 vates
2231 5448 2372 5501 hanc

2472 3424 2718 3494 βασιλέα,
2753 3426 2844 3477 καὶ
2875 3425 3213 3494 λαμϐάνουσι
3233 3425 3323 3477 τὸν
3343 3425 3538 3486 Σαοὺλ,
3564 3428 3610 3476 εξ
3631 3424 3725 3475 καὶ
3751 3424 3824 3493 μὴ
3854 3426 4057 3492 πράως

2468 3516 2715 3585 ἔφερενό
2748 3516 2880 3580 Θεὸς
2915 3517 3010 3569 τοῦ
3060 3516 3305 3569 τοιούτου
3344 3517 3503 3585 χάριν
3551 3514 3892 3584 ζητήματος,
3960 3512 4055 3583 ἐφ’

2467 3596 2513 3676 ᾧ
2551 3608 2644 3661 καὶ
2681 3602 2817 3677 πρὸς
2861 3609 2951 3659 τὸν
3000 3608 3258 3678 Σαμουὴλ
3294 3609 3510 3676 ἔλεγεν
3556 3626 3573 3657 ι
3615 3609 3690 3659 Οὐ
3730 3606 3791 3658 σὲ
3823 3606 4056 3673 ἐξουθε-

2471 3702 2721 3771 νήκασιν,
2764 3698 2877 3753 ἀλλ’
2911 3702 3033 3768 ἐμὲ,
3077 3701 3171 3753 τοῦ
3230 3700 3306 3770 μὴ
3338 3699 3647 3769 βασιλεύειν
3682 3701 3738 3751 ἐν
3794 3703 4000 3760 αὐτοῖς.
4028 3716 4049 3750 ι

2471 3790 2640 3854 Οὗτος
2674 3792 2771 3862 μὲν
2800 3786 2893 3846 οὖν
2920 3795 2947 3843 ό
2977 3791 3153 3844 Σαοὺλ
3188 3793 3251 3845 ὲκ
3277 3793 3376 3861 τῆς
3421 3790 3794 3859 Βενιαμίτιδος
3828 3791 4055 3861 ὑπῆρχε

2470 3884 2821 3954 φυλῆς,,υἱὸς
2861 3882 2957 3935 τοῦ
3008 3884 3133 3945 Κῖς,
3193 3884 3221 3934 ὁ
3252 3883 3346 3935 καὶ
3400 3883 3501 3951 τὴν
3553 3880 3769 3951 μορφὴν
3822 3880 4053 3950 ἄριστος

2469 3977 2563 4030 καὶ
2597 3976 2657 4028 τὸ
2690 3975 2848 4044 σῶμα
2880 3974 3072 4042 μέγας.
3099 3975 3207 4036 Τὰς
3227 3956 3384 4037 ὅνους
3418 3974 3510 4027 τοῦ
3536 3973 3741 4043 πατρὸς
3770 3971 4051 4034 ἀπώλεσε,

2468 4068 2563 4120 καὶ
2594 4067 2730 4137 πρὸς
2759 4067 2851 4120 τὸν
2885 4068 3173 4137 προφήτην
3211 4065 3469 4136 Σαμουὴλ
3492 4065 3715 4134 ἔρχεται
3741 4064 3874 4133 περὶ
3904 4066 4058 4118 ὲκεί-

2470 4177 2578 4212 νων
2621 4159 2941 4228 ἐρωτήσων.
2981 4160 3041 4212 '0
3069 4158 3125 4211 δὲ
3184 4162 3475 4229 προφήτης
3538 4157 3721 4210 λαϐὼν
3775 4156 3835 4210 τὺ
3895 4159 4058 4225 ἅγιον

2470 4252 2650 4307 ἔλαιον
2678 4252 2780 4321 τῆς
2806 4252 3209 4322 τοῦνεανίσκου
3234 4254 3467 4321 καταχεῖ
3501 4250 3768 4318 κεφαλῆς,
3803 4252 3899 4303 καὶ
3921 4267 4059 4303 κατ·

2470 4345 2862 4411 ασπασάμενος
2920 4344 3083 4397 αὐτὸν
3108 4383 3122 4406 ,
3167 4364 3185 4394 ι
3221 4345 3359 4397 Ἰσθι
3394 4362 3412 4395 ι
3448 4383 3462 4407 ,
3498 4345 3652 4412 φησῖ,
3697 4362 3715 4393 ι
3755 4342 4009 4411 βασιλεῦς
4036 4359 4055 4375 ο

2474 4435 2580 4488 ὑπὸ
2608 4434 2743 4487 Θεοῦ
2778 4434 3228 4503 κεχειροτόνησαι
3253 4436 3515 4503 σήμερον.
3557 4452 3575 4485 ι
3644 4434 3807 4485 Ἀλλὰ
3841 4434 3936 4486 καὶ
3986 4434 4060 4485 τὰ
4124 4463 4143 4483 ο

2474 4526 2878 4596 συμϐησόμενα
2913 4524 3036 4579 καθ’
3081 4526 3200 4578 ὁδὸν
3234 4524 3384 4594 αὖτῷ
3439 4525 3645 4591 ἔλεγεν,
3706 4526 3959 4591 ἐντυχεῖν
3995 4540 4058 4575 τε

2475 4618 2810 4689 προφήταις,
2860 4619 2953 4671 καὶ
2998 4618 3097 4671 σὺν
3125 4618 3309 4680 αὐτοῖς
3339 4603 3720 4688 προφητεῦσαι
3760 4618 4058 4684 γινόμενον

2473 4708 2679 4764 ἔνθεον.
2732 4707 2894 4780 Χρίει
2937 4709 2993 4763 δὲ
3028 4710 3194 4763 αὑτὸν
3232 4708 3450 4763 καὶτοῦ
3516 4708 3757 4778 πλήθους
3795 4711 4056 4778 ὁρῶντος.

2476 4801 2588 4855 Καὶ
2610 4799 2783 4865 οὕτως
2816 4802 2850 4869 ὴ
2887 4801 2996 4867 τῶν
3044 4801 3317 4874 Ἐϐραίων
3361 4801 3611 4856 πολιτεία
3648 4804 3730 4864 εἰς
3769 4800 4059 4871 βασιλείαν

2476 4893 2805 4965 μετέπεσεν.
2845 4894 3043 4959 Ἔλεγε
3088 4893 3146 4946 δὲ
3180 4893 3315 4963 πρὸς
3341 4893 3538 4949 αὐτοὺς
3570 4894 3653 4946 ὅτι
3702 4894 3883 4946 Πολλὰ
3915 4909 4062 4963 παρ-

2480 4988 2757 5058 ωργίσατε
2789 4987 2879 5038 τὸν
2908 4986 3065 5049 Θεὸν,
3106 4985 3335 5055 βασιλέα
3383 4985 3767 5052 αἰτησάμενοι.
3810 4986 3922 5037 Καὶ
3959 4986 4058 5053 δῆ-

2472 5084 2566 5133 λον
2599 5077 2883 5132 ἐντεῦθεν·
2921 5076 2950 5129 ὃ
2976 5078 3088 5146 γὰρ
3129 5076 3389 5129 οὐδέποτέ
3435 5093 3515 5138 τις
3564 5072 3725 5140 εἶδεν,
3763 5077 3823 5127 ὲν
3864 5076 4055 5145 θέρους

2476 5172 2629 5241 ἀκμῇ
2664 5170 2934 5240 χειμῶνα,
2970 5170 3129 5222 τοῦτο
3178 5168 3549 5237 γεγενημένον
3601 5166 3898 5220 θεάσασθε.
3953 5169 4058 5218 Καὶ

2477 5262 2651 5315 ταῦτα
2683 5264 2931 5324 εἰπόντος
2954 5260 3049 5313 τοῦ
3088 5262 3370 5329 προφήτου
3404 5259 3689 5329 ἀστραπαὶ
3718 5260 3813 5311 καὶ
3836 5258 4058 5328 βροντιὶ

2482 5357 2578 5409 καὶ
2625 5355 2857 5423 χάλαζαι
2894 5356 3321 5421 καταφέρονται,
3362 5351 3437 5414 ὡς
3489 5351 3743 5404 ἐντεῦθεν
3788 5350 3881 5403 τὸν
3929 5350 4057 5400 λαδν

2480 5446 2753 5516 ἁμαρτεῖν
2782 5448 2859 5508 εἰς
2893 5446 3026 5499 Θεὸν
3060 5447 3271 5513 ἔλεγεν.

780 5551 1090 5604 orationem
1124 5549 1190 5603 ad
1225 5548 1489 5618 pupulum
1534 5543 1839 5610 habuisset,
1907 5542 2123 5611 fulgura
2189 5556 2312 5595 cum
2356 5539 2616 5594 tonitruis
2682 5548 2737 5595 et
2795 5540 3059 5609 grandine
3090 5539 3454 5603 exstiterunt;
3487 5553 3595 5605 quo
3621 5537 3765 5591 facto
3811 5531 4057 5605 proﬁteri

782 5643 1016 5713 pupulus
1040 5658 1097 5694 5e
1125 5643 1176 5694 in
1209 5642 1376 5694 Deum
1415 5639 1734 5705 deliquisse.

852 5736 1165 5788 Secundum
1218 5737 1332 5786 ltzec
1389 5732 1590 5785 Saulus
1637 5746 1761 5784 cum
1815 5728 1991 5797 cepiis
2046 5726 2367 5780 Palxstinos

781 5824 1069 5881 invasurus
1120 5826 1365 5896 pultliﬁt'i
1424 5824 1643 5880 mandat
1702 5832 1761 5877 ut
1810 5833 2025 5894 sumpta
2085 5818 2363 5891 pontificia

2556 5722 2617 5775 Ὀ
2650 5723 2840 5791 μέντοι
2882 5719 3055 5775 Σαοὺλ
3115 5719 3328 5791 μέλλων
3362 5720 3505 5773 κατὰ
3552 5718 3933 5771 “alaturva
3966 5722 4058 5789 ὁρ-

2478 5817 2675 5887 μῆτται,
2703 5816 2917 5870 κελεύει
2947 5816 3037 5869 τὸν
3077 5814 3339 5887 ἀρχιερέα
3364 5814 3599 5867 λαϐόντα
3646 5814 3748 5882 τὴν
3788 5814 4057 5883 ἀρχιερα-
