4212 6448
292 514 443 582 τικὴν
472 514 663 586 στολὴν
697 515 1066 586 προφητεύειν
1097 514 1246 585 αύτῷ
1299 515 1428 579 περὶ
1479 514 1587 567 τῶν
1628 515 1848 584 μελλόν-
1879 521 1918 576 Α

294 621 414 659 των.
446 605 553 658 Τοῦ
584 606 640 659 δὲ
664 607 1073 676 προτρέψαπος
1103 606 1386 676 ἐξέρχεται
1443 606 1583 658 κατὰ
1640 608 1844 659 Παλαι-

293 695 503 749 στινῶν.
522 696 581 750 ’0
621 698 806 767 μέντοι
847 697 1020 751 Σαοὺλ
1052 700 1117 767 τῇ
1134 699 1260 767 νίκῃ
1287 696 1545 766 ἐπαρθεὶς
1570 698 1844 766 ἐπαρᾶται

292 786 397 847 τοῖς
448 785 725 856 Ἐὀραίοις
751 803 767 818 θ
804 789 870 858 ἢν
892 806 977 850 τις
1016 782 1396 856 ἀποσχόμενός
1446 787 1539 839 τοῦ
1597 789 1846 853 φονεύειν

292 876 411 937 τοὺς
444 876 674 944 ἐχθροὺς
700 878 873 949 φάγῃ,
907 878 1003 931 καὶ
1059 877 1134 948 μὴ
1194 879 1390 946 μέχρις
1443 872 1503 930 οὗ
1536 877 1632 941 νὺξ
1690 878 1848 930 ἐπελ-

295 964 459 1019 θοῦσα
484 966 588 1034 τῆς
619 968 957 1038 ἀναιρέσεως
991 969 1190 1031 αὐτοὺς
1219 968 1518 1038 ἀποπαύσῃ
1549 970 1658 1020 τῶν
1692 968 1849 1020 πολε-

297 1056 452 1124 μίων,
485 1058 891 1129 ιπικατάρατος
922 1061 1031 1129 εἴη.
1091 1059 1247 1112 Οὕτω
1302 1059 1480 1113 τοίνυν
1522 1059 1617 1112 τοῦ
1677 1061 1847 1113 Σαοὺλ

294 1150 583 1216 φήσαντος,
608 1152 733 1206 ἐπεὶ
757 1154 895 1206 κατά
918 1171 1038 1206 τινα
1067 1154 1275 1223 δρυμδν
1298 1155 1547 1220 ἐγένοντο
1573 1155 1848 1222 μελισσῶν

293 1242 555 1310 γέμοντα,
597 1246 626 1297 6
654 1244 749 1297 τοῦ
794 1244 967 1298 Σαοὺλ
998 1248 1124 1308 παῖς
1156 1246 1256 1299 οὐκ
1314 1245 1566 1315 ἀκηκοὼς
1614 1248 1712 1313 τῆς
1751 1248 1845 1300 τοῦ

292 1332 494 1401 πατρὸς
541 1335 681 1403 ἀρᾶς
729 1336 1037 1403 ἀποθλίψας
1095 1354 1149 1389 τι
1208 1337 1402 1408 κηρίον
1459 1338 1553 1390 τοῦ
1629 1339 1844 1406 μέλιτος

293 1412 501 1494 ἢσθιεν.
536 1423 667 1480 Εἶτα
688 1429 851 1496 γνοὺς
880 1431 942 1482 τὸ
972 1433 1196 1497 γεγονὸς
1244 1432 1343 1481 οὐκ
1372 1430 1550 1499 ὀρθῶς
1603 1429 1705 1498 ἔφη
1758 1432 1849 1484 τὸν

293 1519 500 1584 πατέρα
530 1518 788 1587 τοιαύτην
817 1520 959 1589 ἀρὰν
982 1520 1186 1573 θεῖναι·
1225 1520 1569 1590 εὐψυχότατα
1600 1521 1706 1590 γὰρ
1746 1538 1821 1575 κα

293 1607 548 1676 τατρέχει
576 1609 676 1679 τῆς
705 1610 813 1664 τῶν
864 1610 1148 1670 ἐναντίων.
1188 1611 1242 1663 ετ
1300 1628 1362 1678 γε
1393 1614 1600 1680 τροφῆς
1655 1615 1712 1665 ἐν
1771 1614 1851 1684 τῷ

295 1699 443 1768 μέσῳ
478 1699 677 1769 φθάσει
710 1703 1059 1772 μεταλαεεῖν.
1108 1705 1167 1757 Ὀ
1195 1705 1251 1756 δὲ
1284 1705 1458 1757 Σαοὺλ
1512 1707 1650 1774 μετά
1681 1707 1741 1758 τδ
1773 1724 1850 1759 νι-
1890 1694 1893 1697 ’

292 1790 456 1858 κῆσαι
484 1792 577 1844 καὶ
611 1792 775 1846 θῦσαι
814 1792 891 1862 τῷ
937 1793 1057 1864 Θεῷ
1088 1795 1302 1847 κελεύει
1333 1795 1425 1847 τδν
1459 1796 1721 1866 ἀρχιερέα
1758 1796 1851 1849 καὶ

291 1880 446 1943 αὖθις
485 1883 689 1948 γνῶναι
719 1886 768 1936 εί
799 1859 1238 1948 δίδωσιν-αὑτοῖς
1265 1888 1293 1939 6
1322 1886 1454 1949 Θεδς
1600 1859 1661 1939 τὸ
1688 1903 1850 1956 στρα-
1884 1859 1924 1913 Β

290 1972 517 2025 τόπεδον
551 1975 661 2026 τῶν
685 1974 898 2045 ἐχθρῶν
927 1976 1100 2030 ἔλθεϊν
1147 1980 1241 2031 καὶ
1276 1977 1586 2047 διαφθεῖραι
1627 1977 1850 2041 αύτούς.

294 2061 557 2125 Εἰπόντος
595 2062 653 2115 δὲ
693 2063 787 2115 τοῦ
838 2064 1145 2134 ἀρχιερέως
1199 2068 1275 2135 μὴ
1324 2067 1723 2136 ἀποκρίνεσθαι
1761 2068 1853 2120 τὸν

291 2151 448 2214 Θεὸν,
485 2154 513 2206 6
544 2154 719 2206 Σαοὺλ
757 2154 860 2224 ἔφη
902 2155 977 2225 μὴ
998 2156 1126 2209 ἄνευ
1166 2158 1344 2219 αίτίας
1375 2157 1533 2211 τοῦτο
1559 2158 1805 2226 γίνεσθαι
1836 2174 1850 2189 ο

292 2242 411 2296 ἀλλ’
457 2243 573 2298 ἔστι
595 2260 650 2297 τι
674 2244 933 2298 λανθάνον
965 2246 1022 2312 ἐξ
1055 2247 1215 2316 ἡμῶν
1257 2248 1563 2319 ἁμάρτημα
1609 2251 1708 2319 τῆς
1757 2250 1854 2305 τοῦ

293 2336 428 2389 Θεοῦ
487 2340 700 2408 σιωπῆς
769 2339 967 2406 αίτιον,
1027 2342 1122 2395 καὶ
1170 2343 1396 2412 ὕμνυμι,
1435 2346 1541 2398 κᾶν
1585 2347 1613 2398 6
1665 2349 1796 2410 παῖς
1828 2350 1856 2401 6

293 2428 427 2495 ἐμὸς
463 2428 721 2483 Ἰωνάθαν
749 2430 838 2500 εἴη
866 2433 894 2484 6
931 2432 994 2485 τὸ
1039 2433 1345 2505 ἁμάρτημα
1390 2434 1551 2488 τοῦτο
1600 2437 1854 2507 ποιήσας,

296 2520 644 2574 ἀποκτείνειν
662 2509 833 2575 αὐτὸν
855 2523 947 2577 καὶ
978 2523 1068 2577 τὸν
1095 2525 1231 2578 Θεὸν
1279 2526 1451 2590 οὕτως
1505 2526 1854 2582 ιλεὼσασθαι.

296 2610 496 2664 [limat
522 2608 615 2665 οὖν
641 2613 668 2665 6
698 2614 903 2682 κλῆρος
924 2615 1017 2668 ἐπὶ
1048 2615 1139 2669 τὸν
1181 2617 1458 2680 Ὶωνάθαν,
1491 2620 1586 2670 καὶ
1616 2618 1711 2670 τοῦ
1747 2636 1853 2670 πα-

293 2701 425 2770 τρὸς
448 2703 764 2770 ἐρωτῶντος
791 2706 954 2757 αὐτον
981 2706 1034 2758 τί
1067 2723 1124 2759 τε
1170 2707 1440 2775 πεποίηκε
1472 2708 1568 2760 καὶ
1595 2709 1742 2771 ὅπως
1780 2710 1859 2772 είς

292 2792 428 2846 Θεὸν
453 2794 752 2864 ἐξήμαρτε,
785 2797 951 2865 μηδὲν
974 2797 1162 2867 ἕτερον
1208 2798 1395 2865 ἔλεγεν
1444 2792 1674 2854 συνιδεῖν
1706 2802 1737 2872 ἢ
1768 2803 1862 2871 μέ-

293 2880 440 2944 λιτος
492 2882 619 2952 χθὲς
650 2883 1082 2951 ἀπογεύσασθαι,
1114 2885 1214 2956 τὴν
1271 2886 1409 2954 ἀρὰν
1466 2889 1699 2956 ἀγνοῶν.
1738 2894 1856 2943 Διο-

300 2972 529 3042 μνύεται
568 2973 662 3030 οὖν
687 2976 714 3027 6
743 2976 915 3027 Σαοὺλ
946 2978 1257 3030 ἀποκτείναι
1297 2980 1486 3032 αὐτόν.
1543 2982 1655 3033 Οὐκ
1706 2983 1859 3035 ἀνθί-

211 3050 217 3055 ’
296 3080 493 3139 σταται
553 3067 582 3118 6
626 3069 778 3129 παῖς,
832 3068 903 3119 τά
943 3068 1040 3120 τοῦ
1097 3069 1265 3139 ὅρκου
1326 3069 1501 3138 βιάζει
1566 3072 1856 3140 προϐῆναι.

1545 404 1944 463 ΑΝΝΑΙΛΗΜ
1986 406 2175 463 l‘AltS
2224 407 2295 466 ll.

3407 405 3504 465 33i

1951 523 2102 569 veste
2128 515 2229 569 sibi
2265 516 2669 581 vaticinaretur,
2710 518 2926 585 quinam
2968 517 3086 582 ejus
3133 513 3255 566 belli
3301 515 3509 565 iuturus

1948 614 2096 660 esset
2126 606 2326 660 exitus.
2356 606 2452 660 Illo
2475 623 2654 677 regem
2681 608 2744 660 ad
2781 608 2976 660 bellum
3005 606 3298 664 excitante,
3332 606 3511 670 cupias

1947 696 2145 752 Saulus
2170 699 2454 752 adversum
2483 698 2792 752 Palaestinos
2825 698 3046 760 educit;
3082 710 3313 763 cumque
3344 695 3512 746 Victu-

1947 788 2026 840 ria
2085 790 2290 856 potitus
2351 797 2536 850 esset,
2604 787 2927 841 insolentior
2980 788 3156 838 factus
3200 784 3511 851 huiusmodi

1949 880 2183 947 quadam
2246 881 2626 933 exsecratione
2678 880 2779 933 sibi
2825 879 3080 931 llcbrzeos
3106 876 3433 936 devincit“,
3470 875 3512 925 si

1947 971 2071 1038 quis
2113 971 2361 1024 hostibus
2415 986 2641 1040 parcens
2674 971 2856 1023 cibum
2915 978 3178 1029 sumeret,
3217 982 3315 1019 nec
3345 966 3397 1017 in
3434 965 3513 1015 eis

1950 1061 2267 1115 occidendis
2321 1062 2507 1113 Iandiu
2540 1070 2910 1129 perseveraret
2940 1061 3065 1112 dum
3106 1074 3210 1111 nox
3250 1070 3514 1125 Sttpt‘lvou

1950 1153 2107 1206 niens
2136 1153 2379 1206 cmdendi
2430 1154 2591 1206 ﬁuem
2621 1153 2847 1213 faceret,
2892 1153 2939 1205 is
2970 1162 3029 1205 ut
3058 1149 3406 1203 exsecrabilis
3436 1146 3516 1199 l‘o-

1948 1252 2033 1298 ret
2081 1260 2145 1299 ac
2195 1246 2330 1299 diris
2364 1246 2744 1300 devoveretur.
2780 1246 2903 1300 lla-c
2952 1246 3149 1300 Saulus
3190 1260 3310 1297 cum
3342 1244 3516 1311 prolo-

1949 1344 2111 1389 cutus
2170 1334 2395 1398 fuisset,
2463 1337 2600 1391 forte
2646 1337 2844 1391 aeiidit
2904 1347 2961 1390 ut
3008 1337 3271 1390 militibus
3323 1336 3512 1388 silvam

1950 1426 2236 1494 quamdam
2297 1426 2593 1497 ingressis,
2651 1445 2770 1494 tunc
2832 1428 3027 1482 referta
3083 1438 3228 1482 esSet
3284 1429 3514 1490 aibus.

1950 1516 2097 1569 Sauli
2134 1516 2275 1571 ﬁlius
2304 1519 2689 1572 exsecratione
2727 1530 2951 1588 paterna
2982 1536 3091 1573 non
3123 1521 3302 1573 audita
3335 1520 3513 1572 favum

1954 1605 2129 1658 mellis
2152 1606 2401 1659 avulsum
2451 1608 2781 1661 comederet.
2825 1607 3070 1676 Cumque
3103 1609 3360 1676 deinceps
3403 1624 3517 1658 rem

1955 1697 2029 1750 uti
2066 1707 2216 1767 gesta
2247 1697 2441 1751 fuisset
2468 1699 2829 1753 intellexisset
2855 1740 2868 1762 ,
2912 1701 3049 1753 male
3081 1700 3280 1753 factum
3309 1714 3336 1751 a
3367 1708 3520 1766 patre

1953 1788 2190 1848 dicebat,
2226 1789 2318 1858 qui
2360 1790 2462 1844 hac
2509 1790 2802 1845 devotione
2843 1791 3048 1844 milites
3082 1790 3461 1844 obstrinxisset
3504 1810 3517 1841 :

1953 1880 2033 1933 sic
2062 1879 2207 1933 enim
2252 1889 2628 1949 comparatum
2665 1897 2786 1936 esse
2835 1891 2895 1935 ut
2942 1883 3125 1935 animo
3178 1883 3303 1949 quis
3339 1880 3521 1933 furtis-

1953 1973 2093 2026 sitno
2125 1972 2342 2027 invadat
2362 1972 2762 2036 adversarium,
2799 1971 2891 2026 ubi
2919 1972 3098 2026 cibum
3132 1982 3325 2025 nactus
3347 1981 3522 2023 senet

1954 2065 2356 2134 aliquantulum
2389 2065 2673 2119 recrearit.
2707 2064 2903 2119 Saulus
2935 2065 3157 2117 victoria
3192 2062 3351 2133 174,
3379 2062 3522 2129 poti-

1955 2165 2044 2210 tus
2070 2195 2084 2218 ,
2121 2171 2245 2210 cum
2267 2172 2378 2211 rem
2407 2171 2616 2211 sacram
2648 2156 2757 2209 Deo
2780 2155 3020 2220 fecisset,
3059 2152 3252 2209 iterum
3280 2154 3521 2223 pontiﬁci

1956 2247 2177 2302 mandat
2206 2257 2263 2301 ut
2291 2247 2456 2302 Deum
2488 2248 2832 2313 consuleret,
2858 2262 2989 2300 num
3021 2245 3252 2300 feliciter
3284 2245 3520 2299 hostium

1955 2350 2134 2395 castra
2167 2340 2413 2398 invasuri
2452 2349 2641 2395 essent
2677 2348 2731 2394 et
2768 2340 2974 2395 cladem
3017 2342 3097 2393 eis
3142 2338 3363 2392 illaturi.
3414 2336 3523 2387 liu-

1956 2432 2258 2501 spondente
2291 2432 2546 2500 pontiﬁce
2567 2432 2809 2486 divinum
2838 2433 3119 2486 oraculum
3146 2431 3322 2491 Silere,
3355 2448 3372 2479 ι
3408 2429 3519 2481 Neu

1960 2527 2083 2590 hoc,
2109 2527 2185 2579 ait
2218 2524 2435 2589 Saulus,
2462 2525 2668 2591 absque
2696 2534 2844 2578 eerta
2873 2539 3034 2577 causa
3072 2523 3149 2581 ﬁt.
3183 2526 3274 2575 sed
3302 2536 3524 2574 necesse

1920 2620 2040 2663 'est
2095 2610 2313 2677 aliquod
2373 2609 2645 2664 occultum
2719 2625 2839 2664 esse
2906 2610 3161 2663 delictum
3226 2618 3471 2662 nostrum
3508 2648 3523 2670 ,

1959 2701 2115 2770 cujus
2143 2702 2312 2768 gratia
2340 2700 2499 2753 nobis
2532 2700 2674 2755 Deus
2717 2701 2862 2754 haud
2892 2701 3238 2769 reSpondeat.
3265 2699 3526 2768 Equidem

1961 2802 2305 2846 sacramento
2332 2791 2596 2845 conﬁrmo
2629 2807 2715 2845 me
2749 2830 2765 2855 ,
2811 2793 2855 2845 si
2917 2792 2996 2845 vel
3052 2790 3328 2845 Jonatlxau
3386 2784 3529 2844 ﬁlius

1962 2899 2117 2937 mens
2152 2883 2313 2953 hujus
2357 2885 2562 2953 peccati
2605 2884 2677 2938 sit
2705 2893 2915 2949 auctor,
2953 2884 3177 2947 omnino
3207 2900 3328 2936 eum
3362 2884 3532 2937 inter-

1961 2974 2256 3039 fecturum,
2308 2986 2471 3045 atque
2527 2978 2625 3030 hac
2656 2978 2867 3031 ratione
2903 2975 3070 3030 Deum
3101 2976 3462 3044 plaeaturum.
3502 2994 3518 3024 ο

1964 3065 2075 3121 lloc
2124 3066 2284 3126 modo
2319 3065 2517 3121 factum
2552 3076 2631 3131 ut_
2676 3080 2795 3120 sors
2842 3064 3002 3119 ducta
3060 3065 3114 3118 in
3155 3064 3524 3118 Jonatbaumu

307 3136 470 3206 Ἀλλὰ
522 3154 583 3206 τὸ
638 3154 844 3225 πλῆθος
897 3157 1076 3224 ἀλγεῖ,
1131 3136 1230 3212 καὶ
1291 3136 1384 3213 vim
1426 3136 1682 3215 Ἰωνάθαν
1715 3136 1859 3228 tam-

1920 3185 1932 3244 ι
1966 3156 2232 3221 raderet;
2293 3170 2527 3224 cumque
2575 3156 2742 3209 ﬁlium
2784 3167 2940 3225 pater
2998 3157 3363 3223 interrogaret
3405 3155 3535 3224 quid

301 3247 391 3311 ρετ
444 3245 544 3313 τῆς
605 3248 785 3317 χειρὸς
850 3249 1047 3313 Σαοὺλ,
1101 3250 1195 3303 καὶ
1274 3250 1508 3304 ἱκετεύει
1551 3252 1641 3304 τὸν
1700 3253 1853 3319 Θεὸν,

296 3334 443 3388 ῑλεον
512 3338 603 3390 ἐπὶ
660 3338 837 3410 τούτῳ
902 3342 1071 3395 ποιεῖ.
1108 3341 1238 3394 ιΚαὶ
1297 3342 1423 3410 περὶ
1493 3342 1591 3410 μὲν
1654 3343 1859 3396 τούτων

291 3424 494 3491 οὕτως.

1966 3248 2232 3302 facinoris
2259 3248 2600 3315 designasset
2623 3264 2801 3317 quave
2834 3264 2890 3301 re
2924 3248 2976 3301 in
3000 3248 3166 3301 Deum
3198 3248 3534 3316 deliquisset,

1965 3340 2175 3395 nullius
2210 3340 2302 3392 ille.
2342 3354 2403 3393 se
2458 3340 2737 3393 conscium
2779 3341 2881 3394 sibi
2916 3355 3034 3393 esse
3069 3340 3194 3393 facti
3240 3338 3537 3407 respondet

1969 3448 2132 3501 quam
2174 3432 2318 3501 quod
2356 3434 2615 3485 hesterno
2641 3431 2728 3485 die
2763 3432 2867 3486 mel
2901 3432 3266 3502 degustasset.
3316 3431 3537 3498 ignarus

293 3523 421 3591 ejus
445 3526 841 3581 exsecrationis
908 3542 1013 3597 qua
1067 3527 1333 3598 populum
1392 3537 1549 3599 pater
1615 3528 2017 3583 obstrinxisset.
2092 3528 2206 3582 lloc
2249 3528 2437 3582 audito
2467 3528 2663 3582 Saulus
2694 3544 2817 3582 eum
2860 3543 2917 3582 se
2974 3539 3290 3581 necaturqu
3347 3528 3533 3594 juvat,

295 3634 538 3687 cumque
590 3619 728 3673 nihil
796 3621 1121 3675 adversante
1172 3621 1282 3676 ﬁlio
1330 3636 1552 3691 prorsus
1623 3621 1938 3691 iuramento
1978 3620 2357 3675 satisfacturus
2411 3629 2591 3682 esset,
2627 3622 2884 3674 misertus
2934 3620 3257 3675 Jonatbauis
3306 3622 3536 3689 populus

294 3724 427 3765 eum
466 3710 534 3765 de
559 3708 707 3765 Sauli
772 3726 936 3766 manu
1008 3710 1202 3767 liberat
1259 3712 1540 3782 Deumque
1580 3711 1939 3782 supplicando
1979 3710 2173 3780 placat.
2236 3708 2303 3763 Et
2349 3710 2460 3765 haec
2499 3710 2714 3780 quidem
2773 3710 2826 3763 in
2884 3710 3029 3764 hunc
3065 3712 3278 3764 modum
3323 3722 3572 3765 ιιιιςηιτιιειΔ

295 3812 489 3857 sunto.
1057 3818 1065 3825 '

374 3896 565 3947 Είπεῖν
614 3894 674 3948 δὲ
709 3895 801 3948 τὸν
849 3894 984 3948 Θεὸν
1015 3894 1202 3963 ἔλεγεν
1230 3896 1259 3948 6
1312 3896 1562 3967 Σαμουὴλ
1616 3895 1690 3959 ὡς
1745 3896 1870 3950 ἐπεὶ

2038 3901 2175 3947 bum
2211 3902 2391 3946 autem
2428 3892 2627 3947 Saulus
2650 3893 2972 3963 praecepisse
3006 3892 3108 3947 sibi
3146 3895 3309 3947 Deum
3336 3894 3541 3950 diceret

294 3984 478 4038 πολλὰ
524 3985 668 4045 κακὰ
697 3988 826 4049 τοὺς
878 3985 1171 4056 Ἐϐραίους
1202 3988 1253 4040 οί
1302 3968 1666 4056 Ἀμαληκῖται
1726 3987 1871 4039 κατά

1968 3995 2027 4039 ut
2059 3984 2279 4053 quando
2308 3983 2621 4039 Amaleeittn
2658 3985 2712 4038 in
2738 3984 2959 4040 deserto
3016 3985 3296 4039 lsraelicos
3338 3988 3537 4041 misere

292 4097 367 4148 γε
390 4079 489 4151 τὴν
516 4079 723 4150 ἔρημον
758 4076 1045 4151 διέθηκαν.
1088 4078 1252 4152 ἡνίκα
1292 4078 1392 4147 τῆς
1418 4078 1696 4144 Αἰγύπτου
1753 4075 1873 4139 ἑξε-

1970 4084 2297 4145 traetassent
2328 4114 2344 4141 ,
2400 4091 2465 4130 ex
2533 4075 2762 4147 Egypto
2794 4077 2845 4130 id
2886 4088 3046 4146 temp'
3075 4062 3159 4130 risv"
3200 4079 3496 4148 migrantes
3522 4120 3538 4141 ,

296 4169 621 4241 πορεύοντο,
656 4171 902 4225 κελεύειν
941 4171 1169 4242 πολέμῳ
1206 4169 1633 4242 τιμωρήσασθαι
1672 4168 1870 4229 αὐτοὺς

1969 4167 2084 4236 ipse
2133 4167 2277 4221 bello
2328 4168 2627 4221 sceleratos
2663 4168 2913 4222 homines
2953 4170 3172 4238 puniret
3199 4186 3261 4222 ac
3316 4173 3542 4224 munitm

291 4261 394 4314 τὸν
421 4261 593 4315 Σαοὺλ
633 4262 729 4316 καὶ
757 4263 985 4332 μηδενὸς
1010 4263 1190 4318 αὐτῶν
1221 4263 1543 4331 φείσασθαι.
1588 4262 1736 4331 Νικᾷ
1759 4257 1870 4313 τοί·-

1922 4323 1939 4338 ο
1980 4275 2168 4313 eorum
2205 4259 2411 4313 nemini
2446 4272 2711 4329 parceret,
2741 4262 3121 4331 obtemperans
3165 4266 3422 4319 mandato
3457 4264 3510 4321 di
3532 4295 3544 4309 -

298 4370 402 4406 νυν
441 4353 639 4415 αὐτοὺς
672 4356 812 4407 κατὰ
846 4354 1069 4424 κράτος,
1123 4355 1395 4423 λαμϐάνει
1449 4355 1526 4408 δὲς
1563 4354 1655 4408 τὸν
1686 4352 1867 4408 αὐτῶν

1983 4355 2110 4410 vino
2140 4352 2310 4410 vincit
2340 4368 2434 4412 eos
2480 4355 2615 4421 acie,
2660 4370 2952 4425 regemque
2990 4357 3226 4427 Agagnm
3272 4359 3542 4426 captivum

298 4442 531 4509 βασιλέα
575 4443 747 4512 Ἀγὰγ
776 4445 1146 4513 αίχμάλωτον,
1195 4441 1258 4500 οὗ
1313 4445 1602 4515 θαυμάσας
1638 4445 1697 4498 τὸ
1737 4446 1873 4498 κά).-

293 4535 395 4597 ὶος
460 4535 555 4588 καὶ
602 4535 661 4588 τὸ
727 4536 957 4605 μέγεθος
1007 4536 1103 4588 τοῦ
1158 4536 1434 4605 σώματος,
1478 4536 1553 4600 ὡς
1609 4537 1872 4606 Ἰώσηπός

295 4641 460 4693 φησι,
494 4624 765 4693 σωτηρίας
796 4624 947 4688 ἀξιον
981 4624 1189 4695 ἔκρινε.
1224 4627 1333 4677 Καὶ
1361 4625 1554 4687 θυσίας
1608 4626 1714 4677 ἀπὸ
1765 4626 1873 4677 τῶν

294 4716 566 4785 λαφύρων
600 4717 826 4769 ἐκείνων
882 4717 1151 4784 ἀνήνεγκε
1206 4716 1283 4786 τῷ
1330 4714 1469 4784 Θεῷ.
1510 4716 1627 4782 Ἐφ’
1686 4709 1730 4783 ᾧ
1778 4720 1873 4771 καὶ

296 4807 446 4874 πρὸς
500 4806 593 4859 τὸν
638 4806 893 4877 Σαμουὴλ
931 4806 1034 4877 ἔφη
1067 4808 1095 4860 6
1126 4809 1293 4868 Θεόςο
1335 4824 1354 4858 ι
1392 4805 1875 4875 Μεταμεμέλημαι

296 4899 391 4967 ὅτι
418 4897 613 4969 ἐχρισα
642 4898 732 4950 τὸν
759 4898 931 4951 Σαοὺλ
958 4901 1039 4962 είς
1068 4897 1322 4967 βασιλέα,
1355 4896 1510 4965 κάγὼ
1539 4897 1878 4962 δξουδένωκα
1906 4970 1910 4974 Δ

298 4989 480 5042 αὐτον
508 4987 602 5040 τοῦ
641 4987 714 5059 μὴ
748 4988 1058 5063 βασιλεύειν
1103 4992 1163 5042 ὲν
1224 4987 1465 5058 Ἰσραήλ.
1506 5005 1525 5038 ι
1588 4986 1752 5041 Ὅθεν
1787 4989 1883 5041 καὶ

298 5080 450 5147 πρὸς
471 5080 563 5131 τὸν
597 5081 770 5133 Σαοὺλ
797 5081 974 5144 οὕτως
1003 5080 1189 5149 ἔλεγεν
1221 5081 1249 5132 6
1275 5078 1554 5149 Σαμουὴλ,
1586 5079 1749 5149 ηνίκα
1792 5080 1883 5131 τὸν

312 5170 499 5238 ’Δγάγ
555 5170 891 5240 ὲζωογόνησε
950 5172 1061 5223 τῶν
1158 5169 1544 5239 Ἀμαληκιτῶν
1631 5168 1883 5237 βασιλέα,

305 5280 329 5312 ι
374 5261 780 5331 Μεματαίωσαι
815 5265 902 5323 σὺ,
928 5261 1039 5314 ’ὅτι
1094 5260 1194 5313 ούκ
1216 5258 1490 5327 ὲφύλαξας
1535 5259 1635 5330 τὴν
1661 5260 1884 5329 manu

293 5355 378 5421 ἦν
419 5353 727 5406 ἐνετείλατό
755 5369 837 5405 σοι
870 5353 900 5406 6
925 5352 1153 5423 Κύριος.
1190 5353 1355 5406 Ὅθεν
1384 5355 1477 5405 καὶ
1505 5353 1566 5406 ού
1623 5354 1883 5423 στήσεταί

295 5460 396 5498 σοι
420 5442 454 5512 ἠ
496 5442 761 5513 βασιλεία,
788 5446 883 5497 καὶ
911 5443 1137 5512 ζητήσει
1171 5442 1375 5513 Κύριος
1431 5444 1719 5515 ἄνθρωπον
1743 5445 1886 5498 κατά

294 5534 545 5603 καρδίαν
574 5534 740 5588 αὑτοῦ
783 5537 864 5598 εἰς
889 5537 1123 5606 ἄρχοντα
1156 5536 1252 5587 ἐπὶ
1297 5536 1391 5589 τὸν
1440 5536 1568 5588 λαὸν
1624 5536 1814 5591 αὐτοῦ.
1860 5554 1880 5588 ι

300 5626 463 5698 Πρὸς
490 5628 696 5693 τούτοις
726 5629 783 5682 δὲ
813 5632 905 5683 καὶ
929 5629 1056 5684 τάδε
1090 5628 1227 5699 πρὸς
1260 5630 1421 5682 αὑτὸν
1458 5629 1665 5698 ἔλεγεν,
1720 5629 1886 5697 ἡνίκα

384 5784 433 5818 ⁸³
480 5785 663 5855 lllcg.
693 5788 918 5855 xwﬂi.
997 5788 1089 5842 "’l
1126 5787 1257 5856 Reg.
1294 5805 1380 5855 xv,
1420 5788 1504 5841 ll.

1979 4446 2217 4502 abducit.
2256 4446 2453 4500 Verum
2482 4447 2937 4516 pulchritudinem
2966 4448 3085 4515 eius
3129 4450 3544 4515 proceritatem-

1980 4552 2088 4606 que
2113 4539 2359 4605 corporis
2397 4538 2696 4592 admiratus
2719 4577 2732 4603 ,
2758 4540 3235 4607 ,quemadmodmu
3294 4550 3346 4594 et
3390 4539 3547 4595 lose-

1982 4631 2121 4696 plms
2150 4629 2427 4682 memoria:
2459 4628 2718 4698 prodidit,
2753 4629 3033 4682 hominem
3084 4629 3307 4699 dignum
3339 4631 3549 4699 iudicat

1976 4720 2136 4789 cuius
2192 4720 2356 4775 saluti
2403 4721 2636 4789 vitmque
2686 4730 2958 4789 parcatur.
3004 4721 3176 4773 Simul
3231 4722 3298 4773 de
3360 4722 3548 4790 spoliis

1978 4809 2406 4863 Amaleeitarum
2441 4809 2552 4863 Deo
2580 4809 2829 4865 victimas
2860 4810 3039 4863 offert.
3070 4810 3204 4862 Tum
3248 4824 3374 4863 vero
3408 4811 3550 4866 Deus

1979 4900 2066 4954 his
2104 4902 2291 4955 verbis
2327 4900 2645 4955 Samuelum
2698 4900 3027 4969 compellare
3061 4917 3074 4952 :
3124 4919 3141 4951 ι
3180 4900 3415 4955 Paenitet
3467 4918 3552 4954 me

1981 4994 2133 5048 Sauli
2168 4995 2311 5065 regis
2348 4992 2715 5047 lsraelitarum
2750 4995 2916 5047 creati
2957 5012 2969 5047 :
3007 5004 3342 5062 quapropter
3374 4994 3550 5048 ilOllli-

1982 5099 2109 5138 ncm
2146 5083 2429 5154 indignum
2461 5098 2582 5138 esse
2628 5085 2794 5161 statui
2830 5084 2918 5149 qui
2956 5098 3078 5137 cum
3114 5084 3347 5151 imperio
3375 5083 3552 5137 lsrae-

1981 5173 2092 5229 litis
2137 5177 2321 5244 praasit
2358 5175 2427 5228 ⁸⁸.
2472 5193 2490 5225 ι
2539 5174 2615 5228 Ea
2668 5175 2734 5228 de
2774 5189 2937 5227 causa
2994 5172 3235 5226 vicissim
3267 5173 3556 5227 Samuelus

1989 5266 2061 5319 ita
2098 5262 2321 5319 Saulu’m
2350 5265 2550 5334 alloqui
2577 5281 2592 5319 :
2630 5282 2647 5314 ι
2682 5263 3131 5331 Quauquuidem
3163 5263 3398 5332 Agagum
3427 5276 3528 5314 con

1989 5358 2243 5421 servasti,
2280 5357 2493 5426 gessisti
2534 5365 2585 5408 te
2624 5356 2932 5418 dementer,
2967 5371 3070 5407 nou
3108 5351 3411 5421 pnestando
3439 5348 3557 5404 edi-

1990 5457 2079 5502 (to
2132 5464 2240 5517 quo
2299 5458 2352 5501 te
2412 5447 2673 5501 Dominus
2712 5445 3026 5498 obstrinxit.
3079 5442 3283 5495 idcirco
3331 5458 3554 5511 reg-.uvu

1991 5552 2161 5607 penes
2193 5547 2244 5591 te
2276 5553 2382 5590 lltlll
2429 5536 2690 5599 manebit,
2738 5535 2831 5588 sed
2873 5534 3142 5588 hominem
3185 5533 3383 5601 deliget
3420 5534 3559 5584 Deus

1990 5631 2174 5683 animo
2219 5644 2318 5682 suo
2361 5636 2598 5698 gratum,
2636 5627 2725 5697 qui
2767 5626 2965 5696 populo
2999 5640 3097 5679 suo
3137 5639 3258 5678 cum
3294 5631 3559 5692 potestate
