4212 6448
253 370 352 436 311

1489 375 1892 437 ANNALIUM
1936 376 2129 434 PARS
2170 373 2250 434 11.

3380 373 3489 437 342

252 487 634 545 ἀποκαλύπτει
663 491 840 545 ταῦτα
884 491 962 561 τῷ
988 490 1368 562 ’Δϐεσσαλώμ.
1410 491 1821 561 [Ιαρατηρεῖται
1851 531 1859 548 Α

1952 503 2045 551 111111
2084 503 2206 540 011111
2241 486 2362 555 ejus
2396 484 2667 540 desiderio
2712 499 2824 539 non
2877 484 3260 544 assentiretnr,
3303 485 3494 538 vitium

253 580 472 650 καιρὸν,
497 580 782 650 ἐξέρχεται
805 583 885 644 είς
911 583 1115 650 κουρὰν
1139 581 1246 635 τῶν
1270 581 1601 651 θρεμμάτων
1634 577 1821 642 αὐτοῦ,

256 671 622 740 συλλαμϐάνει
659 673 778 740 μεθ’
812 675 1008 728 ἑαυτοῦ
1038 676 1131 727 καὶ
1165 675 1292 737 τοὺς
1321 675 1608 742 ἀδελφούς.
1634 675 1822 730 Τελετ-

254 780 345 814 ται
382 763 704 831 συμπόσιον,
737 766 831 816 καὶ
867 766 1187 834 καρωθέντα
1217 765 1309 818 τὸν
1337 767 1552 834 Ἀμνὼν
1575 765 1821 817 κτείνουο

257 867 342 904 σιν
381 853 430 904 ot
486 853 698 905 οἰκέται
733 851 926 907 αὑτοῦ.
975 854 1258 906 Ἐντεῦθεν
1290 854 1382 907 οὖν
1414 856 1441 906 6
1467 854 1825 920 Ἀϐεσσαλὼμ

256 941 519 1010 πτοηθεὶς
549 945 768 1011 φρονεῖν
795 943 998 1013 ἤρξατο
1023 944 1164 997 κατὰ
1194 945 1423 1013 πατρός.
1466 944 1576 997 Καὶ
1610 945 1824 1014 πρῶτον

259 1030 358 1099 μὲν
388 1032 566 1085 πείθει
607 1033 766 1088 αὑτὸν
800 1038 828 1086 6
860 1035 1139 1103 Ἀχιτόφελ
1161 1037 1240 1096 είς
1268 1035 1366 1097 τάς
1398 1035 1683 1095 παλλακάς
1711 1037 1826 1086 εἰσ-

257 1124 438 1175 ελθεῖν
488 1124 582 1176 τοῦ
634 1123 868 1193 Πατρδς,
900 1125 1089 1178 ἔπειτα
1125 1124 1483 1194 συμϐουλεύει
1519 1124 1665 1193 αὑτῷ
1690 1125 1827 1192 μετὰ

259 1218 520 1285 στρατιᾶ,
543 1217 784 1286 ὁρμῆσαι
816 1217 957 1269 κατὰ
988 1216 1083 1269 τοῦ
1115 1216 1297 1270 Δαϐίδ.
1331 1217 1423 1286 Μὴ
1449 1217 1826 1278 εἰσακουσθεὶς

257 1305 314 1356 δὲ
362 1305 451 1359 διὰ
499 1307 556 1359 τὸ
589 1307 799 1374 ἀγαθὴν
835 1306 981 1369 δόξαι
1029 1309 1128 1378 τὴν
1162 1308 1256 1360 τοῦ
1299 1310 1467 1362 Χουσὶ
1516 1309 1828 1378 συμϐουλὴν

262 1381 442 1466 (ἔτυχε
478 1398 586 1468 γὰρ
647 1399 797 1466 φίλος
831 1394 973 1450 εἶναι
1014 1399 1092 1470 τῷ
1140 1400 1304 1452 Δαϐἰδ
1338 1404 1366 1452 6
1395 1400 1587 1469 Χουσὶ)
1625 1402 1830 1472 ἀγχόνῃ

261 1490 555 1556 ἐχρήσατο.
590 1490 718 1541 Ἐπὶ
761 1489 818 1542 δὲ
850 1490 1026 1559 τούτῳ
1059 1490 1325 1542 διώκεται’
1348 1491 1545 1557 μᾶλλον
1581 1493 1608 1542 6
1634 1489 1828 1542 Ἀϐεσ-

263 1575 482 1644 σαλὼμ.
527 1578 620 1629 καὶ
648 1579 712 1646 δὴ
745 1578 1253 1646 καταλαμϐάνεται.
1289 1579 1433 1631 Ἀλλ’
1468 1574 1512 1632 ὦ
1537 1578 1830 1647 Δαϐιδικῆς

261 1664 476 1735 ψυχῆςι
522 1670 613 1719 καὶ
643 1667 878 1720 τοσαῦτα
913 1669 1022 1736 γὰρ
1059 1669 1248 1720 παθὼν
1293 1668 1444 1738 παρὰ
1472 1670 1566 1721 τοῦ
1617 1685 1830 1736 πατρα-

263 1757 383 1809 λοία
408 1759 556 1824 ἔλεγε
575 1771 587 1786 ⁸
613 1777 630 1809 ι
659 1759 920 1812 Φείσασθε
948 1761 1042 1812 τοῦ
1077 1760 1364 1830 παιδαρίου
1397 1760 1770 1828 Ἀϐεσσαλώμ.
1804 1777 1822 1810 1

1927 580 1974 633 01
2011 594 2108 647 per
2139 579 2245 632 vim
2277 573 2608 631 0110101101
2642 585 2906 645 concepto
2934 575 2987 629 in
3029 591 3148 628 eam
3193 575 3318 628 odio
3346 574 3494 629 foras

1925 669 2180 722 violatam
2227 667 2398 734 ejicit.
2447 666 2538 721 Illa
2589 683 2698 721 non
2745 683 2932 734 parum
2990 677 3164 720 semet
3207 665 3490 728 afﬂictare,

1927 759 2079 812 fratri
2137 758 2464 811 Abesalomo
2511 772 2624 810 rem
2678 758 3028 825 patefacere;
3087 757 3178 825 qui
3231 757 3496 824 temporis

1924 851 2332 920 oppertunitate
2360 852 2670 911 observata,
2703 865 2926 902 suorum
2970 850 3033 901 ad
3069 864 3331 917 pecorum
3369 859 3499 900 ton-

1924 956 2106 994 suram
2152 941 2503 1004 proﬁciscens
2555 941 2753 994 fratres
2816 955 2944 993 suos
2993 940 3253 992 invitatos
3309 953 3496 993 secum

1925 1032 2168 1086 abducit.
2227 1029 2364 1084 111110
2426 1032 2646 1100 epulum
2721 1031 3030 1092 instruitur,
3086 1033 3500 1097 Aumonemque

1929 1123 2132 1177 factum
2197 1123 2513 1176 hilariorem
2568 1123 2877 1174 Abesalumi
2941 1122 3126 1174 fratris
3186 1121 3375 1174 famuli
3428 1136 3495 1173 ex

1928 1214 2231 1283 composito
2281 1225 2503 1268 necant.
2543 1214 2618 1267 Ex
2677 1229 2743 1267 eo
2796 1225 3041 1281 tempore
3095 1223 3345 1266 metuens
3397 1211 3500 1266 sibi

1927 1307 2288 1361 Abcsalomus
2316 1308 2542 1361 consilia
2577 1308 2822 1374 qnwdam
2861 1315 3052 1358 contra
3089 1314 3293 1372 patrem
3342 1305 3502 1357 moli-

1933 1408 2043 1452 tur.
2083 1400 2160 1452 Ac
2193 1400 2369 1468 primo
2397 1400 2616 1466 quidem
2648 1410 2836 1452 auctor
2864 1398 2914 1451 ei
2961 1398 3060 1450 fuit
3109 1396 3506 1464 Achitophelus

1931 1498 1992 1541 ut
2020 1489 2187 1554 patris
2216 1489 2549 1542 concubinas
2577 1489 2739 1540 iniret
2761 1504 2774 1551 ;
2795 1487 2993 1541 deinde
3022 1494 3079 1538 ut
3105 1501 3227 1539 cum
3263 1486 3506 1538 exercitu

1933 1578 2191 1632 Davidem
2238 1579 2542 1633 invaderet.
2581 1578 2777 1631 Verum
2824 1594 2944 1630 eum
2993 1578 3041 1630 ei
3077 1586 3364 1646 propterea
3399 1591 3505 1627 non

1932 1672 2421 1738 obtemperaretur,
2478 1671 2622 1738 quod
2689 1670 2904 1724 Cbnsmi
2967 1669 3255 1723 consilium
3314 1666 3508 1719 melius

1935 1776 2056 1816 esse
2086 1764 2260 1816 visum
2294 1762 2508 1827 fuisset,
2533 1763 2770 1816 hominis
2803 1761 2989 1815 Davidi
3017 1758 3514 1824 1111111011111111111115.¹

278 1851 440 1904 ’Ᾱλλὰ
497 1853 589 1903 καὶ
637 1852 732 1904 τοῦ
788 1853 946 1906 Ἱωὰϐ
983 1854 1125 1906 κατὰ
1184 1854 1411 1922 καρδίας
1447 1855 1699 1922 βαλόντος
1738 1854 1831 1905 τὸν

1952 1852 2228 1918 suspendio
2278 1853 2440 1905 vitain
2475 1852 2612 1905 ﬁuit.
2650 1853 2964 1906 Secundum
3001 1854 3113 1905 11100
3152 1851 3508 1904 Abesalomus

263 1943 645 2012 ’Δὸεσσαλὼμ,
682 1946 850 2016 ⁴ἡνίκα
878 1947 955 2016 τῷ
1008 1948 1210 2018 δένδρῳ
1240 1948 1547 2020 ἁπῃωρήθη
1576 1948 1684 2000 τῶν
1716 1964 1835 2017 τρι-

263 2033 398 2099 χῶν,
434 2034 734 2104 ἑθρήνησεν
765 2035 1006 2106 ἄμετρα.

1941 1943 2146 2013 impetu
2188 1947 2377 2013 majori
2415 1955 2621 2016 patrem
2659 1946 3038 2015 persequitur:
3064 1946 3158 1998 sed
3189 1946 3360 1998 haeret
3394 1955 3515 1998 tau-

1939 2036 2082 2088 dem.
2135 2039 2311 2104 Atque
2353 2036 2440 2090 hic
2486 2036 2618 2091 1111111
2663 2037 2985 2091 Davidicum
3019 2036 3261 2089 animum
3305 2037 3510 2104 aspice.

264 2121 587 2189 Quanquam
637 2128 761 2181 talia
825 2138 1087 2195 tantaque
1135 2143 1431 2198 perpessus
1469 2141 1499 2180 a
1557 2125 1830 2196 parricida
1873 2124 2088 2188 fuisset,
2148 2128 2503 2182 nihilominus
2571 2128 2769 2182 11111100
2805 2129 2968 2182 verba
3012 2142 3144 2182 suos
3176 2128 3512 2196 alloquitur:

270 2232 290 2266 ι
330 2213 543 2269 Parcite
605 2216 791 2285 juveni
823 2218 1238 2272 Abesalomo“.
1276 2237 1293 2269 1
1339 2216 1507 2283 1110111,
1540 2232 1661 2271 cum
1729 2215 2090 2273 Abesalomus
2139 2217 2324 2271 arbori
2371 2219 2616 2273 crinibus
2673 2219 2892 2274 innexis
2948 2218 3296 2281 adbarsissnt,
3351 2234 3515 2286 supra

265 2310 503 2363 modum'
521 2308 882 2365 calamitatem
922 2313 1040 2381 ejus
1070 2312 1398 2380 deploravit.

341 2403 432 2471 Τῷ
460 2406 648 2470 μέντοι
689 2407 852 2459 Δαϐὶδ
891 2405 1189 2475 μελετῶντι
1218 2405 1342 2457 ναὸν
1377 2403 1728 2473 οἰκοδομῆσαι
1758 2403 1835 2474 τῷ

269 2496 465 2567 Κυρίῳ
499 2498 654 2552 εἶπεν
706 2501 733 2552 6
782 2498 1002 2552 Νάθανο
1047 2515 1067 2547 ι
1100 2496 1285 2550 Πάντα
1317 2498 1416 2549 ὅσα
1441 2497 1498 2548 ὲν
1543 2497 1608 2565 τῇ
1641 2495 1839 2566 καρδίᾳ

268 2608 366 2643 σου
399 2589 582 2659 βάδιζε
611 2591 704 2644 καὶ
736 2590 898 2652 ποίει,
926 2590 1007 2642 ὅτι
1033 2589 1166 2652 Θεὸς
1202 2588 1342 2657 μετὰ
1377 2587 1494 2640 σοῦ.
1533 2605 1551 2639 1
1573 2586 1837 2657 Ἡγνὸησε

267 2684 381 2753 γὰρ
409 2684 504 2735 καὶ
531 2676 683 2743 οὗτος
716 2682 775 2735 τδ
806 2682 1016 2750 μέλλον.
1045 2678 1120 2744 ὡς
1150 2681 1177 2732 6
1211 2679 1466 2754 Σαμουὴλ
1493 2680 1584 2732 τὸν
1614 2680 1839 2748 χρισθη-

269 2777 503 2844 σύμενον
534 2776 647 2826 υἱὸν
677 2773 771 2826 τοῦ
801 2773 1025 2836 Ἰεσσαὶ,
1059 2777 1154 2827 καὶ
1177 2771 1251 2833 ὡς
1270 2774 1297 2824 6
1340 2772 1642 2834 Ἐλισσαῖος
1661 2773 1721 2824 τὸ
1741 2771 1840 2840 τῆς

269 2865 625 2933 Σομανίτιδος
671 2864 865 2924 πάθος.
916 2862 1149 2933 Νύκτωρ
1192 2862 1248 2914 δὲ
1297 2865 1584 2930 ἐπιφανεὶς
1639 2861 1786 2933 αὐτῷ
1817 2864 1844 2915 6

181 3020 189 3025 _
271 2956 477 3022 Κύριος
503 2955 637 3021 ἔφη’
678 2972 695 3006 1
735 2955 994 3024 Πορεύου,
1029 2957 1123 3012 καὶ
1153 2953 1276 3006 είπὲ
1326 2953 1404 3020 τῷ
1432 2952 1602 3019 δούλῳ
1640 2970 1740 3023 μου
1769 2953 1845 3023 τῷ

268 3043 472 3097 Δαϐίδο
520 3043 643 3095 Ὀτι
694 3044 754 3094 ού
816 3042 881 3094 σὺ
947 3043 1324 3112 οίκοδομήσεις
1382 3059 1486 3112 μου
1532 3036 1703 3108 οἷκον,
1764 3043 1847 3096 ὅτι

2021 2399 2334 2456 Secundum
2386 2402 2499 2457 111νο
2525 2403 2789 2472 cogitanti
2826 2422 2949 2460 cum
2985 2406 3169 2460 animo
3198 2421 3296 2459 suo
3330 2401 3521 2458 Davidi

1940 2491 2014 2564 .de
2055 2494 2255 2562 templo
2301 2493 2353 2546 111
2397 2496 2663 2549 honorum
2703 2495 2908 2549 domini
2937 2500 3270 2550 exstruendo
3311 2495 3520 2548 Natban

1948 2587 2259 2652 respondet,
2302 2586 2564 2654 quidquid
2607 2603 2793 2641 secum
2825 2589 3004 2642 facere
3037 2588 3437 2649 constituisset,
3471 2586 3522 2638 id
3607 2578 3615 2585 ’

1947 2674 2126 2727 moliri
2162 2672 2273 2728 Deo
2308 2679 2548 2730 secundo
2577 2688 2850 2749 pergeret.
2894 2679 3183 2748 lgnorabat
3209 2679 3356 2731 enim
3378 2687 3526 2730 vates

1940 2766 2070 2833 quid
2105 2765 2356 2821 futurum
2413 2777 2594 2833 esset,
2645 2755 3108 2838 quemadmodum
3170 2769 3522 2838 inungendus

1940 2857 2130 2914 .Iessaai
2163 2858 2302 2911 ﬁlius
2329 2875 2356 2911 a
2393 2858 2651 2913 Samuelo
2691 2877 2794 2913 11011
2830 2862 3254 2930 agnoscebatur,
3287 2873 3342 2912 et
3385 2858 3523 2912 Llis-

1945 2967 2084 3006 smus
2115 2951 2475 3004 calamitatem
2502 2951 3186 3021 Sumanitidisignorabat.
3216 2951 3323 3004 Sed
3355 2960 3524 3004 noctu

1947 3041 2090 3096 Deus
2114 3039 2348 3094 Nathani
2381 3052 2709 3110 conspectus
2737 3044 2913 3108 inquit
2939 3061 2952 3097 :
2984 3061 3002 3094 ι
3029 3043 3129 3096 Abi
3163 3043 3528 3112 significatum

275 3137 493 3204 αἵματα
531 3136 701 3188 πολλὰ
739 3135 958 3205 ἰξέχεας
995 3137 1086 3187 ἰπὶ
1111 3136 1210 3202 τῆς
1242 3136 1344 3205 γῆς
1379 3136 1620 3189 ἐναντίον
1655 3153 1779 3204 μου.
1821 3153 1840 3186 1

1953 3133 2154 3188 famulo
2185 3149 2304 3186 meo
2339 3133 2548 3196 Davidi,
2579 3124 2689 3185 non
2729 3132 2906 3200 ipsum
2936 3150 3056 3188 esse
3091 3136 3182 3205 qui
3214 3135 3384 3188 aedem
3422 3134 3532 3184 Do-

272 3229 450 3282 Τοῦτο
479 3229 536 3281 δὲ
573 3230 827 3298 είρῆσθαι
860 3230 1010 3281 δοκεῖ
1029 3230 1108 3283 είς
1137 3229 1406 3296 ὠφέλειαν
1435 3229 1543 3282 τῶν
1575 3228 1671 3292 τὰς
1699 3246 1850 3298 μιαι-

272 3323 467 3388 φονίας
515 3320 937 3388 ὲργαςομένωνο
993 3320 1114 3372 οὐδὲ
1185 3321 1292 3388 γὰρ
1347 3320 1413 3372 ἂν
1443 3320 1652 3373 δίκαιον
1690 3320 1850 3385 φόνον

272 3406 567 3475 ἐμέμψατο
595 3406 672 3474 τῷ
707 3407 916 3476 βασιλεῖ
941 3408 967 3458 6
995 3407 1088 3459 τοῦ
1115 3408 1298 3470 ψινεὲς
1330 3409 1423 3460 τὸν
1443 3409 1655 3462 δίκαιον
1690 3409 1851 3476 φόνον

273 3498 475 3560 θυσίας
512 3499 987 3567 προσαγορεύσας.
1027 3500 1143 3563 ‘Ev'
1165 3493 1208 3564 ᾧ
1239 3501 1331 3550 καὶ
1364 3500 1548 3551 δίδωσι
1573 3499 1736 3552 Δαϐὶδ
1759 3501 1853 3550 Σε-

273 3592 519 3659 λομῶντι
557 3592 632 3658 τῷ
663 3590 764 3658 υίῷ
794 3590 960 3643 αὑτοῦ
985 3591 1044 3642 τὸ
1075 3591 1428 3660 παράδειγμα
1457 3590 1550 3643 τοῦ
1588 3592 1717 3645 ναοῦ
1760 3594 1854 3645 καὶ

273 3682 387 3734 τῶν
418 3682 582 3734 οἴκων
611 3681 797 3735 αὑτοῦ.
843 3682 1024 3733 Πάντα
1055 3683 1110 3733 ὲν
1137 3685 1323 3751 γραφῇ
1355 3685 1417 3733 ἐκ
1439 3684 1614 3751 χειρδς
1645 3684 1851 3749 Κυρίου

273 3774 514 3826 δέδωκεν
545 3773 708 3840 αὐτῷ.
748 3773 911 3826 Ἀλλὰ
939 3774 1033 3825 xz‘r
1055 3775 1216 3836 ανῦτίις
1247 3777 1272 3825 6
1304 3773 1511 3835 Νάθαν,
1535 3774 1696 3841 ἡνίκα
1717 3774 1852 3842 πρὸς

272 3866 445 3917 αὑτῖν
481 3865 759 3933 ἀπεστάλη
801 3866 954 3932 παρᾶ
1003 3865 1160 3928 Θεοῦ,
1217 3865 1373 3917 εἰπεο
1414 3885 1431 3916 1
1463 3866 1643 3918 Καλὸν
1698 3867 1856 3918 τοῦτο

275 3959 570 4026 ἐποίησας,
617 3959 700 4010 ὅτι
735 3957 976 4028 ἐγενήθη
1013 3960 1072 4010 ὲν
1105 3960 1169 4026 τῇ
1216 3957 1416 4028 καρδῗᾳ
1466 3975 1559 4009 σου
1597 3957 1727 4027 περὶ
1759 3958 1853 4010 τοῦ

275 4048 640 4118 οἰκοδομῆσαι
668 4044 819 4100 οἷκον
841 4063 856 4078 ⁸
883 4046 1000 4100 ἀλλ’
1028 4049 1088 4100 οὐ
1128 4049 1214 4112 σὺ,
1240 4047 1594 4117 οἰκοδομήσει
1615 4050 1642 4100 6
1671 4051 1734 4100 ὲκ
1757 4049 1852 4102 σοὖ

273 4143 360 4194 δέ.
400 4159 420 4193 1

1957 3225 2107 3280 1111110
2135 3224 2205 3278 sit
2235 3232 2635 3288 exstructurus,
2666 3224 2894 3278 multum
2925 3226 3072 3278 enim
3107 3226 3176 3278 ab
3211 3241 3277 3277 eo
3308 3226 3534 3293 sangui-

1959 3317 2044 3369 nis
2079 3331 2200 3369 esse
2252 3315 2431 3369 fusum
2453 3314 2521 3366 ".
2557 3333 2576 3366 1
2627 3314 2782 3380 Quod
2828 3316 3046 3384 quidem
3083 3329 3423 3385 posuemum
3463 3317 3534 3369 ad

1954 3407 2243 3461 utilitatem
2275 3423 2463 3461 eorum
2505 3407 2712 3462 dictum
2741 3424 2867 3462 esse
2902 3409 3124 3462 videtur
3157 3409 3251 3476 qui
3289 3409 3534 3462 aedibus

1955 3514 2073 3553 sese
2113 3501 2491 3567 coinquinant.
2526 3500 2659 3553 Nam
2710 3501 3006 3570 casteroqui
3063 3501 3290 3555 minime
3332 3511 3534 3570 putan-

1955 3590 2084 3644 dum
2121 3602 2204 3645 est
2246 3593 2414 3643 Deum
2451 3591 2575 3645 lmic
2607 3594 2716 3663 regi
2753 3596 2930 3648 caedes
2972 3594 3150 3663 justas
3202 3595 3538 3664 exprobrare

1957 3682 2216 3745 voluisse,
2234 3697 2355 3736 011111
2383 3692 2746 3751 perpetratam
2769 3699 2798 3736 a
2821 3684 3089 3739 Phineaso
3111 3685 3313 3739 1³10110111
3342 3687 3539 3752 acquis-

1962 3774 2155 3827 simam
2197 3773 2449 3827 sacriﬁcii
2493 3775 2713 3827 nomine
2748 3775 3026 3843 dignetur.
3073 3775 3223 3830 Hanc
3262 3777 3429 3846 igitur
3467 3777 3538 3830 ob

1963 3881 2184 3919 causam
2217 3865 2450 3918 Davides
2485 3865 2765 3918 Salomoni
2797 3868 2906 3920 lilio
2937 3883 3037 3921 suo
3065 3869 3233 3922 tradit
3256 3869 3539 3933 exemplar

1962 3960 2282 4015 exstruendi
2311 3962 2498 4029 templi
2529 3971 2584 4014 et
2613 3961 2971 4014 aedificiorum
3005 3963 3147 4030 eius,
3182 3965 3345 4029 idque
3375 3978 3538 4016 manu

1961 4054 2176 4108 Domini
2212 4068 2552 4122 expressum.
2583 4053 2794 4107 Nathau
2829 4067 2999 4116 certe,
3035 4071 3155 4108 cum
3183 4056 3247 4108 ad
3281 4055 3539 4109 Davidem

1960 4159 1988 4197 a
2040 4144 2152 4198 Deo
2202 4142 2397 4197 fuisset
2438 4143 2745 4213 ablegatus,
2783 4145 3017 4197 ostendit
3065 4160 3189 4197 eum
3236 4146 3320 4199 bis
3375 4145 3540 4198 rebus

279 4235 396 4290 11110
423 4236 797 4305 relinquendis
824 4243 1156 4306 occupatum
1226 4235 1414 4292 fuisse.
1454 4237 1616 4308 179
1685 4234 1935 4304 Factum,
1980 4237 2179 4305 inquit,
2227 4238 2322 4292 abs
2369 4247 2422 4290 te
2472 4236 2756 4308 prieclare,
2803 4236 2947 4304 quod
2992 4237 3304 4307 bujusmodi
3355 4253 3542 4291 curam

277 4331 592 4398 susceperis
619 4331 685 4384 de
720 4330 902 4398 templi
935 4339 1208 4383 structura
1241 4347 1253 4382 :
1289 4348 1400 4386 non
1435 4343 1616 4387 tamen
1659 4348 1721 4386 ea
1756 4346 1853 4402 per
1892 4338 1964 4396 te,
1993 4332 2087 4386 sed
2116 4341 2301 4386 natum
2336 4346 2401 4384 ex
2436 4340 2488 4385 te
2517 4331 2684 4383 lllium
2718 4331 3049 4400 perlicietttr.

354 4423 419 4476 Εί
452 4423 548 4476 καὶ
589 4421 936 4492 μακροθυμεῖ
962 4427 990 4476 6
1030 4423 1163 4487 Θεὸς
1197 4424 1298 4493 τῆς
1330 4424 1608 4494 ἁμαρτίας
1649 4423 1858 4492 τολμω-

2037 4421 2452 4476 Observandum
2486 4422 2666 4475 obiter
2697 4423 2838 4490 quod
2875 4419 3087 4474 tametsi
3131 4420 3274 4474 Deus
3303 4419 3546 4476 facinore

283 4517 480 4585 μένης,
514 4515 628 4568 ἀλλ’
661 4515 758 4584 ὀψέ
790 4532 920 4569 ποτε
944 4515 1182 4580 κολάζει.
1213 4517 1318 4569 Ἰδε
1357 4518 1464 4588 γὰρ
1489 4519 1569 4570 ὅτι
1599 4518 1736 4586 μετὰ
1757 4516 1865 4570 τῶν

280 4607 648 4660 Γαϐαωνιτῶν
679 4608 729 4659 οί
775 4607 1112 4678 Ἰσραηλῖται
1154 4609 1448 4661 συνέθεντο
1497 4609 1572 4679 μὴ
1608 4609 1863 4674 φονεῦσαι

280 4702 501 4763 αὐτοὺς,
561 4703 588 4752 6
640 4699 696 4752 δὲ
760 4701 931 4754 Σαοὺλ
989 4701 1086 4768 ciu
1159 4705 1270 4765 τοῖς
1322 4702 1502 4764 ἄλλοις
1551 4701 1865 4765 ἀλλοφύλοις

281 4796 381 4846 καὶ
439 4793 638 4854 αὐτοὺς
693 4793 1003 4845 ἀπέκτεινε.
1064 4793 1174 4853 Τὰς
1232 4795 1414 4861 μέντοι
1471 4793 1564 4844 τοῦ
1619 4793 1860 4844 τοιούτου

278 4885 640 4955 τολμήματος
673 4885 830 4946 δίκας
861 4888 952 4937 ἐπὶ
986 4885 1081 4937 τοῦ
1112 4886 1277 4937 Δαϐὶδ
1323 4885 1640 4954 εἰσέπραξε,
1674 4886 1861 4952 λοιμὸν

279 4975 625 5041 ἐπενεγκών.
660 4977 770 5029 Καὶ
798 4978 846 5029 εί
885 4975 960 5046 μὴ
994 4976 1121 5037 τοὺς
1158 4979 1251 5027 τοῦ
1281 4978 1452 5029 Σαοὺλ
1485 4977 1625 5028 ἑπτὰ
1668 4977 1861 5036 παῖδας

278 5067 612 5135 ἐφόνευσαν,
641 5069 741 5119 οὐκ
773 5066 839 5118 ἂν
873 5071 902 5136 ἡ
938 5067 1057 5119 θεία
1097 5068 1234 5136 ὀργὴ
1271 5069 1465 5122 ἔπαυε.
1503 5069 1862 5136 Μανθάνομεν

279 5158 382 5211 οὖν
413 5159 476 5210 ὲκ
504 5158 697 5210 τούτου
733 5160 808 5221 ὡς
838 5160 1025 5226 γένους
1057 5162 1084 5212 6
1107 5160 1511 5228 Δεσπότηςούκ
1533 5157 1642 5212 οἶδε
1674 5161 1861 5227 διαφο-

287 5249 412 5318 ρὰν,
461 5247 596 5300 ἀλλὰ
639 5251 750 5311 τοῖς
801 5248 1175 5318 ἠδικημένοις,
1211 5249 1314 5302 κᾶν
1358 5249 1670 5314 ἀλλογενεῖς
1705 5244 1857 5313 ὦσιν,

281 5339 556 5410 ἐπαμύνει
591 5339 813 5401 δικαίως
847 5340 999 5402 Θεός.
1047 5341 1151 5392 Καὶ
1195 5341 1358 5402 αὐτὸς
1385 5342 1411 5391 6
1443 5341 1606 5408 ῥαϐὶδ
1629 5342 1719 5392 τὸν
1760 5342 1864 5393 Οὑ-

285 5431 416 5500 ρίαν
458 5427 724 5495 ἀδικήσας
764 5427 1065 5494 ἀλλόφυλον
1107 5428 1238 5480 ὄντα
1276 5430 1560 5496 (Χετταῖος
1604 5429 1734 5496 γὰρ)
1766 5431 1865 5482 οὐκ

281 5521 644 5589 ἀτιμώρητος
677 5521 884 5587 ἔμεινε.
913 5522 985 5572 T6
1012 5522 1069 5574 δὲ
1103 5521 1365 5591 μοιχίδιον
1398 5521 1618 5590 βρέφος,
1649 5522 1676 5575 ὃ
1713 5523 1870 5590 πρῶ·

279 5631 384 5668 τον
404 5616 470 5680 τῇ
500 5611 781 5681 Βηρσαϐεὲ
807 5614 998 5681 γέγονε
1028 5614 1383 5686 μοιχευθεισῃ
1414 5615 1490 5682 τῷ
1513 5614 1700 5680 Δαεὶδ,
1730 5616 1869 5668 ἐπά-

360 5772 404 5803 ⁸³
443 5770 483 5825 11
515 5770 640 5839 Reg.
681 5789 836 5838 xviii,
869 5772 920 5827 5.
997 5774 1040 5806 ⁸³
1076 5771 1092 5826 1
1131 5774 1310 5829 Paral.
1342 5789 1476 5842 xvii,
1501 5773 1555 5828 1,.

1971 4514 2203 4584 quodam
2241 4515 2528 4582 designato
2579 4514 2738 4583 longa
2782 4521 2967 4578 utatur
3008 4512 3289 4580 patientia,
3327 4513 3544 4567 tandem

1975 4616 2154 4659 tamen
2189 4604 2489 4675 aliquando
2523 4606 2731 4674 puniat.
2773 4604 2904 4672 Ejus
2938 4605 3018 4658 rei
3054 4605 3174 4658 licet
3209 4620 3239 4657 a
3269 4604 3548 4659 Gabaoni-

1973 4697 2042 4749 tis
2065 4697 2372 4764 exemplum
2403 4707 2610 4765 petere.
2644 4695 2792 4750 Pacti
2821 4713 2942 4749 cum
2975 4695 3296 4750 Gabaonitis
3333 4697 3549 4751 fuerant

1973 4790 2213 4843 Israelici
2252 4805 2359 4842 non
2392 4804 2450 4864 se
2485 4789 2609 4842 illos
2640 4790 3090 4858 intereinpturos.
3124 4789 3192 4842 At
3223 4788 3422 4842 Saulus
3451 4804 3548 4843 eos

1969 4881 2330 4934 nihilominus
2371 4896 2478 4934 una
2530 4897 2653 4933 cum
2693 4881 2900 4935 exteris
2944 4880 3262 4934 nationibus
3320 4881 3548 4950 reliquis

1973 4974 2195 5027 excidit.
2236 4974 2370 5040 Ejus
2406 4975 2668 5026 rilt'lll‘.)l‘lS
2694 4989 2885 5043 pinnas
2911 4974 3057 5027 Deus
3088 4990 3182 5042 per
3222 4975 3423 5028 illatam
3459 4992 3549 5027 11·-

1973 5073 2173 5129 gnatue
2227 5061 2429 5116 Davide
2482 5063 2677 5116 famem
2727 5063 2929 5139 exegit.
2971 5063 3127 5128 Quod
3179 5064 3283 5118 nisi
3341 5074 3548 5132 septem

1970 5153 2119 5207 Sauli
2163 5154 2257 5207 lilii
2302 5155 2535 5209 inissent
2578 5156 2918 5224 interempti,
2963 5156 3042 5209 ira
3083 5156 3176 5211 Dei
3208 5173 3314 5211 11011
3345 5175 3551 5212 cessas-

1969 5258 2070 5301 set.
2100 5245 2234 5299 lliue
2258 5247 2692 5300 animadvertere
2724 5248 2848 5301 licet
2880 5248 3168 5302 Dominum
3200 5253 3412 5317 generis
3441 5249 3550 5303 dis-

1969 5339 2176 5391 01-1111011
2203 5339 2408 5391 nullum
2442 5339 2760 5399 admittere,
2790 5341 2882 5392 sed
2916 5341 3140 5394 achclos
3170 5342 3387 5411 injuria,
3410 5353 3549 5396 tam-

1971 5431 2072 5484 etsi
2129 5431 2346 5499 generis
2375 5430 2574 5483 diversi
2632 5440 2685 5482 et
2726 5432 2991 5500 peregrini
3034 5435 3162 5496 sint,
3195 5434 3344 5503 justo
3398 5435 3548 5504 judi-

1972 5524 2060 5577 cio
2091 5539 2191 5577 suo
2218 5515 2518 5577 vindicare.
2560 5522 2702 5588 Quin
2736 5523 2900 5577 etiam
2946 5525 3061 5594 ipse
3108 5524 3366 5590 Davides,
3406 5528 3550 5594 quod

1979 5618 2164 5673 Uriam
2200 5633 2297 5688 per
2335 5617 2514 5672 scelus
2546 5615 2838 5684 \iolasset,
2874 5617 3171 5671 hominem
3219 5621 3552 5688 (arteruquin
