4212 6448
256 378 369 443 345

1505 373 1902 433 ANNALIUM
1948 375 2144 435 PARS
2182 377 2262 435 ll.

3395 386 3503 445 S356

256 495 464 549 τούτων
512 494 578 563 τῇ
637 490 929 560 Βερσαδεὲ·
967 482 1099 559 (οἵδε
1164 487 1272 554 γὰρ
1328 484 1421 540 τὸν
1483 486 1682 539 σκοπδν
1729 485 1821 537 τοῦ

1935 488 2432 560 bemaperit(norat
2469 495 2613 546 enim
2659 495 2749 546 Dei
2791 505 3024 550 mrntem
3076 504 3239 564 atque
3286 498 3507 551 institu—

257 586 440 655 θεοῦ),
474 584 613 653 αῦτη
669 585 724 636 δὲ
767 581 960 652 μηνύει
1005 580 1082 649 τῷ
1113 577 1294 631 Δαϐίδ,
1341 577 1400 629 ’0
1455 579 1634 647 μέντοι
1664 576 1826 629 Aab-.5

255 678 326 733 δι’
354 675 552 731 ἑαυτοῦ
591 676 690 745 μὲν
736 676 828 727 τὸν
875 672 1030 728 ’1ωέιὸ
1062 670 1378 741 τιμωρῆσαι
1432 668 1505 738 μὴ
1555 667 1822 736 eam“,

259 766 358 823 ἅτε
406 768 549 838 ὑπὲρ
583 766 752 821 αὐτοῦ
790 766 959 819 πολλὰ
1008 764 1373 828 κοπιάσαντα,
1411 761 1490 830 τῷ
1518 758 1828 829 Σολομῶντι

259 862 520 928 παραινεῖ
563 861 880 913 ἀποκτεῖναι
928 858 1112 921 αὐτὸν,
1157 857 1244 911 ἵνα
1303 856 1378 927 μὴ
1428 854 1535 923 τῆς
1574 852 1829 920 νεότητος

259 951 427 1004 αὐτοῦ
456 951 866 1023 καταφρονήσῃ.
908 948 990 1003 Τὰ
1024 950 1163 1003 αὐτὰ
1197 948 1255 1001 δὲ
1285 946 1647 1017 συμϐουλεύει
1678 945 1829 1004 αὐτῷ

257 1046 359 1099 καὶ
404 1046 534 1114 περὶ
572 1045 667 1096 τοῦ
702 1044 899 1113 Σεμεεὶ
928 1043 1003 1105 ὡς
1031 1044 1277 1111 ἀρχηγοῦ
1307 1041 1483 1104 δντος,
1527 1039 1576 1091 εί
1607 1039 1701 1090 καὶ
1732 1037 1830 1089 αὐ-

255 1137 346 1199 τὸς
373 1138 663 1208 ὶκαρτέρει
697 1137 867 1188 πολλὰ
892 1136 986 1188 καὶ
1014 1134 1277 1196 πολλάκις
1310 1130 1667 1203 ὑϐριζόμενος
1696 1127 1828 1194 παρ’

255 1230 448 1283 αὐτοῦ.
482 1231 690 1299 Κρατεῖ
719 1231 745 1282 ὁ
779 1228 1052 1297 Σολομῶν,
1087 1228 1182 1280 καὶ
1223 1226 1531 1293 τηνικαῦτα
1554 1224 1645 1278 τὸν
1678 1223 1831 1276 ἁδελ-

256 1322 359 1389 φδν
382 1321 546 1374 αὐτοῦ
596 1321 811 1389 Ὀρνίαν
847 1319 1087 1389 φονεύει.
1118 1318 1279 1372 Ἀλλὰ
1311 1317 1407 1371 καὶ
1440 1317 1532 1370 ἐπὶ
1561 1314 1638 1386 τῷ
1666 1313 1827 1370 Ίωὰϐ

255 1404 521 1476 ὡσαύτως
571 1415 737 1477 ποιεῖ,
769 1412 872 1465 κᾶν
926 1410 1004 1482 τῷ
1059 1410 1178 1479 Θεῷ
1219 1409 1570 1479 προσέφυγεν
1598 1423 1612 1440 ·
1649 1409 1676 1459 ὁ
1719 1407 1827 1478 γὰρ

255 1505 400 1567 θεῖος
431 1504 591 1574 νόμος
625 1503 716 1556 τὸν
741 1501 1202 1571 προσπεφευγότα
1236 1499 1315 1571 τῷ
1348 1498 1463 1570 ναῷ
1496 1498 1825 1573 ἀνδροφόνον

253 1589 600 1659 ἀναιρεῖσθαι
632 1586 981 1658 προσέταξεν.
1732 1602 1740 1609 ‘

343 1680 402 1733 Ὀ
447 1679 697 1747 Σολομῶν
758 1679 814 1730 ὲν
869 1677 1175 1747 χιλιόμσοιν
1230 1673 1558 1746 ἱερατεύσας
1616 1672 1824 1727 ἱκέτευε

252 1768 348 1821 τὸν
397 1767 549 1833 Θεὸν,
576 1767 673 1819 καὶ
724 1765 915 1832 σοφίας
960 1767 1147 1836 τυχεῖν
1192 1765 1363 1836 ᾔτησε
1405 1765 1501 1816 καί⁵
1529 1763 1821 1827 συνέσεως.

258 1859 437 1928 Ὠφθη
466 1858 521 1911 δὲ
556 1857 702 1926 αὐτῷ
722 1859 921 1928 Κύριος
956 1859 1012 1909 ὲν
1044 1854 1197 1927 ὕπνῳ
1228 1855 1322 1909 καὶ
1352 1851 1526 1908 εἶπεν*
1556 1873 1572 1904 ι
1595 1856 1826 1924 Αίτησαι

252 1950 318 2003 τὸ
358 1950 567 2018 αἴτημα
626 1948 860 2018 σεαυτῷ.
896 1966 914 1999 ι
962 1947 1021 1999 Ὀ
1053 1945 1107 1998 δὲ
1142 1941 1264 1999 εἷπε
1295 1961 1309 1976 ·
1341 1964 1360 1997 ι
1402 1946 1471 1997 Σὺ
1497 1944 1703 2007 ἔδωκας
1736 1945 1827 1998 τὸν

250 2040 444 2095 δοῦλόν
487 2057 581 2092 σου
621 2040 744 2094 ἀντὶ
795 2038 959 2091 Δαδὶδ
1014 2036 1108 2091 τοῦ
1161 2036 1370 2106 πατρός
1416 2054 1541 2106 μου,
1572 2038 1666 2089 κα)⁵
1715 2035 1828 2105 ἐγώ

254 2132 377 2202 είμι
406 2114 699 2201 ’παιδάριον
732 2129 952 2200 μικρὸν,
986 2110 1080 2182 καὶ
1112 2128 1220 2197 ἐγὼ
1254 2130 1356 2182 οὐκ
1399 2126 1518 2182 οἶδα
1550 2129 1650 2198 τὴν
1683 2129 1828 2182 εἴσο-

253 2225 347 2279 δὸν
384 2241 484 2293 μου
533 2224 628 2276 καὶ
663 2224 760 2292 τὴν
805 2221 985 2286 ἔξοδόν
1028 2237 1155 2291 μου,
1183 2222 1279 2273 καὶ
1318 2222 1514 2275 δώσεις
1547 2220 1624 2290 τῷ
1654 2220 1830 2290 δούλῳ

259 2331 355 2366 σου
394 2313 620 2382 καρδίαν
653 2312 875 2364 ἀκούειν
913 2313 1008 2363 καὶ
1040 2310 1338 2379 διακρίνειν
1374 2309 1465 2362 τὸν
1496 2308 1625 2361 λαόν
1654 2325 1747 2362 σου
1776 2308 1832 2359 ὲν

254 2406 599 2478 δικαιοσύνῃ.
633 2422 652 2457 ι
678 2406 786 2459 Kal.
828 2400 949 2457 εἷπε
978 2403 1180 2473 Κύριος
1211 2404 1347 2470 πρδς
1405 2402 1589 2466 αὐτὸν,
1631 2418 1650 2452 ι
1686 2398 1830 2453 Ἀνθ’

255 2492 335 2551 ὧν
367 2499 555 2569 ᾐτήσω
587 2497 717 2565 παρ’
758 2496 891 2567 ὲμοῦ
927 2496 987 2548 τὸ
1030 2495 1180 2565 ῥῆμα
1219 2492 1400 2555 τοῦτο,
1445 2494 1537 2545 καὶ
1567 2492 1665 2562 οὐχ
1693 2493 1834 2561 ἡμέ-

261 2609 364 2663 ρας
396 2591 595 2654 πολλὰς
646 2589 767 2644 οὐδὲ
815 2587 1048 2641 πλοῦτον
1098 2587 1221 2641 οὐδὲ
1257 2584 1434 2655 ψυχὰς
1474 2582 1686 2655 ἐχθρῶν
1713 2599 1830 2648 σου,

258 2680 378 2733 ἀλλ’
409 2682 597 2749 ᾐτήσω
648 2676 861 2746 σεαυτῷ
911 2675 1127 2729 σύνεσιν
1167 2673 1259 2726 τοῦ
1314 2672 1621 2726 εἰσακούειν
1657 2672 1832 2742 ῥῆμα,

262 2772 377 2824 ἰδοὺ
410 2770 687 2837 πεποίηκα
718 2770 860 2821 κατὰ
910 2768 969 2820 τὸ
1003 2766 1153 2837 ῥῆμά
1186 2783 1302 2820 σου.
1348 2765 1481 2818 Ἰδοὺ
1509 2765 1720 2818 δέδωκά
1749 2781 1833 2818 σοι

258 2864 495 2935 καρδίαν
551 2861 823 2931 φρονίμην
859 2861 955 2912 καὶ
983 2860 1175 2928 σοφὴν,
1211 2861 1310 2928 ὅση
1367 2858 1427 2910 οὐ
1479 2856 1703 2927 γέγονεν
1732 2857 1832 2926 ιμ-

258 2956 502 3026 προσθὲν
535 2972 651 3017 σου,
678 2956 771 3006 καὶ
800 2952 940 3023 μετὰ
974 2951 1031 3005 σὲ
1055 2952 1114 3003 οὐ
1140 2953 1433 3022 γενήσεται
1457 2950 1641 3020 ὅμοιός
1671 2966 1753 3002 σοι
1779 2950 1835 3003 ὲν

170 3042 179 3049 ’
271 3048 578 3121 βασιλεῦσι.
624 3046 734 3100 Καὶ
793 3046 885 3098 sitv
936 3043 1210 3114 πορευθῇς
1255 3044 1312 3095 ὲν
1341 3044 1406 3114 τῇ
1463 3040 1836 3114 ὀδῷ,μου,ὦς

258 3142 429 3196 Δαΰὶδ
475 3141 503 3192 δ
557 3139 742 3209 πατήρ
790 3155 907 3202 σου,
947 3134 1203 3204 πληθυνῶ
1257 3137 1357 3197 τὰς
1411 3135 1625 3204 ἡμέρας
1659 3149 1777 3186 σου.
1808 3150 1827 3184 ι

260 3236 418 3289 Μετὰ
452 3232 626 3286 ταῦτα
649 3230 923 3298 οἰκοδομεῖ
954 3226 1079 3281 ναὸν
1104 3226 1182 3297 τῷ
1214 3226 1358 3298 Θεῷ,
1390 3227 1485 3282 καὶ
1516 3226 1660 3277 αἰτεῖ
1694 3218 1834 3277 εἶναι

257 3326 389 3386 τοὺς
446 3321 760 3392 ὀφθαλμοὺς
810 3318 976 3373 αὐτοῦ
1024 3318 1410 3389 ἀνεῳγμένους
1446 3317 1536 3370 ἐπὶ
1568 3316 1662 3369 τὸν
1692 3317 1838 3369 θεῖον

258 3413 416 3471 οἷκον
447 3415 542 3467 καὶ
568 3411 873 3466 είσακούειν
904 3410 1105 3465 αὐτῶν.
1156 3409 1266 3466 Καὶ
1316 3407 1471 3478 ὤφθη
1506 3408 1711 3477 Κύριος
1758 3403 1837 3477 τῷ

262 3507 577 3576 Σολομῶντι
628 3505 902 3575 δεύτερον,
938 3500 1122 3563 καθὼς
1168 3499 1322 3570 ὤφθη
1381 3502 1438 3553 ὲν
1488 3496 1701 3563 Γαϐαὼ,
1744 3499 1838 3552 καὶ

261 3597 425 3652 εἶπεν
444 3616 457 3631 ·
490 3599 770 3650 «Ἤκουσα
799 3594 899 3665 τῆς
930 3593 1110 3661 φωνῆς
1131 3596 1227 3663 τῆς
1260 3591 1572 3663 προσευχῆς
1604 3607 1718 3657 σου,
1743 3590 1839 3658 καὶ

262 3680 469 3761 ήγίασιι
505 3689 599 3742 τὸν
628 3687 755 3741 ναὸν
798 3686 986 3739 τοῦτον
1015 3701 1028 3716 ο
1070 3685 1165 3737 καὶ
1206 3683 1423 3736 ἔσονται
1471 3684 1519 3737 ei
1568 3681 1837 3753 ὀφθαλμοί

266 3801 374 3853 μου
409 3784 525 3834 ἐκεῖ
550 3781 647 3835 καὶ
675 3782 707 3848 ἡ
736 3778 936 3849 καρδία
972 3794 1073 3847 μου
1105 3776 1282 3837 πάσας
1318 3776 1413 3838 τὰς
1444 3776 1680 3846 ἡμέρας.
1707 3764 1835 3826 Ἐὰν

260 3876 323 3930 δὲ
354 3872 744 3943 ἀποστραφῆτε
791 3871 884 3922 ἀπ’
937 3870 1093 3938 ἐμοῦ,
1136 3866 1311 3936 ἑξαρῶ
1346 3867 1434 3919 τὸν
1478 3867 1692 3936 Ἰσραὴλ
1730 3864 1838 3917 ἀπὸ

260 3967 369 4034 τῆς
402 3966 502 4033 γῆς
528 3962 755 4030 ταύτης,
781 3961 874 4012 καὶ
901 3958 991 4011 τὸν
1028 3954 1179 4008 οἷκον
1211 3957 1400 4008 τοῦτον
1435 3956 1492 4007 ὃν
1525 3957 1731 4024 ὴγίασα
1760 3953 1836 4024 τῷ

260 4058 517 4125 ὀνόματι,
551 4052 844 4124 ἀπορρίψω
870 4051 1032 4103 αὐτὸν
1067 4050 1131 4123 ex
1171 4046 1463 4114 προσώπου
1499 4064 1625 4116 μου.
1670 4065 1688 4097 ι
1729 4046 1835 4099 Τοῦ

266 4153 457 4219 μέντοι
497 4147 839 4214 Σολομῶντος
885 4143 1335 4214 προσευξαμένου
1384 4141 1494 4212 πῦρ
1541 4140 1835 4212 οὐρανόθεν

262 4241 583 4311 κατηνέχθη
624 4238 842 4300 καὶτὰς
893 4235 1351 4307 προσενεχθείσας
1394 4234 1584 4297 θυσίας
1630 4234 1838 4315 manu):

263 4350 383 4387 σεν.
419 4334 560 4399 Ὀρα
608 4328 796 4381 λοιπὸν
841 4328 939 4397 ὅση
993 4325 1315 4397 πρότερονὴ
1363 4323 1458 4377 τοῦ
1490 4324 1836 4393 Σολομῶντος

259 4421 540 4481 εὐσέϐεια,
590 4418 706 4485 είγε
761 4415 857 4469 καὶ
916 4414 1027 4487 πῦρ
1080 4415 1170 4466 ἐπὶ
1219 4416 1340 4473 ταῖς
1399 4412 1610 4475 θυσίαις
1667 4412 1833 4465 αὐτοῦ

1854 1833 1902 1893 Β

1936 582 2097 649 tum),
2126 581 2383 638 Bersab-a
2418 600 2528 636 rem
2558 586 2623 638 ad
2648 584 2899 638 Dauidcm
2933 587 3122 639 tlefert.
3151 587 3505 657 Ilavides,qui

1936 686 2034 741 per
2068 688 2127 726 se
2152 671 2381 729 Joubum
2414 676 2551 730 ailici
2579 677 2847 745 supplicio
2889 678 3074 741 nollet,
3108 682 3252 745 quod
3287 681 3331 734 is
3364 681 3506 733 mul-

1938 772 2019 819 tos
2050 764 2257 820 labores
2307 766 2479 836 ipsius
2504 783 2666 821 eausa
2724 768 3027 835 pertulisset
3054 811 3069 834 ,
3091 769 3371 825 Solomoni
3396 771 3505 825 lilio

1937 856 2210 910 consuluit
2254 866 2313 911 ut
2360 874 2484 912 eum
2518 860 2919 924 interﬁciat,ne
2956 860 3295 928 juventutem
3331 864 3503 933 ipsius

1934 946 2313 1003 ﬂoceifaceret.
2347 950 2489 1005 Idem
2520 952 2567 1005 ei
2593 952 2683 1005 dat
2722 952 2939 1005 consilii
2971 952 3037 1007 de
3067 952 3284 1023 Semejo
3340 957 3503 1022 plane

1936 1040 2193 1094 seditioso
2226 1040 2483 1104 homine;
2511 1057 2671 1110 quem
2705 1051 2888 1097 tamen
2946 1045 3063 1112 ipse
3095 1046 3317 1110 tulerat,
3368 1047 3501 1100 licet

1935 1131 2119 1187 multis
2147 1133 2215 1185 ab
2240 1149 2304 1185 eo
2335 1132 2529 1186 fuisset
2555 1132 2844 1201 aliquoties
2884 1134 3100 1201 injuriis
3126 1135 3379 1191 aﬂ‘ectus.
3408 1138 3505 1193 Se-

1935 1224 2171 1277 cundum
2225 1224 2340 1278 haec
2366 1240 2534 1293 regno
2602 1226 2806 1293 potitur
2843 1223 3095 1288 Solomo.
3158 1236 3213 1281 et
3273 1228 3500 1283 fratrem

1934 1328 2093 1368 suum
2125 1313 2347 1368 Orniau:
2391 1316 2668 1370 interficit.
2697 1315 2843 1370 Idem
2870 1315 3041 1371 Joabo
3077 1319 3296 1381 accidit,
3321 1335 3498 1388 quan-

1934 1420 2096 1475 quam
2136 1406 2181 1459 is
2214 1406 2279 1459 ad
2312 1422 2459 1460 aram
2514 1404 2609 1458 Dei
2653 1405 3004 1476 profugisset.
3068 1407 3176 1462 Lex
3230 1410 3373 1463 enim
3423 1410 3505 1464 di-

1933 1499 2059 1552 vina
2092 1498 2441 1565 homicidam,
2467 1498 2559 1569 qui
2592 1498 2658 1552 ad
2689 1500 2952 1570 templum
2979 1500 3227 1571 fugisset,
3266 1502 3500 1558 interfici

1925 1588 2103 1658 jubet.
2572 1656 2575 1660 _

2003 1680 2147 1737 Hinc
2180 1680 2401 1736 Solomo
2423 1696 2546 1735 cum
2595 1681 2745 1736 mille
2775 1681 3070 1751 aliquando
3102 1682 3355 1737 victimas
3402 1684 3503 1737 im-

1933 1775 2211 1837 molasset,
2239 1774 2348 1828 Deo
2387 1774 2677 1843 supplicat,
2706 1785 2760 1829 et
2783 1775 3101 1844 sapientiam
3125 1776 3501 1845 prudentiam.

1932 1882 2036 1937 que
2070 1866 2172 1921 sibi
2206 1876 2263 1919 ut
2286 1867 2548 1935 largiatur
2573 1876 2711 1921 orat.
2746 1866 2880 1920 Nam
2913 1869 3054 1922 Deus
3086 1867 3201 1938 ipse
3229 1884 3327 1938 per
3350 1882 3499 1922 som-

1933 1976 2062 2014 num
2097 1962 2145 2014 ei
2173 1975 2232 2014 se
2266 1962 2541 2014 obtulerat
2570 1969 2624 2015 et
2662 1960 2864 2030 aliquid
2902 1963 2971 2015 ab
3001 1976 3059 2016 se
3092 1961 3171 2016 uti
3199 1963 3507 2032 postularet

1927 2052 2185 2120 jusserat.
2217 2051 2308 2107 Ille
2341 2065 2469 2106 vero
2502 2053 2876 2122 respondens:
2908 2055 3020 2107 t'l'u
3057 2068 3144 2107 me
3172 2095 3188 2120 ,
3236 2054 3413 2124 inquit
3435 2055 3505 2119 '°,

1931 2144 1985 2197 in
2028 2143 2195 2211 patris
2232 2142 2338 2197 mei
2387 2142 2611 2198 Davidis
2666 2144 2845 2200 locum
2889 2145 3177 2211 suii‘ecisti,
3240 2146 3503 2203 famulum

1934 2243 2109 2288 tuum.
2145 2234 2257 2303 Ego
2280 2249 2409 2291 vero
2440 2249 2576 2303 puer
2623 2235 2805 2290 adhuc
2831 2246 2952 2290 sum
2980 2235 3297 2299 admodum.
3324 2246 3381 2291 ct
3412 2254 3507 2307 per

1932 2334 2144 2380 aetatem
2195 2339 2283 2379 res
2318 2325 2550 2380 necdum
2582 2326 2969 2380 administrare
3030 2342 3270 2396 possum.
3305 2326 3510 2394 Quam-

1932 2411 2118 2465 obrem
2151 2409 2355 2467 famulo
2380 2421 2471 2466 tuo
2502 2413 2566 2467 du
2604 2422 2841 2468 mentem
2866 2415 3099 2470 docilem
3123 2415 3191 2470 ad
3211 2418 3507 2488 regendum

1935 2505 2199 2573 populum
2239 2512 2413 2567 tuum,
2458 2513 2626 2573 utque
2655 2504 2745 2575 jus
2778 2506 2829 2559 ei
2864 2506 3051 2561 dicere
3086 2523 3153 2562 ex
3184 2507 3303 2578 ipsa
3332 2510 3505 2579 ιιι-(ιιιί-

1934 2603 2042 2650 tate
2082 2596 2337 2665 possim.»
2377 2596 2532 2666 181
2566 2594 2706 2650 Tum
2741 2596 2883 2652 Deus
2917 2615 2932 2653 :
2970 2597 3252 2663 «Quando.
3288 2601 3384 2664 ait,
3452 2612 3509 2657 tu

1935 2685 2079 2741 istud
2110 2687 2337 2757 petiisti,
2372 2702 2483 2741 non
2542 2687 2757 2759 longam
2816 2698 3053 2754 artatem,
3111 2707 3218 2745 non
3269 2692 3541 2757 divit‘as,‘

1935 2790 2047 2828 non
2085 2775 2322 2831 hostium
2375 2785 2592 2832 tuorum
2639 2792 2854 2844 necem,
2916 2780 3012 2833 sed
3062 2781 3411 2848 prudentiain
3445 2782 3511 2836 ad

1936 2865 2295 2921 d'scernenda
2319 2867 2445 2936 jura
2477 2868 2789 2937 postulasti,
2832 2871 2969 2924 scito
2996 2886 3083 2925 me
3116 2870 3215 2925 tibi
3250 2873 3392 2940 quod
3443 2873 3500 2926 in

1937 2959 2076 3012 votis
2097 2968 2216 3012 erat
2246 2959 2611 3014 concessisse.
2666 2960 2742 3013 En
2785 2969 2993 3014 tantam
3028 2963 3231 3017 mentis
3273 2964 3514 3033 pruden-

1942 3050 2067 3103 tiam
2108 3063 2271 3120 atque
2307 3052 2641 3123 sapientiam
2677 3053 2775 3107 tibi
2813 3055 3037 3125 largior,
3073 3064 3131 3109 ut
3172 3054 3271 3111 tibi
3302 3072 3399 3127 par
3433 3058 3515 3111 in-

1942 3148 2024 3195 ter
2055 3157 2208 3212 rcges
2240 3160 2401 3197 nemo
2430 3138 2611 3214 neque
2641 3156 2767 3198 ante
2797 3156 2849 3200 te
2880 3146 3069 3212 fuerit,
3098 3163 3275 3217 neque
3306 3158 3429 3217 post
3460 3158 3514 3203 te

1942 3233 2014 3287 sit
2044 3232 2284 3287 futurus.
2332 3234 2539 3299 Quodsi
2593 3236 2844 3290 traditam
2878 3253 2906 3291 a
2940 3252 3026 3292 me
3073 3238 3200 3292 vitae
3246 3238 3512 3294 ralioncm

1940 3325 2115 3396 patris
2172 3326 2247 3380 lui
2280 3326 2502 3381 Davidis
2550 3328 2803 3396 exemplo
2850 3337 3072 3383 secutus
3126 3327 3317 3395 fueris,
3347 3330 3512 3384 etiam

1936 3406 2039 3472 tibi
2071 3427 2288 3473 aetatem
2316 3417 2665 3488 producam.»
2700 3416 3012 3472 Secundum
3054 3418 3171 3472 haec
3199 3415 3384 3470 fanum
3415 3432 3512 3471 ex-

1940 3513 2128 3575 struit,
2163 3524 2333 3581 atque
2375 3509 2541 3564 Deum
2573 3521 2831 3581 precatur
2856 3520 2913 3563 ut
2948 3510 3155 3580 apertis
3184 3524 3247 3563 ac
3279 3510 3514 3580 vigilax.-

1943 3600 2091 3655 tibus
2120 3600 2295 3655 oculis
2328 3600 2570 3654 divinam
2603 3601 2746 3655 hanc
2781 3600 2951 3656 aedem
2988 3602 3242 3669 respiciat
3267 3640 3281 3663 ,
3332 3609 3388 3655 et
3415 3602 3513 3653 hn-

1941 3693 2117 3748 mines
2143 3693 2198 3747 in
2227 3709 2286 3747 ea
2310 3694 2686 3763 supplicantes
2720 3694 2996 3749 exaudiat.
3028 3692 3163 3747 Tum
3199 3693 3369 3748 altera
3392 3693 3519 3747 vive

1942 3784 2082 3839 Deus
2105 3786 2153 3839 ei
2190 3786 2418 3855 perinde
2450 3800 2509 3839 se
2540 3785 2738 3839 obtulit
2786 3794 2949 3853 atque
2988 3784 3133 3856 apud
3197 3782 3508 3838 Gabaonem

1939 3875 2141 3930 factum
2203 3874 2402 3939 fuerat,
2446 3882 2499 3927 et
2554 3874 2671 3929 haec
2702 3873 2898 3929 effatus
2928 3881 3011 3928 est
3043 3872 3209 3927 verba
3234 3875 3277 3904 ⁹¹
3319 3890 3332 3926 :
3367 3872 3511 3942 «Ego

1943 3976 2064 4021 tuas
2092 3967 2158 4022 ad
2191 3984 2277 4025 me
2313 3980 2505 4034 preces
2531 3976 2581 4020 et
2632 3965 3093 4036 supplicationem
3142 3964 3415 4027 exaudivi,
3454 3972 3511 4021 et

1939 4058 2098 4113 istam
2158 4074 2189 4114 a
2240 4068 2292 4112 te
2339 4071 2709 4113 constructam
2755 4060 2927 4112 aadem
2980 4055 3317 4111 consecravi.
3374 4054 3510 4108 Tam

1939 4150 2127 4205 oculos
2158 4150 2226 4203 ibi
2259 4164 2420 4219 quam
2452 4159 2685 4205 mentem
2739 4164 2957 4218 semper
3012 4148 3247 4203 habebo.
3300 4147 3510 4213 Quodsi

1938 4258 1970 4299 ις
2012 4261 2098 4298 me
2126 4242 2498 4308 desciveritis,
2527 4243 2809 4298 Israelicos
2834 4257 2935 4311 ego
2970 4242 3039 4296 de
3071 4243 3174 4295 hac
3217 4250 3360 4295 terra
3407 4256 3509 4295 cx-

1940 4335 2215 4406 stirpabo;
2247 4345 2301 4390 et
2328 4336 2428 4390 boc
2468 4337 2754 4404 templum,
2785 4335 2929 4404 quod
2966 4332 3175 4386 nomini
3229 4347 3351 4385 meo
3376 4347 3509 4384 con-

1941 4426 2175 4491 secravi,
2215 4442 2245 4480 a
2281 4437 2579 4496 conspectu
2617 4441 2739 4480 meo
2770 4424 3124 4495 repudiabo.»
3161 4422 3361 4476 Eodem
3403 4422 3507 4474 So-

261 4512 621 4581 κατεφέρετο.
657 4511 767 4563 Kal.
804 4508 897 4561 τὸν
940 4508 1040 4577 μὲν
1074 4506 1200 4559 ναὸν
1248 4505 1416 4569 λίθοις
1472 4505 1835 4575 ἁπελεκήτοις

1941 4517 2158 4575 lomone
2180 4533 2371 4588 preces
2400 4520 2745 4587 concipiente
2775 4518 2914 4587 ignis
2950 4516 3019 4571 de
3051 4516 3190 4570 coelo
3220 4516 3403 4585 lapsus
3428 4523 3514 4568 est

259 4603 540 4672 οἰκοδομεῖ
571 4602 883 4672 (αὐτοφυεῖς
922 4602 1032 4671 γὰρ
1076 4597 1383 4669 εὑρέθησαν
1423 4596 1542 4667 θείᾳ
1582 4595 1830 4667 προνοίᾳ,

265 4698 416 4751 ὥστε
460 4694 687 4766 μηδενὸς
735 4693 1001 4763 ἁρμονίαν
1030 4691 1288 4761 δεηθῆναι
1326 4689 1569 4765 σιδήρου,
1597 4687 1673 4750 ὥς
1701 4705 1835 4758 φησι

262 4788 661 4860 Θεοδώρητος),
688 4788 777 4839 τὸν
821 4786 879 4841 δὲ
918 4785 1013 4838 τοῦ
1077 4782 1223 4852 ἱεροῦ
1274 4782 1558 4852 περίϐολον
1609 4785 1837 4852 τμητοῖς

265 4884 443 4946 λίθοις
491 4882 810 4953 ἐδομήσατο;
865 4879 1025 4930 κάκεῖ
1074 4878 1168 4929 καὶ
1224 4874 1472 4948 λατόμων
1527 4874 1728 4931 δέεται.
1764 4873 1839 4928 Τὸ

269 4975 458 5048 μέντοι
492 4973 664 5042 μῆκος
718 4969 813 5022 τοῦ
865 4968 996 5021 ναοῦ
1037 4967 1301 5037 ἑξήκοντα
1354 4969 1574 5036 πήχεων
1620 4961 1708 5037 ἦν,
1743 4967 1840 5049 κα)

270 5070 452 5121 εἰκοσι
485 5069 543 5117 τε,
589 5065 768 5135 εὐρος.
798 5061 998 5131 Κύκλῳ
1037 5061 1130 5113 τοῦ
1173 5059 1302 5113 ναοῦ
1364 5061 1596 5113 οἰκίσκοι
1640 5058 1839 5128 ᾠκοδο-

268 5161 528 5233 μήθησαν
568 5160 725 5230 χάριν
774 5156 881 5209 τῶν
920 5154 1160 5209 Λευῖτῶν
1197 5155 1289 5205 καὶ
1330 5154 1428 5223 τῆς
1474 5154 1581 5205 τῶν
1632 5154 1839 5206 σκευῶν

263 5255 581 5314 ἀποθέσεως
606 5267 619 5280 °
653 5252 719 5304 τὰ
754 5252 863 5322 γὰρ
898 5254 1025 5315 ἅγια
1058 5252 1236 5317 μόνοις
1277 5251 1387 5309 τοῖς
1432 5248 1666 5317 ἱερεῦσιν
1697 5243 1841 5317 ἦσαν

264 5349 433 5420 βατά.
476 5347 547 5397 Τὸ
598 5344 651 5398 δὲ
697 5344 791 5396 τοῦ
842 5341 972 5394 ναοῦ
1007 5340 1139 5410 ὕψος
1170 5337 1247 5411 ρκ’
1290 5342 1510 5408 πήχεων
1543 5337 1629 5408 ἦν.
1659 5341 1839 5393 Πάντα

260 5443 324 5495 δὲ
350 5444 442 5493 τὸν
489 5443 613 5492 ναὸν
652 5439 849 5508 χρυσ“ις
899 5436 1288 5488 συνεκάλυπτε.
1336 5433 1521 5487 Ταῦτα
1562 5432 1618 5485 δὲ
1668 5434 1842 5486 πάντα

259 5541 337 5593 τίι
376 5536 469 5587 τοῦ
508 5532 638 5586 ναοῦ
673 5536 705 5601 ἡ
743 5531 841 5599 μὲν
876 5531 1031 5601 χάρις
1058 5528 1151 5581 τοῦ
1182 5527 1336 5594 ἁγίου
1378 5528 1686 5595 Πνεύματος
1714 5527 1846 5579 ὐπέ-

262 5630 414 5695 δειξε
468 5628 546 5697 τῷ
578 5626 766 5690 Δασὶδ,,
799 5625 959 5686 αὐτὸς
1001 5623 1057 5675 δὲ
1085 5623 1161 5693 τῷ
1193 5623 1520 5691 Σολομῶντι.
1556 5624 1846 5695 Οἰκοδομεῖ

343 5817 392 5849 ⁸⁸
416 5817 482 5870 lll
518 5815 649 5885 licg.
682 5830 800 5878 xm,
836 5812 887 5867 7.
967 5813 1004 5844 ⁹¹
1039 5812 1082 5866 ll
1124 5810 1297 5865 Parui.
1337 5827 1428 5877 \‘ll,
1472 5812 1555 5866 10.

1939 4624 1993 4667 et
2016 4613 2221 4668 hostias
2254 4611 2465 4666 oblatas
2494 4612 2822 4679 absumpsit.
2860 4610 2929 4662 De
2951 4624 3061 4678 quo
3109 4608 3241 4662 licet
3264 4606 3513 4660 anin‘iad-

1942 4715 2128 4759 vertas
2164 4713 2374 4773 quanta
2439 4701 2752 4755 Solomonis
2802 4701 2961 4754 in;tio
3001 4700 3175 4769 pietas
3207 4707 3262 4754 et
3320 4698 3511 4767 religio

1942 4795 2128 4860 fuerit,
2176 4797 2393 4863 quando
2449 4792 2741 4866 impetrare
2795 4791 2971 4859 potuit
3027 4800 3085 4844 nt
3140 4790 3191 4843 in
3259 4789 3506 4841 victimas

1943 4886 2120 4956 ipsius
2152 4884 2292 4955 ignis
2324 4899 2353 4939 e
2411 4884 2550 4938 ewio
2584 4883 2949 4937 delaberetur.
3009 4879 3294 4947 Templum
3327 4888 3503 4930 autem

1941 4980 2007 5035 de
2026 4978 2298 5049 lapidibus
2332 4978 2565 5032 exstruit
2597 4977 2741 5030 ascia
2790 4976 2937 5030 nulla
2972 4975 3197 5044 politis;
3251 4988 3372 5026 nam
3421 4971 3503 5025 di-

1946 5073 2066 5126 vina
2095 5069 2436 5142 providentia
2480 5061 2685 5121 fa'ctum
2717 5076 2882 5121 estut
2912 5068 2991 5121 sic
3034 5081 3130 5135 per
3168 5080 3227 5120 se
3273 5065 3380 5117 nati
3414 5079 3504 5116 re-

1944 5167 2274 5237 perirentur,
2297 5162 2444 5215 nullo
2495 5172 2552 5215 ut
2580 5161 2748 5224 ferro,
2776 5157 3234 5228 quemadmodum
3256 5156 3505 5210 Theodo-

1945 5266 2098 5314 retus
2129 5256 2403 5313 memoriae
2428 5255 2687 5324 prodidit,
2707 5254 2772 5307 ad
2795 5269 2899 5307 eos
2918 5255 3056 5306 inter
3073 5268 3131 5306 se
3155 5250 3502 5320 compingen-

1946 5353 2042 5406 dos
2070 5363 2125 5403 et
2175 5348 2582 5405 concinnandos
2632 5361 2773 5415 epos
2799 5353 2967 5401 esset.
3027 5345 3093 5399 At
3139 5358 3267 5397 vero
3317 5343 3501 5408 tempii

1948 5443 2346 5497 munimentum
2375 5439 2622 5493 exterius
2652 5454 2681 5492 e
2712 5438 2868 5493 czcsis
2896 5437 3166 5505 lapidibus
3195 5434 3506 5495 :ed'tieavit.

1949 5534 2127 5601 ihique
2164 5531 2517 5600 lapicidarum
2551 5530 2857 5585 nea‘essaria
2890 5538 3011 5583 erat
3051 5542 3231 5594 opera.
3295 5524 3503 5593 Templi

1948 5625 2230 5695 longitudo
2253 5623 2353 5678 fuit
2381 5623 2658 5693 sexaginta
2683 5622 3011 5688 cubitorum,
3035 5617 3259 5672 latitudo
3288 5615 3499 5687 viginti.
