4212 6448
288 410 396 475 353

1532 403 1939 464 ΛΝΝΛῙᾸΗΜ
1986 400 2179 461 PARS
2220 398 2300 457 II.

3419 388 3518 447 355

289 521 460 589 δούλῳ
491 538 604 574 σου.
662 539 681 571 ι
733 521 948 589 Ἐπειδὴ
1005 522 1132 591 γὰρ,
1182 523 1335 591 φησι,
1384 520 1481 589 τὴν
1539 520 1853 589 πρέπουσαν

1990 522 2102 569 iens
2155 518 2268 582 ipse
2331 511 2678 565 Solomonem
2739 508 2917 563 verbis
2981 509 3129 561 hisee
3184 505 3520 573 compellat:

287 614 409 680 ἐμά
442 613 522 680 τῷ
568 614 762 681 κτίστῃ
810 614 978 681 τιμὴν
1026 614 1119 665 καὶ
1160 613 1320 678 δ’ξαν
1353 616 1418 682 τῇ
1461 611 1620 680 δούλῃ
1679 610 1856 661 κτίσει

285 704 614 772 ἁπένειμας,
648 703 807 756 δώσω
843 703 1003 770 κάγὼ
1050 704 1149 773 τὴν
1201 704 1357 767 δόξαν
1416 720 1508 754 σου
1561 702 1639 769 τῷ
1685 700 1857 767 δούλῳ

288 812 406 850 σου.
444 794 608 847 Ὅθεν
658 799 751 848 καὶ
788 797 1050 866 ἐπαρθεὶς
1097 799 1125 848 ὁ
1180 796 1464 864 Ἱεροϐοὰμ
1497 796 1701 863 ἤρξατο
1748 792 1856 844 ἀπὸ

289 887 632 957 Σολομετιντος
659 888 749 939 τον
781 888 908 940 λαὸν
941 890 1195 958 ἁφιστᾷν.
1228 889 1269 938 Τ
1273 886 1396 937 οῦτο
1432 885 1617 955 μαθὼν
1642 887 1669 937 ὁ
1700 885 1857 935 Σολο-

286 978 409 1045 μῶν
464 977 648 1047 ἐζήτει
700 979 791 1030 τὸν
845 980 1128 1048 Ἰεροὸοὰμ
1192 977 1508 1030 συλλαϐεῖν·
1551 976 1634 1043 ἐφ’
1681 969 1725 1041 ᾧ
1764 976 1857 1025 καὶ

284 1064 479 1132 φεύγει
522 1066 659 1135 πρὸς
706 1069 1004 1134 Αἴγυπτον,
1050 1067 1149 1137 τὴν
1207 1067 1467 1136 τελευτὴν
1506 1064 1854 1135 Σολομῶντος

283 1155 593 1223 καρτερῶν.
625 1158 735 1209 Καὶ
767 1158 910 1210 κατὰ
935 1158 1034 1227 μὲν
1074 1158 1173 1225 τὴν
1212 1156 1366 1209 θείαν
1399 1156 1623 1226 Γραφὴν
1664 1155 1852 1208 ἐϐασί-

286 1244 448 1295 λευσε
489 1246 744 1315 Σολομῶν
789 1247 880 1316 ἔτη
917 1248 991 1316 μ’,
1028 1249 1168 1300 κατὰ
1211 1248 1267 1300 δὲ
1308 1247 1399 1299 τὸν
1442 1245 1707 1316 Ἰώσηπον
1760 1245 1855 1313 ἔτη

244 1335 637 1403 ηὸγδοήκοντα.
697 1337 1050 1407 Ἐτελεύτησε
1104 1338 1201 1401 δὲ,
1248 1336 1322 1398 ὡς
1378 1337 1583 1399 ἐκεῖνος
1634 1335 1855 1404 ἔφησεν,

284 1419 427 1478 ὲτῶν
458 1428 786 1497 ἐνενήκοντα
815 1429 908 1480 καὶ
942 1428 1247 1493 τεσσάρων.

1962 606 2259 671 «Quoniam
2287 614 2341 658 ιιι
2368 601 2694 658 commisisti
2719 609 2776 654 ut
2808 609 3082 669 prareeptn
3111 614 3233 652 meo
3284 614 3391 649 nun
3425 597 3523 648 ub-

1956 708 2297 767 temperares
2325 705 2378 750 et
2424 694 2678 748 mandata
2733 708 2851 745 mea
2891 692 2985 745 tibi
3044 691 3358 759 praescripta
3416 705 3522 740 nun

1956 804 2228 849 serratos,
2265 787 2495 855 eripiam
2555 800 2653 853 ego
2702 786 2798 838 tibi
2846 784 2913 837 de.
2963 798 3127 837 manu
3182 794 3268 835 tua
3299 796 3524 851 regnum

1971 888 2146 937 tuum,
2191 879 2353 944 idque.
2378 891 2535 930 servo
2566 885 2659 928 tuo
2680 875 2937 929 dabam.»
2977 873 3238 926 Nimirum
3301 873 3401 924 huc
3445 871 3529 923 di-

1963 984 2085 1021 cere
2116 968 2276 1020 vult:
2326 966 2461 1031 Quia
2492 965 2736 1019 debitum
2787 964 2918 1017 mihi
2981 961 3212 1016 creatori
3264 961 3528 1013 honarem

1961 1059 2300 1128 gloriamque
2330 1066 2590 1109 creaturae
2638 1070 2809 1109 serva:
2844 1053 3105 1115 detulisti,
3161 1066 3260 1120 ego
3315 1064 3532 1117 qunque

1956 1150 2179 1219 gloriam
2203 1149 2654 1218 maiestatemque
2678 1155 2822 1199 tuam
2851 1146 2917 1199 ad
2939 1158 3155 1198 servum
3184 1153 3331 1195 tuum
3358 1152 3531 1193 trans-

1963 1241 2159 1295 feram.
2242 1239 2454 1304 Quibus
2511 1253 2644 1293 sane
2705 1236 2888 1291 verbis
2947 1235 3124 1289 elatus
3173 1232 3535 1287 Jt-rubuamus

1965 1332 2124 1401 185
2157 1334 2416 1401 populum
2474 1347 2504 1385 a
2532 1331 2826 1385 Solomone
2877 1329 3042 1397 erepit
3089 1327 3396 1388 abducere;
3425 1338 3534 1393 quo

1978 1424 2070 1477 ille
2098 1424 2339 1493 cognito,
2388 1437 2498 1492 quo
2544 1431 2704 1492 pacto
2736 1421 3121 1476 Jcroboamum
3180 1416 3536 1486 comprehcn-

286 1520 443 1572 deret
465 1521 755 1589 cogitabat.
790 1519 986 1575 Verum
1015 1523 1059 1576 is
1084 1521 1203 1592 fuga
1232 1521 1284 1575 in
1309 1519 1596 1591 Egyptum
1625 1518 1816 1582 evasit,
1843 1517 2028 1584 ibique
2064 1516 2378 1571 Solomonis
2408 1516 2614 1571 exitum
2669 1514 3048 1585 exspectavit;
3113 1514 3207 1582 qui
3256 1512 3323 1566 de
3355 1525 3538 1566 saera-

286 1624 411 1665 rum
466 1613 681 1678 quidem
711 1611 1036 1666 Litterarum
1095 1612 1417 1665 auctoritate
1450 1610 1692 1679 regnavit
1722 1623 1894 1663 annos
1940 1609 2032 1675 ιιι),
2058 1609 2153 1663 sed
2198 1610 2352 1679 juxta
2396 1608 2697 1679 Josepltum
2758 1607 2846 1662 80.
2912 1606 3057 1661 Idem
3093 1606 3254 1661 tradit
3283 1607 3538 1661 Solomo-

293 1718 418 1756 nem
462 1713 735 1755 mortuum
776 1718 896 1757 esse
940 1716 1063 1757 cum
1116 1711 1277 1756 natus
1308 1712 1453 1756 esset
1485 1691 1660 1755 annos
1685 1700 1774 1755 94.

367 1796 516 1865 Πλὴν
547 1798 579 1862 ἡ
614 1796 803 1867 Γραφή
824 1797 919 1847 καὶ
944 1795 1072 1847 τάδε
1099 1796 1227 1866 περὶ
1254 1794 1420 1848 αὐτοῦ
1440 1793 1684 1857 διέξεισιο
1720 1791 1828 1846 Καὶ
1845 1794 1871 1845 6

2040 1794 2271 1849 Narrant
2303 1795 2464 1850 etiam
2506 1793 2721 1851 Litterae
2754 1808 2923 1849 sacra:
2958 1792 3308 1848 Solomonem
3340 1790 3539 1845 mulie-

290 1888 551 1957 βασιλεὺς
576 1887 829 1957 Σολομῶν
863 1882 930 1957 ἦν
960 1885 1327 1954 φιλογύναιος,
1355 1889 1450 1937 καὶ
1478 1883 1639 1936 ἔλασε
1667 1884 1856 1951 γυναῖ-

1990 1902 2089 1939 ’11111
2119 1887 2289 1941 amori
2326 1887 2494 1941 fuisse
2530 1886 2773 1942 deditum
2810 1894 2864 1939 et
2896 1900 3098 1940 uxores
3141 1895 3353 1939 exteras
3388 1900 3541 1938 com-

291 1996 401 2041 κας
433 1977 721 2048 ἀλλοτρίας
755 1976 958 2037 πολλὰς
986 2016 1004 2042 ,
1051 1976 1149 2030 καὶ
1179 1974 1281 2045 τὴν
1325 1974 1605 2043 θυγατέρα
1637 1969 1860 2041 Φαραὼ,

290 2070 663 2140 Μωαόἰτιδας,
710 2068 1142 2138 Ἀμμανίτιδας,
1184 2066 1360 2135 Σύροις
1403 2066 1498 2117 καὶ
1540 2062 1864 2131 Ἰδουμαίας,

289 2161 565 2221 Χετταίας
594 2160 689 2212 καὶ
726 2159 1066 2229 Ἀμορραίας
1089 2174 1106 2189 ο
1138 2160 1235 2211 καὶ
1262 2154 1404 2227 ἦσαν
1429 2155 1577 2226 αὐτῷ
1603 2157 1862 2225 γυναῖκες

289 2251 560 2319 ἄρχουσαι
592 2247 667 2316 ψ’,
695 2248 788 2301 καὶ
806 2247 1082 2301 παλλακαὶ
1104 2253 1168 2300 τ’.
1204 2247 1337 2300 Τότε
1364 2246 1710 2317 ᾠκοῖόμησεν
1733 2244 1869 2313 ὑψη-

292 2342 363 2394 λὰ
390 2344 505 2404 τοῖς
529 2340 763 2404 εἰδώλοις
787 2341 979 2394 πασῶν
1002 2339 1113 2392 τῶν
1138 2338 1417 2408 γυναικῶν
1433 2338 1621 2392 αὐτοῦ.
1658 2339 1749 2401 Ὠς
1783 2338 1870 2390 ἰν-

290 2429 485 2483 τεῦθεν
510 2432 604 2484 καὶ
631 2429 723 2481 τὸν
766 2426 1395 2499 παραόάτηνἸουλιανὸν
1420 2427 1735 2499 ὁρμηθῆναι
1774 2427 1868 2478 καὶ

292 2523 492 2587 είτιείν,
520 2522 603 2575 ὅτι
623 2519 728 2573 Τὸν
746 2519 1066 2588 Σολομῶν-τα
1086 2518 1249 2587 σοφὸν
1281 2518 1355 2589 μὴ
1379 2518 1589 2586 λέγετε,
1622 2518 1871 2585 καθάπερ

240 2620 247 2625 ’
293 2616 326 2665 6
355 2613 530 2682 μέγας
561 2612 784 2676 διέξεισι
825 2609 1122 2681 Κύριλλος’
1161 2611 1210 2662 εί
1251 2609 1309 2661 δὲ
1360 2607 1758 2662 πεπιστεύκατε
1799 2605 1873 2661 εἷ-

295 2721 389 2758 ναι
424 2705 610 2773 σοφὸν,
644 2704 805 2774 μήτοι
836 2702 992 2771 παρὰ
1018 2702 1282 2769 γυναικὸς
1311 2700 1689 2771 ἐξηπατῆσθαι
1721 2701 1874 2769 νομί·

294 2796 441 2862 ζετε,
470 2796 646 2865 κρίσει
690 2794 749 2847 δὲ
780 2795 958 2864 οἰκείᾳ
988 2795 1081 2848 καὶ
1108 2793 1260 2864 παρὰ
1292 2794 1389 2847 τοῦ
1425 2795 1688 2864 φανέντος
1720 2794 1871 2865 αὐτῷ

293 2886 436 2939 Θεοῦ
489 2886 813 2954 πειθόμενον
844 2885 1272 2956 λελατρευκέναι
1323 2887 1435 2949 τοῖς
1477 2885 1659 2946 ἄλλοις
1704 2884 1869 2948 θεοῖς.

301 2980 447 3049 Πρὸς
479 2976 572 3032 οῦν
600 2979 772 3032 ταῦτα
802 2979 831 3031 6
869 2976 1012 3041 θεῖος
1046 2972 1205 3039 οὗτος
1234 2977 1374 3047 ἀνὴρ
1405 2975 1874 3047 ἀνταποκρινόμε-

245 3068 252 3073 ’
301 3090 392 3136 νος
406 3074 498 3125 καὶ
519 3071 645 3125 τάδε
660 3070 1040 3139 προστίθησινο
1077 3087 1095 3120 ι
1127 3067 1264 3120 Ἀπὸ
1297 3073 1396 3138 μὲν
1424 3061 1498 3120 ὧν
1522 3066 1751 3135 ἔγραφε,
1781 3083 1868 3118 σο-

301 3166 406 3232 φδς
438 3165 504 3215 ἂν
529 3163 741 3231 λέγοιτο
772 3162 905 3232 παρ’
933 3160 1092 3231 ἡμῶν
1126 3160 1192 3229 δὴ
1223 3160 1316 3212 καὶ
1346 3162 1521 3212 νοοῖτο
1566 3159 1709 3211 κατὰ
1740 3157 1874 3227 ἀλή-

1970 1976 2153 2046 plures
2184 1978 2430 2042 duxisse,
2463 1978 2726 2034 nimirum
2767 1978 2929 2031 tiliam
2964 1978 3288 2041 Pharaonis,
3328 1976 3505 2030 llloabi
3529 2006 3541 2017 -

1970 2067 2109 2120 tides
2139 2067 2343 2135 aliquot
2374 2077 2430 2122 et
2460 2067 2854 2123 Ammanitides
2888 2080 2943 2123 et
2974 2066 3137 2140 Syras
3174 2078 3229 2122 ct
3272 2067 3542 2122 Idumaeas

1969 2168 2023 2213 et
2048 2159 2319 2213 Chettzeas
2358 2169 2413 2214 et
2445 2158 2779 2223 Amorrmas,
2820 2158 2897 2212 ita
2935 2168 2994 2213 ut
3029 2159 3308 2230 principes
3340 2175 3538 2214 uxores

1969 2247 2092 2310 700,
2143 2246 2481 2302 concubinas
2519 2246 2625 2301 300
2680 2245 2954 2302 habuerit.
3024 2246 3103 2299 Ex
3169 2261 3235 2299 eo
3295 2255 3542 2313 tempore

1971 2339 2302 2393 sublimibus
2334 2336 2387 2391 in
2419 2338 2552 2392 locis
2590 2337 2818 2392 delubra
2868 2336 3293 2392 simulacrorum
3327 2339 3541 2393 cunctis

1972 2432 2233 2487 uxoribus
2272 2432 2387 2485 suis
2409 2430 2695 2485 exstruxit.
2742 2430 2900 2486 Unde
2933 2432 3170 2500 sumpsit
3195 2432 3541 2485 occasionem

1973 2525 2221 2578 desertor
2253 2522 2345 2579 ille
2400 2521 2521 2576 ﬁdei
2567 2520 2838 2587 Julianus,
2870 2531 2931 2576 ut
2969 2521 3177 2577 diceret
3200 2520 3546 2578 Christianos

1975 2614 2329 2670 Selomonem
2363 2614 2588 2668 minime
2639 2612 2842 2667 debere
2894 2613 3198 2683 sapientem
3247 2613 3546 2683 appellare.

1974 2709 2108 2762 Nam
2141 2708 2244 2761 hoc
2271 2708 2392 2775 ejus
2427 2707 2651 2761 verbum
2685 2706 2921 2779 Cyrillus
2949 2706 3232 2762 memoriae
3278 2707 3540 2778 prodidit.

1975 2797 2179 2864 Quodsi
2207 2798 2452 2864 omnino,
2492 2799 2691 2869 inquit,
2751 2800 3061 2870 sapientem
3094 2798 3265 2854 fuisse
3301 2802 3549 2869 persuasi

1976 2891 2132 2954 estis,
2167 2890 2337 2945 nolite
2359 2898 2552 2960 putare
2594 2890 2888 2960 deceptum
2915 2908 2943 2945 a
2979 2890 3207 2946 muliere
3227 2890 3418 2952 fuisse.
3452 2894 3550 2947 sed

1977 2982 2159 3053 potius
2188 2982 2494 3037 existimate
2522 2992 2673 3036 certo
2698 2982 2906 3050 judicio
2944 2993 3001 3036 et
3030 2984 3355 3039 auctoritate
3407 2984 3551 3038 illius

1981 3073 2076 3127 Dei
2111 3071 2334 3137 fretum,
2372 3072 2461 3140 qui
2498 3071 2550 3126 ei
2591 3080 2768 3131 semet
2796 3072 3091 3127 videndum
3119 3075 3417 3141 obtulerat,
3446 3077 3552 3131 diis

1983 3163 2283 3234 peregrinis
2334 3163 2611 3218 serviisse.
2672 3162 2884 3229 Quibus
2948 3166 3131 3220 verbis
3173 3166 3408 3235 Cyrinus
3461 3183 3555 3221 re-

303 3255 456 3307 θειαν
484 3256 512 3306 6
542 3242 939 3321 Σολομῶνοῦτι
970 3252 1027 3304 δὲ
1060 3249 1530 3321 πεπλημμέληκεν
1579 3249 1876 3318 ὁμολογου-

1990 3254 2614 3326 spondens,hujusmodi
2642 3255 2887 3325 quaedam
2926 3256 3186 3328 subjicit:
3227 3258 3367 3314 «Nos
3395 3258 3555 3313 Solo-

304 3345 490 3415 μένως
511 3345 624 3405 τοῖς
645 3341 887 3411 ψευδωνύ
896 3358 1017 3412 μοις
1050 3339 1563 3429 λατρεύσαςιθεοῖς,
1593 3336 1877 3407 ἀρνήσαιτ’

303 3436 376 3490 ἂν
399 3436 593 3498 οὐδείς.
628 3433 792 3487 Ὅθεν
834 3433 959 3488 οὔτε
1010 3435 1322 3505 προφήταις
1378 3432 1551 3497 ἁγίοις
1599 3431 1719 3486 οὗτε
1774 3430 1881 3503 μὴν

302 3526 631 3590 ἀποστόλοις
683 3524 951 3594 ποιοῦμεν
1015 3524 1177 3576 αὐτὸν
1208 3522 1545 3593 ἐναρίθμιον,
1578 3524 1632 3575 εἴ
1673 3538 1734 3590 γε
1787 3523 1882 3574 καί

306 3616 514 3687 μᾶλλον
540 3613 682 3667 κατὰ
717 3613 816 3684 μὶν
844 3613 944 3683 τὴν
996 3613 1228 3681 νεότητα
1258 3613 1328 3663 τὰ
1357 3611 1493 3680 πρὸς
1532 3610 1689 3673 δόξαν
1742 3607 1878 3661 Θεοῦ

301 3705 553 3775 πληροῦν
594 3705 879 3773 ἠπείγετο,
913 3704 1058 3756 κατά
1089 3702 1147 3755 δὲ
1175 3703 1269 3756 τὸν
1318 3700 1411 3752 τοῦ
1437 3700 1643 3771 γήρονς
1688 3697 1880 3766 καιρὸν

300 3796 493 3866 πάγην
515 3796 663 3865 αὐτῷ
692 3795 790 3866 τήν
806 3795 914 3847 ἀπὸ
945 3794 1203 3862 γυναικὸς
1229 3794 1258 3845 6
1278 3793 1521 3854 Σατανᾶς
1547 3790 1884 3844 κατεσκεύα-

304 3907 392 3945 σε.
434 3907 453 3941 ι
485 3887 708 3951 Τούτοις
737 3887 835 3958 μὲν
866 3885 962 3939 οὖν
996 3886 1092 3939 καὶ
1131 3884 1395 3956 Ἰώσηπος
1419 3885 1700 3954 συμφωνεί
1737 3882 1880 3948 διεξ-

306 3985 408 4038 ιὼν
434 3983 654 4035 οὕτωσίο
688 3999 707 4033 ι
730 3982 871 4034 Ἀλλ’
888 3983 950 4035 οὑ
981 3978 1220 4041 τοιοῦτος
1248 3980 1276 4030 6
1302 3977 1552 4048 Σολομῶν
1581 3980 1636 4030 ὲν
1654 3974 1731 4045 τῷ
1763 3992 1884 4029 και-

218 4067 238 4081 .
306 4076 392 4147 ρῷ
419 4077 515 4129 τοῦ
538 4076 765 4145 γήρους,
801 4076 983 4138 ὁποῖος
1016 4075 1126 4141 ἄρα
1160 4073 1254 4126 καὶ
1280 4075 1338 4125 ὲν
1369 4075 1433 4142 τῇ
1468 4070 1684 4140 νεότητι
1717 4067 1882 4122 αὐτοῦ

299 4165 402 4241 ἦν.
431 4167 843 4238 Προὸαινούσης
869 4167 979 4236 γὰρ
1016 4167 1115 4234 τῆς
1144 4164 1309 4234 ἥϐης,
1343 4162 1440 4216 καὶ
1482 4163 1579 4215 τοῦ
1616 4160 1882 4230 λογισμοῦ

300 4263 398 4316 δια
429 4261 521 4313 τὸν
548 4259 740 4329 χρόνον
768 4257 1124 4319 ἀσθενοῦντος
1164 4256 1380 4326 ἀντέχει
1400 4262 1412 4318 ',
1432 4254 1569 4325 πρὸς
1606 4255 1703 4324 τήν
1749 4254 1885 4323 μνή-

308 4372 422 4425 μην
453 4356 565 4407 τῶν
595 4354 757 4406 θείων
771 4351 1050 4424 ⁸ιντολιῖιν,
1083 4349 1181 4402 τοῦ
1219 4349 1350 4403 ἰδίου
1378 4364 1439 4400 τε
1472 4347 1608 4401 Θεοῦ
1641 4346 1900 4400 κατωλιο’

305 4450 533 4518 γὼρησε
559 4446 655 4498 καὶ
680 4447 762 4507 είς
792 4446 1059 4512 γυναῖκας
1098 4441 1436 4509 ἀλλοφύλους
1463 4438 1745 4506 ἐξώκειλε,
1773 4438 1885 4499 τοῖς

1985 3362 2202 3401 nionem
2235 3356 2458 3416 propter
2486 3360 2550 3401 ea
2585 3361 2708 3417 quae
2737 3346 2990 3417 scripsit,
3034 3355 3091 3402 et
3114 3347 3300 3403 dicere
3330 3350 3558 3418 sapien-

1986 3451 2093 3495 tem
2126 3448 2179 3494 et
2208 3439 2390 3509 reipsa
2420 3446 2662 3493 statuere
2700 3451 3014 3508 possumus.
3076 3439 3340 3495 Eumdem
3371 3443 3559 3495 colen-

1982 3533 2069 3587 dis
2099 3532 2331 3585 deastris
2368 3529 2509 3584 haud
2535 3531 2701 3586 dubie
2733 3531 3052 3601 deliquisse,
3080 3546 3243 3587 nemo
3270 3542 3419 3588 certe
3461 3549 3557 3587 ne-

1985 3623 2143 3694 garit.
2182 3622 2298 3688 Qua
2331 3623 2399 3676 de
2428 3636 2593 3677 causa
2624 3638 2725 3678 nec
2755 3624 2895 3678 inter
2918 3637 3107 3678 saeros
3130 3611 3253 3679 eum
3278 3635 3428 3679 vates
3458 3639 3561 3679 nec

1984 3715 2128 3770 inter
2158 3713 2437 3785 apostolos
2476 3712 2853 3769 numeramus.
2919 3714 3012 3769 Vel
3049 3716 3230 3785 potius
3260 3716 3334 3770 ita
3365 3718 3563 3771 statui-

1985 3821 2127 3876 mra,
2178 3806 2233 3861 in
2284 3807 2574 3877 iuventute
2624 3806 3090 3862 studiosissimum
3145 3807 3314 3865 fuisse
3352 3821 3412 3862 ut
3440 3826 3561 3880 qua:

1987 3901 2055 3954 ad
2109 3898 2206 3953 Dei
2258 3898 2489 3970 gloriam
2543 3896 2887 3969 pertinerent
2920 3898 3177 3964 ediceret,
3226 3900 3283 3953 in
3338 3911 3564 3956 senet-ta

1987 4005 2117 4044 vero
2159 3988 2416 4043 Satanam
2451 3990 2504 4043 ei
2547 4003 2644 4058 per
2674 3989 2933 4043 mulieres
2964 3989 3194 4045 insidias
3222 3992 3548 4046 struxisse.»

1985 4082 2201 4148 Quibus
2239 4096 2373 4137 sane
2421 4083 2715 4152 postremis
2764 4082 2950 4153 Cyrilli
3004 4084 3187 4138 verbis
3238 4087 3400 4139 etiam
3454 4087 3561 4141 hoc

1985 4172 2210 4242 Josephi
2245 4173 2621 4229 testimonium
2661 4174 2960 4231 consentit.
3018 4174 3368 4248 Nequaquam
3394 4219 3410 4245 ,
3460 4181 3559 4243 ait,

1991 4260 2117 4320 talis
2147 4264 2203 4318 in
2236 4272 2459 4319 senecta
2496 4264 2720 4319 Solomo
2750 4265 2875 4330 fuit,
2917 4266 3134 4336 qualem
3179 4268 3233 4321 in
3277 4268 3564 4339 iuventute

1994 4370 2052 4411 se
2084 4365 2353 4426 gesserat.
2394 4353 2531 4409 Nam
2559 4363 2721 4409 relate
2754 4357 2864 4425 jam
2890 4356 3257 4425 provectiore,
3290 4374 3414 4412 cum
3448 4360 3566 4429 ejus

1992 4446 2134 4500 ratio
2166 4445 2428 4515 paulatim
2454 4445 2841 4500 debilitaretur
2866 4446 2918 4500 in
2938 4446 3226 4502 retinenda
3253 4448 3566 4505 divinorum

308 4541 458 4601 θεοῖς
487 4537 668 4591 αὐτῶν
698 4538 965 4605 πρότερον
1012 4535 1351 4596 καταθύσας.
1393 4533 1504 4586 Καὶ
1537 4533 1644 4604 πρὸ
1676 4531 1881 4585 τούτων

1993 4538 2372 4592 mandatorum
2402 4537 2684 4603 memoria,
2702 4535 2873 4591 Deum
2891 4552 3051 4591 suum
3075 4553 3181 4592 non
3198 4538 3379 4609 magni
3416 4539 3567 4599 fecit,

307 4633 372 4685 δὲ
395 4630 475 4692 είς
507 4631 607 4700 τὴν
632 4630 882 4699 φυλακήν
908 4628 1017 4682 τῶν
1049 4628 1298 4698 νομίμων
1326 4626 1660 4694 ἐξήμαρτεν,
1690 4623 1777 4676 ὅτε
1819 4622 1886 4676 τὰ

305 4723 421 4773 τῶν
448 4718 667 4790 χαλκῶν
700 4718 838 4789 βοῶν
869 4718 1196 4788 ὁμοιώματα
1223 4714 1601 4769 κατεσκεύασε
1643 4713 1748 4778 atat,
1777 4711 1887 4764 τῶν

302 4812 542 4866 λεόντων
584 4811 694 4865 τῶν
741 4811 875 4880 περὶ
910 4810 1000 4863 τδν
1029 4802 1228 4878 Θρόνον
1250 4807 1343 4860 τὸν
1390 4806 1542 4873 ἴδιον,
1574 4806 1671 4858 καὶ
1709 4803 1886 4857 ταῦτα

301 4907 392 4969 δἰς
426 4904 592 4959 αὐτοῦ
622 4903 717 4957 τοῦ
741 4901 877 4955 Θεοῦ
902 4901 1026 4955 καθ’
1049 4901 1251 4963 ὕπνους
1284 4899 1564 4969 φανέντος.
1593 4896 1756 4949 Ὅθεν
1788 4896 1883 4949 καὶ

256 5034 264 5039 -
310 4999 481 5068 Ἄδερ
512 4999 605 5050 τὸν
671 4998 973 5067 ἰδουμαῖον
1023 4995 1232 5066 ἐγείρει
1265 4993 1387 5048 κατ’
1412 4991 1579 5047 αὐτοῦ
1609 4994 1638 5045 6
1676 4990 1834 5053 Θεός.
1862 5008 1880 5042 ι

320 5096 386 5149 '0
424 5096 611 5165 μέντοι
644 5095 834 5165 θρόνος
863 5096 960 5148 τοῦ
1006 5093 1352 5164 Σολομῶντος
1400 5091 1748 5159 ἐλεφάντινος
1792 5084 1881 5160 ἦν,

303 5184 692 5255 ἁναδαθμίδας
745 5184 887 5253 ἔχων
925 5182 1006 5247 ἓξ.
1072 5185 1179 5237 Καὶ
1214 5184 1273 5237 ὲν
1313 5184 1414 5253 μιᾷ
1455 5182 1663 5251 ἑκάστῃ
1707 5180 1887 5232 αὐτῶν

303 5278 525 5339 λέοντες
558 5277 902 5347 είστήκεισαν
928 5275 1295 5346 ἑκατέρωθεν,
1318 5275 1456 5344 πρὸς
1482 5273 1693 5335 τούτοις
1714 5273 1771 5324 δὲ
1795 5272 1889 5326 καὶ

310 5370 573 5439 ὁμοίωμα
604 5370 807 5439 μόσχου
859 5363 928 5437 ἦν
958 5368 1089 5439 παρ’
1120 5366 1290 5436 αὐτῷ.
1330 5368 1389 5419 El
1422 5367 1479 5418 δὲ
1516 5365 1688 5418 ταῦτα
1716 5364 1890 5427 οὕτως

306 5464 452 5532 ἔχει,
479 5460 659 5523 καθὼς
690 5460 900 5514 ἄνωθεν
929 5460 1169 5532 εἴρηται,
1210 5461 1499 5530 προσέχειν
1533 5460 1708 5524 ἄξιον,
1752 5459 1889 5524 ἁγα-

307 5554 481 5622 πητὶ,
500 5552 596 5605 καὶ
619 5552 698 5622 μὴ
724 5552 1166 5622 συναρπάζεσθαι
1196 5555 1307 5614 τοῖς
1334 5552 1582 5619 λέγουσιν
1606 5554 1689 5605 ὅτι
1723 5566 1891 5617 μετα-

310 5646 440 5715 νοίᾳ.
472 5644 600 5715 περὶ
649 5646 710 5698 τὸ
740 5645 915 5715 γῆρας
957 5647 985 5697 6
1031 5644 1283 5718 Σολομῶν
1338 5645 1629 5715 ἐχρήσατο.
1668 5644 1727 5698 Εἰ
1780 5644 1889 5712 γὰρ

388 5806 436 5840 ⁸⁸
462 5804 525 5862 ιιι
557 5804 693 5875 lleg.
721 5821 796 5871 ιι,
836 5806 918 5861 ll.

646 5905 915 5964 PA'l'ltt)L.
972 5901 1089 5963 Gtt.
1142 5901 1405 5965 CLVlII.

1996 4638 2051 4683 et
2077 4636 2295 4683 exteras
2321 4627 2387 4681 ad
2425 4627 2686 4681 mulieres
2718 4640 2827 4681 non
2873 4627 3051 4681 soluat
3097 4628 3340 4692 deﬂexit,
3375 4646 3569 4685 verum

1996 4719 2163 4773 etiam
2191 4717 2294 4772 diis
2325 4732 2511 4771 earum
2536 4733 2692 4773 saera
2723 4718 2869 4774 fecit.
2898 4717 3045 4784 Quin
3087 4721 3249 4774 etiam
3286 4731 3444 4777 antea
3475 4727 3574 4777 de—

1995 4811 2157 4880 liquit
2188 4811 2244 4864 in
2276 4809 2411 4879 legis
2440 4810 2641 4876 edicta,
2672 4825 2796 4864 eum
2827 4811 3169 4865 abcneorunt
3202 4814 3363 4867 boum
3395 4813 3571 4868 simu-

1996 4905 2145 4959 lacra
2169 4904 2502 4972 leonumque
2525 4902 2672 4959 circa
2701 4903 2896 4959 solium
2932 4918 3092 4958 suum
3123 4905 3371 4975 lingeret,
3399 4920 3575 4975 quan-

1998 4996 2198 5052 tumvis
2235 4996 2285 5050 ei
2321 4994 2406 5050 bis
2433 4995 2574 5051 Deus
2601 4994 2656 5049 in
2681 5010 2877 5049 somno
2905 4996 3268 5065 apparuisset,
3306 5012 3468 5066 quam
3502 4998 3573 5053 ob

1997 5103 2218 5143 causam
2252 5086 2394 5142 Deus
2422 5086 2655 5141 Aderem
2680 5084 2976 5140 ldumaeum
3004 5086 3267 5141 adversus
3290 5104 3413 5141 cum
3443 5102 3573 5144 ccu-

2000 5180 2208 5237 citavit.
2230 5178 2737 5234 Solomonisautem
2754 5176 2948 5232 solium
2970 5164 3115 5232 istud
3141 5178 3401 5233 eboreum
3430 5188 3573 5244 erat,

1999 5282 2056 5328 et
2099 5270 2300 5343 gradus
2349 5284 2444 5324 sex
2495 5270 2746 5331 habebat,
2781 5268 2835 5322 in
2868 5283 3103 5337 quorum
3142 5269 3409 5339 graduum
3438 5285 3576 5339 quo-

2001 5366 2136 5421 libet
2186 5365 2440 5433 utrinque
2483 5363 2673 5417 leones
2697 5363 2937 5429 stabant,
2972 5370 3026 5416 et
3056 5370 3253 5432 praeter
3288 5362 3386 5416 hos
3421 5362 3576 5419 vituli

2002 5472 2223 5528 quoque
2255 5455 2613 5511 simulacrum
2648 5454 2903 5508 habebat.
2961 5454 3096 5519 Quze
3130 5454 3397 5508 hactenus
3429 5455 3579 5510 indi-

2000 5562 2120 5606 cata
2167 5550 2213 5603 si
2246 5564 2371 5603 vera
2394 5558 2543 5613 sunt,
2579 5546 2741 5617 186
2773 5555 2986 5611 caveto,
3023 5546 3223 5600 dilecte
3256 5546 3352 5611 fili,
3384 5560 3455 5601 ne
3482 5548 3575 5604 cui

2004 5645 2163 5698 Iidem
2205 5642 2408 5699 habeas
2462 5640 2555 5710 qui
2596 5639 2946 5694 Solomoucm
2984 5638 3039 5693 in
3073 5647 3359 5693 senectute
3394 5639 3577 5708 paeni-

3156 5890 3216 5943 l.’
