4212 6448
741 396 847 459 355

2014 390 2430 451 MICHAELIS
2470 391 2729 453 GLYCE

3863 398 3963 458 356

738 513 904 568 tentia
926 512 1145 566 ductum
1177 509 1345 563 fuisse
1377 508 1593 562 dixerit.
1622 504 1759 559 Nam
1785 506 1830 560 si
1855 505 1957 559 hoc
1988 507 2290 571 accidisset,

2402 507 2557 561 τοῦτο
2602 501 2693 575 ἦν,
2742 509 3049 577 προφήταις
3086 509 3150 563 ἂν
3184 510 3362 577 ἁγίοις
3390 510 3709 581 ἐναρίθμιος
3746 506 3836 580 ἦν,
3879 516 3964 565 καὶ

732 606 956 659 omnino
984 604 1125 655 inter
1155 616 1339 654 sacros
1378 610 1527 653 vates
1579 598 1890 660 referretur,
1937 613 2037 652 nec
2083 598 2163 649 vir
2209 598 2294 652 ille

732 696 948 749 divinus
982 692 1218 763 Cyrillus
1241 706 1366 744 eum
1392 690 1459 742 de
1492 698 1674 741 vatum
1708 701 1937 739 numero
1960 686 2293 741 excluderet.

813 786 945 841 Post
980 786 1331 839 Solomonem
1362 780 1675 833 Roboamus
1706 780 1821 847 ejus
1874 778 2015 831 filius
2064 778 2295 847 imperio

734 881 939 947 potitus
962 886 1064 940 est,
1096 890 1206 945 quo
1234 882 1492 944 regnante
1523 870 1754 939 populus
1786 870 1920 922 duas
1949 869 2000 921 in
2027 880 2211 938 partes
2239 884 2296 923 se

734 969 993 1038 disjnnxit
1026 1007 1039 1030 ,
1103 967 1244 1034 quod
1292 958 1600 1018 Roboamus
1644 976 1738 1014 eos
1793 961 2017 1013 nimium
2052 974 2090 1012 'a
2140 959 2297 1013 Solo-

736 1076 897 1113 mone
927 1066 1177 1126 gravatos
1203 1055 1627 1123 servitutisjugo
1641 1062 1873 1106 tractare
1897 1052 2084 1105 mitius
2108 1052 2296 1105 nollet.

733 1154 870 1206 Tum
902 1152 1020 1205 dua:
1062 1159 1268 1205 tantum
1304 1149 1501 1212 tribus,
1534 1147 1793 1199 nimirum
1818 1144 2043 1199 Judaica
2078 1153 2133 1197 et
2157 1143 2299 1197 Beu-

727 1244 962 1312 jaruinea
988 1284 1002 1306 ,
1054 1242 1276 1308 reliqua:
1312 1239 1413 1309 ipsi
1462 1246 1807 1300 manserunt,
1850 1237 2067 1291 caeteris
2111 1235 2297 1290 decem

735 1336 985 1389 tribubus
1015 1332 1317 1388 Jcroboanti
1360 1329 1617 1383 Samaria:
1665 1328 1912 1396 degentis
1978 1326 2210 1393 imperio
2239 1339 2299 1379 se

732 1424 1175 1493 subiicientibus.
1213 1423 1260 1476 ls
1294 1430 1440 1475 metu
1469 1417 1781 1472 Solomonis
1811 1417 1864 1468 in
1888 1414 2123 1485 Algypto
2147 1414 2299 1484 prius

733 1517 965 1576 vixerat,
1021 1527 1208 1567 verum
1262 1526 1327 1564 eo
1388 1511 1553 1563 rebus
1615 1508 1869 1561 humanis
1929 1513 2185 1574 exempto
2238 1517 2299 1558 se

734 1606 1034 1660 Samariam
1063 1602 1386 1656 contulerat.
1425 1600 1717 1668 Subiectus
1756 1598 1901 1651 illius
1932 1610 2096 1664 regno
2128 1610 2300 1664 popu-

2400 601 2497 649 οὐκ
2532 598 2599 650 ἂν
2620 597 2782 651 αὐτὸν
2805 600 2831 649 ὀ
2858 598 3132 661 θειότατος
3175 602 3443 671 Κύριλλος
3473 603 3575 672 τῆς
3612 602 3722 654 τῶν
3751 619 3965 673 προφη-

2398 689 2505 739 τῶν
2530 688 2705 739 ἐποίει
2734 689 2953 756 μερίδος
2982 690 3290 759 ἀλλότριον.

2469 779 2623 830 Μετὰ
2674 779 2731 831 δὲ
2778 781 2948 832 ταῦτα
2995 786 3191 849 κρατεῖ
3228 786 3255 835 6
3300 782 3395 835 τοῦ
3459 784 3806 853 Σολομῶντος
3856 784 3969 845 υίὸς

2408 868 2666 937 Ῥοϐοάμ,
2696 870 2780 937 ἐφ’
2812 864 2875 922 οὗ
2908 873 3001 923 καὶ
3046 873 3383 941 διασχίζεταῆ⁵
3412 876 3439 924 6
3465 873 3614 939 λαὸς,
3645 875 3739 927 ἆτε
3777 876 3853 943 μὴ
3887 875 3969 924 θε-

2400 956 2663 1025 λήσαντος
2680 958 2994 1012 ἀναπαῦσαι
3028 962 3227 1022 αὐτοὺς
3246 961 3654 1031 βεϐαρημένους
3686 963 3786 1031 ήδη
3810 962 3968 1023 ὄντας

2388 1051 2477 1118 ιτῷ
2505 1050 2597 1102 τοῦ
2628 1051 2975 1119 Σολομῶντος
3013 1053 3185 1123 ζυγῷ.
3228 1055 3335 1106 Καὶ
3370 1054 3461 1105 δύο
3491 1055 3594 1123 μὲν
3619 1055 3807 1121 φυλαὶ,
3840 1055 3878 1122 ἦ
3911 1070 3966 1106 τε

2400 1140 2495 1194 τοῦ
2538 1142 2708 1194 Ἰούδα
2736 1144 2829 1195 καὶ
2858 1145 2891 1213 ή
2924 1143 3017 1196 τοῦ
3064 1144 3347 1213 Βενιαμὶν,
3384 1146 3535 1214 αὐτῷ
3575 1147 3964 1213 ὲναπέμειναν,

2400 1233 2457 1285 ai
2492 1232 2549 1285 δὲ
2579 1233 2765 1286 λοιπαὶ
2798 1235 2929 1288 δέκα
2960 1236 3315 1304 ὑπετάγησαν
3346 1237 3423 1305 τῷ
3470 1238 3753 1308 Ἰεροδοάμ
3790 1240 3847 1288 ἐν
3872 1239 3963 1289 Σα-

2403 1323 2609 1394 μαρείᾳ
2638 1325 2900 1392 διάγοντι.
2930 1328 3029 1378 Διά
3060 1329 3166 1395 γάρ
3189 1328 3282 1378 τὸν
3310 1328 3477 1395 φόϐον
3502 1327 3599 1380 ’τοῦ
3630 1327 3968 1396 Σολομῶντος

2401 1414 2459 1464 ὲν
2488 1414 2751 1484 Αἰγύπτῳ
2798 1415 3091 1485 διέτριϐεν,
3140 1418 3352 1469 ἐκείνου
3388 1417 3445 1470 δὲ
3496 1418 3857 1487 παρελθόντος
3890 1422 3968 1479 εἰς

2402 1506 2713 1576 Σαμάρειαν
2765 1508 3006 1579 ἔρχεται.
3049 1511 3158 1562 Καὶ
3193 1512 3220 1562 6
3255 1512 3356 1581 μὲν
3388 1510 3481 1563 ὑπ’
3524 1511 3689 1563 αὑτὸν
3718 1511 3845 1573 λαδς
3876 1514 3969 1563 καὶ

2413 1597 2628 1668 Ἰσραὴλ
2651 1599 2870 1667 ἐλέγετο
2889 1618 2903 1632 ·
2930 1601 3038 1654 ἀπὸ
3068 1602 3177 1672 γὰρ
3204 1602 3301 1656 τοῦ
3345 1601 3588 1673 Ἐφραῖμ.
3611 1602 3729 1656 υίοῦ
3770 1602 3969 1673 Ἰωσήφ

735 1702 819 1754 Ius
872 1694 1109 1751 lsraelici
1160 1700 1214 1748 ct
1266 1691 1537 1761 Epltra‘ltti
1594 1688 2007 1758 appellationem
2068 1686 2293 1741 habebat

2400 1687 2430 1738 6
2465 1688 2747 1758 Ἰεροὸεὰμ
2784 1692 3082 1759 κατήγετο.
3115 1692 3320 1745 Τοῦτον
3343 1693 3401 1745 δὲ
3428 1694 3518 1746 τδν
3546 1694 3677 1747 λαὸν
3706 1695 3968 1764 ᾐχμαλώ-

734 1796 1025 1859 propterea
1080 1783 1224 1853 quod
1256 1783 1325 1835 ab
1368 1779 1652 1849 Ephrmmo
1682 1776 1905 1845 Josephi
1939 1775 2047 1829 lilio
2084 1776 2293 1844 generis

2402 1793 2596 1831 τευσεν
2626 1780 2654 1831 6
2680 1778 2786 1850 πρὸ
2831 1779 2925 1833 τοῦ
2954 1782 3331 1854 Σενναχηρεὶμ
3357 1783 3576 1852 κρατῶν
3626 1785 3735 1839 τῶν
3770 1784 3966 1837 ’Δσσυ-

728 1848 995 1946 uriginem
1024 1848 1386 1927 Jeroboatnus
1420 1848 1684 1922 traheret.
1738 1867 1876 1919 Eum
1911 1867 2169 1936 populum
2198 1866 2293 1920 Sa.

2405 1871 2535 1938 ρίων
2566 1848 2951 1944 Σαλμανασάρ,
2990 1876 3048 1928 ὲν
3324 1848 3420 1929 καί
3445 1877 3491 1928 6'
3510 1876 3721 1939 δίκαιος
3747 1876 3965 1945 Τωδήτ.

727 1968 1065 2022 lamanassar
1089 1978 1185 2017 rex
1206 1958 1678 2031 Assyriorum,qui
1703 1961 1947 2028 proxime
1972 1957 2297 2013 Senacheri-

724 2063 856 2116 hum
899 2056 1215 2120 antecessit,
1247 2056 1300 2109 in
1331 2052 1708 2123 captivitatem
1736 2052 2001 2117 abduxit;
2056 2066 2292 2120 quorum

725 2153 783 2205 in
814 2163 1044 2204 numero
1078 2146 1181 2200 fuit
1222 2146 1405 2215 justus
1454 2145 1543 2199 ille
1581 2133 1841 2197 Tobasus.
1920 2140 2110 2213 Magna
2162 2156 2295 2196 vero

727 2257 854 2312 pars
882 2240 1096 2295 illorum
1125 2255 1153 2295 a
1189 2237 1561 2293 Senacberibo
1597 2244 1681 2292 est
1709 2235 2015 2299 interfecta,
2047 2248 2171 2289 cum
2203 2232 2294 2289 ille

724 2334 988 2404 singulari
1029 2347 1155 2387 cum
1203 2329 1507 2401 ignominia
1560 2327 1953 2398 Hierosolymis
1983 2334 2290 2381 revertere-

2414 1963 2538 2031 ’Δφ“
2566 1957 2641 2018 ὧν
2671 1966 2900 2029 πολλοὺς
2926 1967 3087 2036 ἔργον
3116 1967 3279 2035 φόνου
3309 1970 3609 2038 πεποίηκεν
3634 1969 3661 2020 ὀ
3703 1968 3969 2038 Σενναχη-

2403 2054 2550 2125 ρεὶμ,
2570 2055 2658 2108 ὅτε
2692 2056 2812 2125 μετ’
2841 2057 3102 2127 αἰσχύνης
3131 2058 3190 2123 ἐξ
3226 2060 3583 2129 Ἰερουσαλὴμ.
3610 2059 3963 2127 ὑποστρέφει,
4020 2100 4021 2103 η

2400 2144 2449 2196 εί
2479 2145 2573 2197 καὶ
2598 2145 2659 2198 τὸ
2684 2147 2837 2209 τέλος
2866 2148 2967 2200 οὐκ
2992 2149 3073 2210 είς
3100 2149 3267 2200 καλὸν
3293 2147 3475 2218 ἀπέϐη
3509 2149 3655 2218 αύτῷ
3676 2164 3691 2178 ·
3714 2150 3807 2210 τίς
3858 2148 3968 2218 γὰρ

2399 2236 2492 2290 τὸν
2533 2236 2666 2291 Θεὸν
2697 2238 3103 2311 βλασφημήσας
3150 2240 3255 2293 ὑπὸ
3280 2241 3392 2294 τῶν
3432 2241 3580 2297 ίδίων
3610 2243 3815 2296 τέκνων
3839 2244 3969 2313 ἀνῄ-

2402 2344 2536 2399 ρητο
2561 2328 2659 2399 τὴν
2690 2330 2859 2402 ζωήν.

725 2440 838 2489 tur,
880 2425 1100 2481 tandem
1130 2432 1185 2479 et
1220 2423 1337 2493 ipse
1358 2422 1499 2477 tristi
1528 2420 1636 2475 line
1700 2420 1867 2475 vitam
1900 2418 2179 2474 claudens.
2218 2418 2354 2485 Quia
2392 2419 2536 2476 enim
2568 2424 2975 2481 contumeliosis
3006 2426 3064 2482 in
3122 2426 3293 2484 Deum
3324 2427 3505 2484 verbis
3548 2442 3680 2486 usus
3708 2428 3905 2496 fuerat,
3935 2442 3965 2483 a

724 2521 962 2593 pr0priis
989 2518 1114 2573 filiis
1143 2518 1251 2572 vita
1270 2515 1543 2586 spoliatus
1568 2524 1673 2569 est.

792 2615 1154 2671 Jeroboamus
1178 2622 1383 2674 autem,
1416 2624 1487 2664 ne
1520 2624 1746 2679 regnum
1778 2609 2061 2675 amitteret
2092 2609 2295 2681 populo

638 2722 644 2729 '
726 2707 1156 2778 Hierosolymam
1182 2702 1567 2774 proficiscente
1591 2700 1701 2754 fani
1724 2702 1921 2772 gratia,
1949 2701 2159 2770 primus
2191 2701 2296 2755 im-

723 2801 946 2872 pietatis
981 2796 1269 2868 cujusdam
1306 2802 1499 2847 auctor
1532 2792 1765 2858 e'xstitit,
1796 2792 2169 2862 juveneasque
2197 2806 2296 2844 au-

722 2907 846 2947 reas
884 2890 1102 2945 duobus
1150 2888 1204 2939 in
1256 2884 1390 2940 locis
1419 2882 1726 2938 constituit.
1783 2882 1902 2946 Quo
1935 2881 2076 2935 facto
2112 2879 2297 2936 Joelus

724 2992 877 3037 vates
911 2990 963 3036 et
1000 2979 1167 3033 homo
1198 2976 1425 3030 divinus
1463 2989 1495 3029 e
1526 2972 1712 3028 Judaza
1739 2972 2020 3027 Betbelem
2071 2988 2131 3028 se
2158 2988 2294 3028 eon-

722 3076 854 3139 fert,
884 3074 1059 3142 deque
1100 3069 1356 3125 mandato
1390 3066 1485 3122 Dei
1516 3066 1699 3121 verbis
1728 3064 2044 3135 huiusmodi
2083 3065 2292 3135 utitur:

725 3165 801 3221 «Ο
834 3181 945 3229 ara,
983 3180 1100 3229 ara,
1150 3178 1219 3220 eu
1275 3161 1494 3216 Datidis
1528 3175 1559 3214 e
1606 3158 1808 3213 familia
1844 3157 2067 3227 quidam
2095 3172 2293 3213 nasce-

723 3269 830 3324 tur,
862 3257 950 3311 cui
990 3271 1191 3311 nomen
1224 3256 1332 3310 erit
1370 3253 1571 3309 Josias.
1628 3251 1679 3307 Is
1706 3266 1870 3321 super
1900 3258 1952 3305 te
1983 3250 2294 3307 sacerdotes

721 3348 1059 3402 cxcelsorum
1110 3343 1371 3399 mactabit
1396 3351 1450 3398 ct
1479 3357 1600 3400 ossa
1634 3343 1873 3396 humana
1905 3341 1959 3395 in
1988 3350 2040 3395 te
2066 3342 2293 3396 combu-

723 3440 923 3493 ret".t
984 3437 1117 3503 Quae
1147 3437 1312 3492 verba
1343 3451 1468 3490 cum
1496 3433 1935 3504 pronuntiasset,
1970 3434 2133 3487 etiam
2172 3447 2288 3486 ma-

2481 2611 2541 2664 '0
2575 2606 2879 2684 Ἶεροδοάμ,
2904 2612 2994 2667 ἵνα
3036 2615 3125 2686 μὴ
3168 2616 3534 2687 ἀποσχίζηται
3565 2618 3593 2670 6
3619 2617 3747 2680 λαὸς
3794 2617 3969 2673 θέλων

2398 2704 2478 2767 είς
2519 2706 2868 2778 Ἱεροσόλυμα
2915 2708 3172 2781 ἔρχεσθαι
3211 2710 3300 2764 διὰ
3350 2712 3440 2764 τὸν
3491 2712 3638 2777 ναὸν,
3689 2713 3790 2781 τῆς
3836 2714 3967 2764 ἀσε-

2398 2794 2549 2856 6είας
2576 2800 2910 2868 κατάρχεται
2954 2801 3170 2868 πρῶτος
3206 2802 3300 2856 καὶ
3342 2803 3440 2865 τὰς
3468 2805 3676 2873 χρυσᾶς
3705 2803 3967 2871 δαμάλεις

2401 2884 2604 2955 ἵστησι.
2638 2888 2951 2958 Τηνικαῦτα
2986 2892 3080 2944 καὶ
3110 2894 3137 2945 ὀ
3165 2894 3453 2963 προφήτης
3495 2891 3668 2963 Ἰωὴλ,
3702 2894 3731 2945 6
3759 2894 3854 2947 καὶ
3877 2894 3965 2946 ἄν·

2398 2977 2613 3047 θρωπος
2644 2980 2739 3032 τοῦ
2775 2981 2933 3048 Θεοῦ,
2966 2982 3025 3047 ἐξ
3058 2983 3230 3038 Ἰούδα
3266 2985 3602 3053 παρεγένετο
3639 2986 3719 3047 εἰς
3762 2985 3966 3053 Βαιθὴλ

2395 3069 2452 3123 ὲν
2470 3068 2611 3138 λόγῳ
2640 3071 2868 3141 Κυρίου,
2892 3072 2985 3125 καὶ
3013 3070 3155 3125 εἷπε⁸
3195 3072 3643 3145 (Θυσιαστήριον,
3675 3073 3970 3143 θυσιαστή-

2397 3176 2533 3229 ριον,
2578 3160 2686 3213 ἰδοὺ
2736 3163 2983 3217 τίκτεται
3012 3163 3090 3234 τῷ
3118 3164 3253 3234 οῖκῳ
3299 3164 3484 3229 Δαδὶδ,
3527 3166 3743 3228 Ἰωσίας
3794 3164 3964 3233 δνομα

2392 3251 2565 3321 αὐτῷ,
2600 3254 2695 3307 καὶ
2716 3254 2868 3333 θύσει
2898 3256 2989 3307 ἐπὶ
3037 3257 3096 3309 σὲ
3117 3256 3246 3319 τοὺς
3270 3258 3437 3327 ἱερεῖς
3463 3257 3572 3310 τῶν
3598 3258 3841 3328 ὑψηλῶν,
3876 3259 3966 3311 καὶ

2394 3347 2528 3400 ὀστᾶ
2560 3338 2885 3419 ἀνθριὲνιτωνΙ
2921 3350 3013 3401 ἐπὶ
3067 3352 3127 3402 σὲ
3174 3352 3535 3407 κατακαύσει.
3576 3370 3595 3403 ι
3666 3352 3803 3405 Τότε
3866 3353 3961 3421 δὴ,

2391 3437 2515 3490 τότε
2566 3439 2657 3491 καὶ
2719 3440 2820 3507 τὴν
2879 3442 3037 3511 χεῖρα
3104 3441 3201 3494 τοῦ
3272 3442 3552 3513 Ἰεροθοὰμ
3604 3442 3964 3513 ξηρανθεῖσαι)

721 3546 855 3585 num
885 3528 1215 3594 .Ieroboami,
1246 3544 1366 3597 qua:
1406 3536 1697 3597 propterea
1741 3540 1967 3596 prorsus
2013 3539 2291 3581 emarcue-

2391 3527 2478 3580 διὰ
2506 3528 2564 3582 τὸ
2596 3530 2882 3603 κινηθῆναι
2916 3533 3059 3585 κατὰ
3096 3535 3190 3586 τοῦ
3245 3538 3527 3605 προφήτου
3560 3536 3722 3598 αὐτὸς
3756 3538 3786 3589 6
3835 3553 3966 3605 προσ

724 3628 829 3684 rat,
867 3620 994 3689 quia
1027 3619 1339 3673 sustulisset
1377 3618 1524 3672 illam
1553 3617 1820 3671 adversus
1866 3625 2042 3671 vatem
2067 3658 2082 3679 ,
2140 3624 2291 3671 vates

722 3711 841 3779 ipse
877 3712 1109 3765 sanavit.
1165 3708 1299 3762 Tum
1346 3717 1494 3763 vates
1523 3707 1745 3778 quidam
1780 3707 1945 3773 alius,
1971 3706 2065 3777 qui
2118 3705 2184 3761 iis
2233 3706 2289 3759 in

720 3802 855 3859 locis
892 3802 1146 3871 degeret,
1196 3800 1470 3855 hominem
1526 3800 1678 3853 illum
1727 3798 1972 3854 divinum
2026 3808 2293 3870 urgetut

718 3910 902 3949 secum
935 3903 1266 3959 vesceretnr,
1296 3906 1604 3961 quanquam
1628 3890 1778 3946 Joelo
1811 3890 2120 3945 mandasset
2151 3891 2291 3946 D'ens

720 3986 1073 4043 utDethclem
1113 3985 1572 4055 proficisceretur,
1601 3999 1708 4037 non
1744 3993 1921 4036 tamen
1948 3982 2022 4036 ibi
2051 3982 2134 4036 vel
2167 3981 2291 4036 cibo

720 4081 804 4135 vel
841 4089 971 4150 potu
1006 4089 1226 4146 sumpto
1256 4083 1645 4148 reverteretur.
1710 4074 1897 4143 itaque
1921 4088 2050 4127 cum
2086 4088 2291 4129 mensa:

717 4172 1045 4235 assiderent,
1099 4169 1240 4223 Deus
1272 4166 1429 4222 alteri
1503 4168 1605 4222 vati
1639 4165 1899 4236 praecepit
1938 4173 1997 4219 ut
2042 4164 2287 4218 divinum

714 4263 992 4317 hominem
1044 4260 1256 4316 Joelum
1307 4260 1489 4314 verbis
1538 4254 1847 4323 hujusmodi
1896 4253 2284 4324 compellaret:

724 4351 1207 4422 «Quandoquidem
1239 4350 1294 4404 in
1321 4349 1599 4420 oppidum.
1640 4358 1692 4403 te
1732 4345 2038 4411 contulisti,
2086 4355 2142 4401 et
2167 4345 2289 4401 cibo

718 4454 956 4514 potuque
986 4452 1038 4498 te
1066 4442 1329 4497 recreasti
1376 4442 1479 4495 hoc
1526 4440 1582 4493 in
1624 4438 1763 4501 loco,
1790 4452 1987 4506 corpus
2016 4448 2165 4493 tuum
2199 4453 2289 4493 se-

717 4537 904 4609 pulcro
956 4536 1225 4606 majorum
1284 4542 1500 4587 tuorum
1560 4546 1669 4585 non
1728 4529 2049 4583 inferetur.»
2102 4531 2288 4600 Itaque

714 4626 975 4696 deinceps
1004 4624 1206 4679 factum
1240 4632 1323 4677 est
1354 4632 1412 4676 ut
1442 4621 1510 4675 ad
1542 4636 1671 4675 suos
1700 4628 1979 4675 revertens
2007 4622 2063 4674 in
2092 4622 2288 4677 itinere

714 4731 744 4770 a
765 4716 920 4770 leone
942 4714 1324 4784 perimeretur,
1355 4726 1417 4765 ac
1438 4707 1709 4763 interfecit
1731 4709 1822 4763 ille
1842 4709 2061 4778 quidem
2086 4719 2284 4777 vatem,

714 4783 809 4862 sed
839 4806 1067 4861 ulterius
1096 4803 1351 4875 progredi
1387 4815 1496 4855 non
1520 4809 1605 4855 est
1632 4814 1815 4854 ausus.
1849 4799 2060 4871 Quippe
2090 4816 2288 4871 corpus

2394 3617 2572 3687 φήτης
2616 3606 2826 3676 ίάσάτο.
2858 3618 3147 3690 Προφήτης
3174 3621 3231 3674 δέ
3255 3638 3337 3684 τις
3370 3621 3447 3674 ὣν
3489 3624 3671 3676 ἐκεῖσε
3705 3623 3963 3678 ἐϐιάσατο

2393 3709 2482 3762 τὸν
2535 3710 2826 3780 ἄνθρωπον
2876 3712 2969 3766 τοῦ
2998 3712 3134 3766 Θεοῦ
3186 3716 3384 3783 φαγεῖν
3426 3715 3591 3785 ἄρτον
3628 3717 3747 3785 μετ⁹
3774 3718 3962 3783 αὐτοῦ,

2394 3801 2686 3855 καὶταῦτα
2719 3802 2813 3855 τοῦ
2849 3804 2984 3858 Θεοῦ
3011 3804 3151 3875 πρὸς
3186 3805 3350 3859 αὑτὸν
3401 3808 3651 3871 εἰπόντος
3702 3808 3963 3863 ἀπελθεῖν

2396 3893 2495 3962 μὲν
2525 3896 2604 3957 εἰς
2628 3894 2850 3966 Βαιθήλ,
2886 3896 2978 3949 καὶ
3009 3899 3144 3967 μήτε
3173 3899 3338 3969 ἄρτον
3370 3900 3615 3968 φαγόντα
3645 3903 3788 3971 μήτε
3820 3902 3962 3972 ὕδωρ

2392 3986 2583 4038 πιόντα
2619 3987 2983 4057 ὑποστρέψαι.
3018 3990 3132 4057 Ἐφ’
3248 3991 3341 4044 καὶ
3362 3991 3688 4061 καθημένων
3708 3993 3804 4046 ἐπὶ
3831 4011 3963 4064 τρα-

2393 4077 2564 4147 πέζης
2591 4077 2744 4145 λόγος
2767 4080 2970 4149 Κυρίου
3005 4082 3219 4149 ἐγένετο
3249 4084 3384 4152 πρὸς
3403 4084 3492 4135 τὸν
3522 4086 3963 4155 προφήτηνὲκεῖ-

2391 4185 2501 4234 νον,
2536 4170 2622 4221 ἵνα
2651 4170 2779 4241 εἴπῃ
2798 4171 2932 4241 πρὸς
2950 4172 3038 4225 τὸν
3066 4173 3354 4243 ἄνθρωπον
3378 4175 3471 4227 τοῦ
3493 4175 3652 4228 Θεοῦ·
3688 4176 3866 4228 ι’Δνθ’
3892 4171 3963 4232 ὧν

2391 4255 2731 4326 ἐπέστρεψας
2766 4260 2857 4309 καὶ
2887 4257 3085 4326 ἔφαγες
3120 4262 3283 4330 ἄρτον
3312 4264 3405 4314 καὶ
3433 4265 3583 4326 ἔπιες
3621 4263 3770 4331 ὕδωρ
3805 4266 3865 4317 ἐν
3891 4264 3963 4333 τῷ

2389 4347 2543 4417 τόπῳ
2575 4348 2834 4418 τούτφ,οὑ
2854 4349 2929 4420 μὴ
2950 4352 3170 4422 εἰσέλθῃ
3187 4354 3244 4404 τὸ
3270 4352 3431 4422 σῶμά
3448 4371 3542 4406 σου
3571 4356 3651 4417 εἰς
3678 4356 3774 4407 τὸν
3794 4356 3963 4425 τάφον
3997 4349 4007 4360 ’

2389 4439 2500 4492 τῶν
2535 4440 2783 4508 πατέρων
2850 4458 2967 4494 σου.
3002 4460 3022 4493 ι
3069 4442 3184 4510 Ἐφ’
3214 4440 3258 4509 ᾧ
3319 4445 3412 4497 καὶ
3464 4446 3828 4516 ὑποστρέφων
3864 4448 3966 4501 ὑπὸ
4046 4448 4049 4451 ’

2390 4533 2601 4595 λέοντος
2631 4533 2772 4585 κατὰ
2801 4532 2897 4603 τὴν
2931 4533 3048 4587 ὁδὸν
3094 4533 3439 4589 θανατοῦται.
3488 4537 3599 4589 Καὶ
3666 4540 3695 4589 6
3729 4538 3833 4607 μὲν
3866 4539 3963 4609 θὴρ

2390 4624 2654 4690 ἀπέπνιξε
2670 4625 2830 4693 μόνον
2851 4625 3034 4691 αὐτὸν,
3055 4626 3148 4677 ἐπὶ
3165 4626 3325 4679 πλέον
3342 4626 3398 4678 δὲ
3421 4628 3675 4698 ,χωρῆσαι
3695 4629 3800 4681 οὐκ
3818 4630 3965 4682 ἐτόλ-

2391 4731 2563 4785 μησε·
2595 4715 2655 4769 τὸ
2678 4716 2783 4785 γὰρ
2819 4714 2977 4784 σῶμα
3000 4714 3095 4767 τοῦ
3124 4716 3407 4785 προφήτου
3440 4714 3596 4778 δίκας
3633 4716 3965 4787 εἰσπραχθὲν

2388 4804 2475 4857 διὰ
2528 4804 2627 4873 τὴν
2655 4807 2966 4875 παρακοήν,
3016 4804 3186 4874 αὐτὴν
3231 4804 3434 4875 δηλαδὴ
3482 4806 3581 4876 τὴν
3628 4809 3964 4877 πνιγμονὴν,

713 4903 853 4957 vatis
901 4899 1181 4971 supplicio
1235 4902 1459 4967 propter
1522 4892 1950 4948 inobedientiam
2007 4891 2282 4960 allectum,

2391 4893 2683 4963 ἐδικαιώθη
2712 4895 2919 4961 ἔκτοτε,
2949 4896 3041 4949 καὶ
3084 4896 3269 4949 οὐκέτι
3318 4896 3452 4967 βορὰ
3478 4896 3557 4966 τῷ
3580 4897 3763 4951 λέοντι
3802 4898 3968 4968 προῦ-

713 4998 857 5064 quod
888 4993 1215 5063 supplicium
1246 4998 1366 5043 erat
1400 4988 1517 5056 ipsa
1550 4985 1798 5051 necatio,
1832 4984 1995 5064 187
2027 4984 2287 5060 deinceps

716 5060 971 5140 immune
998 5060 1239 5146 factum,
1298 5094 1329 5135 a
1387 5078 1545 5132 leone
1595 5060 1844 5130 devorari
1898 5090 2006 5130 non
2052 5085 2283 5145 poterat.

712 5178 982 5232 Cieterum
1040 5182 1221 5228 vatem
1293 5170 1441 5224 hunc
1494 5168 1729 5221 alterum
1786 5164 2057 5234 Josephus
2123 5165 2290 5219 tradit

711 5270 885 5325 fuisse
911 5267 1099 5328 talem,
1155 5263 1249 5333 qui
1300 5260 1439 5316 falso
1489 5271 1689 5312 nomen
1735 5256 1837 5312 hoc
1870 5257 2197 5310 mentiretur
2234 5264 2290 5312 et

712 5361 995 5432 improbus
1024 5365 1173 5412 esset
1201 5368 1265 5408 ac
1299 5349 1610 5407 Jeroboami
1644 5349 1786 5418 regis
1835 5349 2122 5418 impostor.
2178 5348 2287 5405 Ve-

712 5471 834 5509 rum
865 5449 1250 5507 Theodoretns
1288 5460 1414 5501 eum
1448 5445 1500 5497 in
1521 5456 1778 5498 verorum
1798 5449 1979 5494 ratum
2000 5455 2287 5494 numerum

711 5546 900 5611 refert,
933 5551 1098 5611 atque
1153 5539 1205 5593 id
1262 5550 1321 5592 ut
1359 5537 1578 5607 probet,
1637 5533 1963 5588 Litterarum
2012 5548 2287 5587 sacrarum

712 5636 1094 5693 auctoritatem
1124 5631 1337 5700 allegat,
1371 5630 1426 5682 in
1455 5627 1650 5697 quibus
1683 5625 1959 5682 memoriae
2007 5624 2283 5694 proditum

785 5818 828 5848 ’⁷
864 5814 929 5870 lll
965 5812 1098 5884 Reg.
1136 5826 1255 5876 xm,
1292 5808 1346 5860 ‘2.

2390 5003 2559 5040 κειτο.
2586 4986 2697 5039 Καὶ
2722 4987 2814 5039 τὸν
2836 4986 2936 5055 μὲν
2960 4989 3249 5057 προφήτην
3275 4988 3485 5041 ἐκεῖνον
3506 4987 3969 5062 ψευδοπροφήτην

2392 5073 2532 5132 εἶναι
2564 5076 2712 5146 λέγει
2744 5078 2837 5131 καὶ
2885 5079 3122 5149 πονηρὸν
3171 5078 3264 5130 καὶ
3321 5078 3619 5133 ἀπατεῶνα
3650 5080 3749 5134 τοῦ
3810 5083 3971 5151 Ἰερο-

2391 5167 2536 5236 6οὰμ
2569 5170 2596 5220 6
2641 5167 2925 5236 Ἰώσηπος.
2972 5169 3029 5220 '0
3059 5168 3114 5221 δὲ
3143 5168 3489 5238 Θεοδὼρητος
3524 5169 3705 5240 ἀληθῆ
3750 5176 3969 5243 προφή.

2390 5276 2491 5327 την
2514 5259 2607 5311 τὸν
2638 5257 2884 5312 τοιοῦτον
2909 5254 3048 5312 εἶναι
3080 5260 3252 5327 λέγει,
3285 5264 3554 5330 παράγων
3574 5262 3672 5313 καὶ
3698 5263 3803 5332 τήν
3834 5264 3876 5314 Γ
3881 5280 3970 5333 ρα-

2392 5350 2497 5421 φὴν
2529 5349 2669 5404 οὕτω
2698 5352 2980 5419 λέγουσαν·
3010 5370 3029 5403 ι
3053 5350 3296 5422 Διεσὼοη
3319 5351 3387 5405 τὰ
3411 5352 3545 5406 ὀστᾶ
3558 5352 3654 5406 τοῦ
3681 5357 3967 5423 προφήτου

2390 5438 2483 5491 τοῦ
2538 5437 2845 5510 πρεσϐύτου
2898 5438 2992 5490 τοῦ
3032 5437 3412 5500 κατοικοῦντος
3453 5441 3513 5491 ὲν
3557 5439 3767 5510 Βαιθὴλ
3832 5441 3969 5506 μετά

2389 5530 2500 5583 τῶν
2531 5529 2705 5581 ὀστῶν
2752 5526 2848 5580 τοῦ
2881 5527 3171 5597 ἀνθρώπου
3201 5529 3295 5583 τοῦ
3339 5528 3476 5583 Θεοῦ
3508 5527 3605 5582 τοῦ
3641 5528 3882 5598 ἥκοντος
3909 5530 3967 5594 ἐξ

2404 5617 2576 5675 Ἰούδα
2621 5619 2714 5674 καὶ
2759 5617 3113 5687 λελαληκότος
3146 5625 3323 5694 πάντα
3376 5621 3442 5674 τὰ
3472 5620 3607 5691 ἔργα
3642 5619 3679 5674 ἀ
3706 5618 3968 5689 εποίησεν
