4212 6448
280 369 377 431 361

1532 374 1935 436 ANNALIUM
1974 377 2168 437 PARS
2206 376 2286 436 Il.

3411 377 3515 439 362

281 486 416 539 Θεοῦ
442 485 645 539 καὶτὸν
676 487 927 541 διάϐολον
964 488 1021 540 ἐν
1044 488 1196 558 μέσῳ
1228 489 1426 555 αὐτῶν,
1453 491 1547 543 καὶ
1575 491 1717 545 οὕτω
1745 492 1856 545 δια-

1963 494 2035 548 ibi
2094 492 2321 563 pereat?
2406 492 2542 545 Tum
2595 506 2653 548 se
2695 492 2921 563 spiritus
2968 491 3188 563 quidam
3239 492 3531 561 proripuit,

279 576 537 646 λεχθῆναι
589 578 725 648 πρὸς
776 580 869 631 τὸν
908 579 1134 649 Κύριον,
1199 582 1649 650 προσωποποιίαν
1712 578 1853 635 εἷναί

278 684 445 738 φησιν
470 670 499 721 ό
529 668 670 732 θεῖος
708 670 1114 740 Χρυσόστομος.
1166 672 1271 740 Τὸν
1306 671 1489 739 μέντοι
1537 672 1681 725 Βάαλ
1732 673 1855 726 θεὸν

278 756 420 814 εἶναι
449 762 598 832 λέγει
654 764 870 834 Τυρίων
922 767 950 817 ὁ
980 765 1269 836 Ἰώσηπος,
1302 766 1398 838 τὴν
1444 766 1502 821 δὲ
1547 767 1856 838 Ἀστάρτην

280 854 571 924 Σιδωνίων,
601 857 829 927 Βααλὴμ
863 857 917 910 δὲ
943 857 1034 910 τὸν
1059 858 1153 911 τοῦ
1182 860 1330 913 Βάαλ
1364 860 1553 930 σηκόν.
1593 861 1702 913 Καὶ
1726 861 1857 929 περὶ⁸

282 946 384 1015 μὲν
402 946 607 1001 τούτων
638 947 834 1012 οὕτως.
878 948 942 1003 '0
973 948 1316 1017 δὲ’ἰωσαφὰτ
1347 953 1438 1005 καὶ
1458 953 1743 1021 προφήτην
1760 950 1856 1020 ζη-

278 1037 455 1106 τήσας
484 1040 577 1093 καὶ
595 1041 821 1096 τοιαῦτα
846 1043 1033 1113 μαθὼν
1063 1044 1215 1114 ὅμως
1246 1046 1557 1116 συναπῆρεν
1585 1048 1664 1108 είς
1700 1047 1859 1099 πόλε-

282 1143 385 1195 μον
426 1132 565 1198 μετὰ
596 1130 691 1185 τοῦ
719 1132 965 1202 ’Λχαάΰο
1022 1134 1161 1206 πλὴν
1216 1136 1305 1189 διὰ
1351 1135 1450 1206 τὴν
1482 1136 1653 1205 ἄλλην
1688 1137 1855 1191 αὐτοῦ

276 1219 501 1288 ἀρετήν,
546 1220 623 1283 ὡς
659 1220 865 1275 άνωῗεν
893 1225 1131 1294 εἴρηται,
1180 1225 1537 1297 διεφυλάχοη.
1578 1228 1639 1279 ’0
1667 1227 1855 1296 μέντοι

277 1311 521 1380 Μιχαίας
550 1313 765 1385 φυλακῇ
803 1314 1106 1384 ἐμϐληθεὶς
1148 1316 1299 1387 παρὰ
1329 1317 1424 1370 τοῦ
1460 1318 1668 1387 Ἀχαὰὸ
1701 1318 1857 1387 ἔλεγε

284 1402 448 1470 μετά,
486 1404 805 1475 παρρησίας
832 1423 851 1457 ε
892 1406 1019 1459 Ἐὰν
1067 1409 1408 1478 ἐπιστρέφων
1439 1408 1774 1479 ἐπιστρέψῃς
1801 1412 1859 1463 ἐν

276 1494 499 1565 εἰρήνῃ,
528 1497 590 1550 οὐ
620 1497 919 1567 λελάληκεν
947 1500 1005 1552 ἐν
1034 1500 1167 1569 ήμῖν
1200 1500 1229 1552 ό
1251 1500 1476 1571 Κύριος.
1507 1518 1527 1553 ι
1561 1502 1730 1554 Ἀλλά
1762 1500 1859 1555 καὶ

276 1585 309 1653 ή
346 1586 440 1638 ἐπὶ
466 1586 561 1639 τοῦ
606 1589 818 1659 ’Δχαάσ
872 1590 962 1643 διὰ
1019 1590 1115 1643 τοῦ
1144 1590 1330 1644 Ἡλίου
1390 1589 1510 1644 θεία
1547 1593 1857 1663 πρόρρησις

276 1679 455 1747 πέρας
503 1678 651 1748 ἔσχε.
698 1680 943 1750 Τρωθεὶς
991 1681 1086 1734 ἐπὶ
1119 1681 1255 1736 πολῦ
1296 1682 1373 1752 τῷ
1408 1682 1616 1754 ἄρματι
1646 1685 1859 1747 ἵστατο,

275 1768 366 1822 ἵνα
402 1770 477 1839 μὴ
507 1772 719 1843 τροπὴν
768 1771 1076 1845 ἐργάσηται
1107 1777 1173 1845 τῇ
1208 1778 1377 1845 φυγῇ.
1403 1776 1477 1828 Τὸ
1516 1774 1574 1828 δὲ
1602 1771 1740 1845 αἷμα
1768 1792 1862 1844 φε-

1961 593 2017 639 ct
2049 599 2230 638 coram
2268 584 2497 637 Domino
2533 599 2591 638 se
2622 584 2826 638 sistens
2859 584 2911 637 in
2946 585 3091 639 hunc
3126 585 3345 638 modum
3380 586 3533 640 locu-

1963 683 2050 730 tus
2079 684 2189 731 est:
2253 676 2392 745 «Ego
2440 692 2569 731 vero
2619 677 2892 730 hominem
2926 676 3247 746 decipiam.»
3298 678 3395 732 Cui
3429 678 3532 733 Do-

1963 768 2178 822 minus:
2231 769 2326 822 alit
2365 784 2472 837 quo
2504 768 2719 822 tandem
2750 776 2908 837 pacto
2929 768 2978 820 ξ’»
3040 768 3267 831 «Abibo,
3337 768 3535 838 inquit,

1961 869 2018 914 et
2065 874 2160 915 ero
2209 860 2437 929 spiritus
2505 862 2731 914 mendax
2779 861 2832 914 in
2880 875 2975 916 ore
3004 871 3321 916 eunetormn
3350 872 3535 915 vatum

1962 951 2117 1021 ejus;
2150 967 2322 1020 coque
2351 953 2512 1007 modo
2543 952 2717 1019 ipsum
2763 952 2966 1006 fallam.
2996 970 3013 1003 ι
3049 952 3187 1005 Tum
3242 952 3534 1008 Dominus:

1969 1044 2100 1098 «Abi
2128 1060 2278 1112 ergo.
2300 1045 2396 1110 ait,
2418 1046 2673 1113 quodque
2696 1044 2902 1107 dixisti,
2935 1044 3152 1098 facito.»
3190 1043 3331 1098 Sunt
3352 1055 3537 1099 autem

1965 1135 2080 1190 lucc
2123 1134 2327 1200 omnia,
2380 1136 2840 1205 quemadmodum
2869 1135 3247 1191 Theodoretus
3297 1136 3537 1205 scripsit,

1963 1240 2128 1280 merae
2180 1240 2540 1295 personarum
2588 1226 2856 1293 fictiones,
2888 1242 3009 1295 qua:
3062 1243 3162 1283 nos
3206 1228 3275 1282 de
3306 1227 3541 1295 pennis-

1965 1320 2122 1375 sione
2153 1320 2335 1374 divina
2359 1319 2641 1374 erudiunt.
2698 1318 2900 1373 Eodem
2926 1318 3085 1372 modo
3108 1334 3234 1373 cum
3264 1318 3322 1372 in
3353 1333 3542 1371 narra-

1965 1413 2114 1467 tione
2142 1410 2210 1465 de
2256 1410 2395 1466 Jobo
2435 1410 2653 1465 Littera:
2683 1424 2852 1467 sacra:
2898 1409 3145 1464 referunt
3195 1411 3416 1481 angelos
3444 1426 3541 1465 co-

1966 1517 2083 1556 ram
2118 1500 2348 1556 Domino
2396 1502 2655 1566 astitissc,
2704 1517 2769 1556 ac
2810 1503 2953 1556 inter
2979 1516 3076 1557 cos
3107 1501 3285 1572 ipsum
3321 1514 3548 1570 quoque

1965 1592 2265 1658 diabolum,
2318 1594 2411 1663 qui
2472 1592 2639 1652 Deum
2692 1592 3129 1663 compellaverit,
3176 1592 3398 1647 divinus
3450 1593 3565 1645 ille

1965 1684 2387 1753 Chrysostomus
2466 1698 2827 1753 personarum
2918 1683 3191 1738 fictionem
3269 1677 3541 1753 agn'ose‘it.

1966 1775 2237 1830 Ca’tcrum
2305 1775 2434 1830 Baal
2486 1774 2725 1845 Josepho
2801 1775 2939 1832 deus
3011 1783 3096 1830 est
3164 1774 3539 1844 A;syrioruni,

273 1862 513 1932 ρόμενον
565 1865 810 1936 ἐνεπάγη
865 1866 944 1938 τῷ
976 1866 1207 1938 ἅρματε.
1240 1868 1414 1921 Τοῦτο
1445 1868 1598 1938 παρὰ
1628 1869 1810 1939 κρήνῃ
1833 1870 1858 1921 ὁ

1967 1868 2188 1923 Astarte
2236 1883 2369 1923 vero
2423 1867 2791 1930 S'doniorum,
2837 1868 3043 1922 Baalim
3097 1867 3336 1936 denique
3366 1867 3544 1921 sacel-

276 1952 495 2023 ήνίοχος
531 1956 781 2022 ἔπλυνεν,
807 1961 856 2013 οῖ
886 1958 944 2012 δὲ
978 1960 1139 2023 κύνες
1166 1958 1456 2030 ἐξέλειχον.
1484 1959 1550 2013 Δί
1581 1958 1638 2012 δὲ
1663 1959 1858 2029 πόρναι

1967 1960 2081 2015 lum
2115 1957 2242 2012 Baal
2271 1958 2686 2029 interpretatur.
2724 1959 2804 2015 Ac
2843 1958 3024 2014 dehis
3055 1958 3281 2028 quidem
3318 1957 3432 2012 haec
3461 1957 3545 2011 in-

276 2048 419 2118 περὶΔ
435 2048 534 2120 τὴν
556 2050 632 2104 ῐω
657 2053 799 2105 κατὰ
826 2053 887 2106 τὺ
916 2053 1036 2117 ἔθος
1061 2053 1354 2108 ἐλούσαντο
1373 2069 1388 2086 ο
1419 2055 1726 2125 πηγιμαῖον
1755 2053 1858 2123 γὰρ

1966 2052 2144 2108 dicata
2177 2064 2364 2107 sunto.
2418 2051 2751 2122 .losaphatus
2791 2060 2976 2107 autem
3016 2050 3284 2122 requisito
3317 2060 3441 2105 vate
3478 2066 3544 2103 ae

273 2134 346 2209 ἦν
369 2139 431 2192 τὸ
457 2140 624 2213 ὕδωρ,
664 2146 1051 2215 κεχρωσμένοι)
1072 2144 1131 2198 δέ
1166 2144 1245 2215 τῷ
1269 2145 1490 2215 αἵματι.

1964 2144 2284 2215 huiusmodi
2313 2143 2475 2199 rebus
2505 2158 2571 2198 cx
2595 2158 2661 2199 eo
2691 2144 2927 2215 cognitis
2970 2145 3148 2199 nihilo
3186 2143 3370 2198 minus
3416 2158 3542 2195 cum

271 2232 536 2288 Achaabo
557 2232 624 2288 ad
662 2236 863 2291 bellum
893 2237 1169 2307 profectus
1196 2246 1301 2293 est.
1331 2236 1470 2303 Quia
1519 2245 1702 2292 tamen
1769 2235 1973 2305 alioqui
2036 2235 2120 2291 vir
2159 2249 2369 2305 magna:
2425 2234 2644 2289 virtutis
2680 2244 2821 2298 erat.
2849 2244 2908 2290 ut
2938 2250 3103 2306 supra
3154 2250 3372 2305 quoque
3403 2234 3546 2288 dixi-

275 2342 423 2393 mus,
462 2328 751 2384 incolumis
789 2329 1013 2384 domum
1044 2330 1241 2385 evasit.
1319 2329 1572 2385 uichzeas
1642 2330 1701 2385 in
1768 2343 2045 2383 carcerem
2100 2327 2168 2381 ab
2234 2325 2492 2381 Aehaabo
2544 2328 2826 2396 coujeclus
2875 2342 3070 2397 magna
3136 2343 3259 2383 cum
3309 2329 3422 2383 oris
3481 2326 3546 2381 li‘

274 2419 491 2474 bertate
514 2420 692 2475 dixit:
746 2420 981 2489 «Quodsi
1028 2438 1289 2492 prospere
1324 2423 1547 2479 domum
1580 2438 1832 2479 reversus
1871 2422 2060 2488 fueris,
2092 2421 2263 2475 Deum
2298 2437 2396 2493 per
2432 2436 2519 2477 me
2546 2422 2773 2477 miminc
2806 2422 3047 2477 locutum
3078 2436 3202 2477 esse
3239 2422 3474 2477 fatebor.
3520 2439 3539 2471 ι

275 2510 574 2567 Enimvero
617 2514 857 2568 divinum
922 2514 1055 2569 illud
1118 2515 1400 2569 oraculum
1447 2516 1516 2571 de
1570 2515 1855 2581 Achaabo,
1891 2515 2037 2585 quod
2072 2513 2221 2568 Elias
2287 2513 2477 2579 edidit,
2542 2521 2774 2569 eventus
2805 2516 2922 2583 ipse
2954 2514 3354 2583 comprobavit.
3409 2512 3545 2567 Nam

272 2619 405 2659 cum
437 2605 631 2660 vulnus
652 2606 983 2676 accepisset,
1021 2605 1114 2661 diu
1137 2608 1432 2663 admodum
1464 2608 1519 2662 in
1553 2622 1715 2663 curru
1743 2607 1913 2670 stetit,
1947 2622 2018 2661 ne
2077 2618 2371 2675 conspecta
2400 2604 2543 2677 regis
2584 2604 2707 2676 fuga
2774 2606 2975 2661 milites
3034 2606 3177 2660 hosti
3248 2615 3396 2676 terga
3449 2605 3546 2659 da-

276 2708 423 2755 rent.
486 2702 563 2756 lbi
591 2703 811 2772 sanguis
850 2718 881 2758 e
913 2703 1142 2758 vulnere
1206 2702 1485 2776 profluens
1540 2720 1707 2759 curru
1774 2703 2045 2769 adhaesit;
2097 2718 2264 2771 quem
2313 2702 2571 2771 deinceps
2622 2703 2809 2773 auriga
2858 2702 2924 2755 ad
2984 2702 3192 2757 fontem
3265 2701 3442 2755 abluit
3491 2709 3547 2753 et

272 2810 444 2851 canes
477 2797 770 2853 linxerunt.
820 2798 977 2855 Mane
1041 2815 1171 2855 vero
1206 2800 1524 2857 meretrices
1555 2801 1625 2856 ad
1667 2800 1875 2857 fontem
1918 2799 2079 2871 190
2108 2799 2349 2855 Acbaabi
2396 2799 2662 2869 sanguine
2714 2803 2940 2854 tinctum
2999 2798 3324 2854 accedentes
3382 2798 3544 2853 etiam

274 2891 335 2946 in
367 2907 436 2947 eo
457 2908 689 2965 corpora
726 2910 823 2949 sua
862 2910 962 2965 pro
1001 2910 1157 2951 more
1180 2895 1493 2950 ablueruut.

188 3041 194 3047 ,
346 2987 555 3056 Ἰωράμ
582 2987 639 3040 δὲ
661 2986 755 3040 τοῦ
783 2986 1057 3056 κηδεστοῦ
1093 2989 1302 3058 Ἀχαάϐ
1326 2987 1580 3059 ζηλώσας
1608 2988 1709 3060 τὴν
1732 2989 1860 3043 ἀσέ-

271 3079 434 3133 ϐειαν
482 3080 643 3145 ἀξίαν
672 3078 773 3151 τὴν
821 3080 1098 3149 τιμωρίαν
1133 3078 1355 3151 εὕρατο,
1397 3081 1459 3134 '0
1510 3080 1620 3152 γὰρ
1682 3082 1855 3152 μέγας

284 3172 480 3234 Ἦλῐας
536 3172 626 3226 διὰ
671 3172 1016 3242 γραμμάτων
1073 3176 1357 3244 μεμήνυκε
1411 3175 1511 3245 τὴν
1542 3175 1848 3243 ἀπόφασιν

278 3279 301 3313 ε
335 3261 475 3315 Τάδε
497 3262 646 3329 λέγει
669 3262 906 3332 Κύριος’
940 3263 1083 3317 Ἀνθ“
1112 3259 1189 3317 ὧν
1208 3264 1308 3319 οὐκ
1338 3265 1639 3335 ἐπορεύθης
1667 3267 1725 3319 ὲν
1750 3265 1855 3335 όδῷ

286 3352 560 3420 Ἰωσαφάτ
585 3352 679 3406 τοῦ
713 3353 921 3425 πατρός
952 3371 1069 3421 σου,
1100 3355 1429 3421 ἀπέκτεινας
1456 3357 1513 3411 δέ
1547 3360 1675 3420 τοὺς
1704 3358 1862 3411 ἀδελ-

269 3444 412 3514 φούς
441 3463 560 3511 σου,
593 3447 702 3501 ιωο
735 3449 943 3530 Κύριος
964 3448 1238 3503 πατάσσει
1268 3449 1487 3520 πληγὴν
1521 3449 1770 3521 μεγάλην
1805 3451 1863 3503 ἐν

266 3539 352 3609 τῷ
375 3540 512 3609 οῖνῳ
538 3556 655 3606 σου,
685 3540 781 3593 καὶ
811 3542 875 3594 σὺ
907 3540 1005 3613 ἔσῃ
1037 3543 1096 3594 ἐν
1120 3542 1460 3613 ἀρρωστίαις
1487 3543 1778 3612 πονηραῖς,
1804 3542 1861 3596 ὲν

270 3631 563 3703 ἀρρωστίᾳ
589 3632 820 3696 κοιλίας,
854 3631 961 3696 ἕως
1006 3631 1074 3687 ἂν
1120 3632 1309 3704 ἐξέλθῃ
1341 3634 1411 3687 τὰ.
1436 3632 1634 3704 ἔντερά
1682 3649 1799 3687 σου.
1835 3652 1855 3685 ο

283 3713 751 3786 Ἐπεστράφησαν
798 3716 980 3769 τοίνυν
1033 3715 1328 3786 ἀλλόφυλοι
1360 3715 1483 3770 κατ’
1515 3716 1709 3781 αὑτοῦ,
1765 3715 1862 3769 καὶ

270 3807 486 3871 πάντας
516 3807 1007 3879 ἐξηνδραπόδισαν,
1034 3810 1153 3864 ’καὶ
1194 3810 1263 3863 τὰ
1292 3810 1457 3863 τέκνα
1487 3809 1651 3863 αὐτοῦ
1681 3809 1861 3862 πάντα

270 3895 637 3953 κατέκτειναν
684 3900 812 3953 ἄνευ
864 3898 963 3952 τοῦ
997 3899 1269 3970 Ὀχοζίου.
1303 3901 1621 3971 Ἐπέσκηψε
1678 3902 1773 3954 καὶ
1825 3902 1859 3972 ή

269 3992 455 4057 νόσος,
487 3992 586 4045 καὶ
603 3990 727 4044 οὐδὲ
760 3990 900 4060 μετὰ
923 3991 1156 4045 Θάνατον
1188 3990 1478 4062 βασιλικῆς
1509 3990 1721 4062 ἠξιώθη
1758 4008 1860 4045 τα-

2042 2984 2361 3042 Secundum
2388 2986 2504 3040 hate
2529 2999 2620 3039 rex
2644 2983 2902 3039 Joramus
2930 2982 3265 3051 impietatem
3303 2982 3546 3040 Aehaabi

1965 3083 2143 3136 soceri
2177 3080 2261 3136 sui
2297 3078 2852 3138 aemulatusmeritas
2893 3077 3120 3131 omnino
3170 3092 3360 3143 poenas
3421 3078 3542 3132 luit.

1962 3172 2099 3227 Nam
2134 3187 2366 3243 magnus
2412 3172 2500 3226 ille
2522 3180 2673 3225 vates
2700 3170 2847 3224 Elias
2872 3169 3183 3237 huiusmodi
3213 3170 3545 3223 vcrbiseum

1962 3278 2062 3332 per
2108 3263 2322 3318 litteras
2348 3262 2735 3331 compellavit:
2773 3261 2931 3315 illam
2959 3260 3054 3315 tibi
3086 3261 3351 3313 Dominus
3376 3262 3548 3328 signi-

1968 3356 2093 3411 ficat
2121 3373 2135 3410 :
2179 3355 2452 3421 Quoniam
2483 3355 2796 3409 institutum
2824 3361 3065 3422 paterna:
3106 3351 3393 3418 Josaphati
3426 3354 3549 3407 vita:

1965 3462 2158 3503 nones
2184 3455 2451 3513 sectatus,
2508 3448 2605 3501 sed
2633 3445 2839 3500 fratres
2882 3456 3003 3499 tuos
3050 3443 3372 3499 interfecisti
3402 3484 3417 3507 ,
3477 3460 3548 3498 en

1964 3554 2160 3610 magna
2185 3540 2498 3595 calamitate
2538 3539 2799 3592 Dominus
2831 3537 3096 3591 familiam
3143 3547 3289 3589 tuam
3325 3537 3549 3599 alliciet,

1962 3644 2029 3685 ac
2082 3640 2141 3685 tu
2190 3631 2451 3699 gravibus
2501 3630 2793 3685 admodum
2835 3630 3043 3684 morbis
3070 3627 3367 3695 laborabis,
3410 3643 3550 3696 quos

1963 3721 2111 3777 inter
2162 3732 2327 3777 erunt
2373 3724 2648 3777 viseerum
2698 3722 2960 3785 tormina,
2999 3732 3106 3775 tam
3158 3721 3249 3775 diu
3292 3720 3545 3774 durantia

1962 3813 2144 3869 donec
2174 3814 2439 3868 intestina
2476 3830 2671 3883 egeras
2694 3815 2777 3867 ⁸.)
2832 3813 2949 3867 [\‘on
2979 3812 3153 3866 multo
3180 3820 3302 3880 post
3342 3820 3551 3865 extera:

1964 3903 2216 3958 nationes
2256 3904 2311 3957 in
2344 3917 2471 3956 eum
2517 3902 2706 3972 copias
2747 3902 3029 3967 educunt,
3060 3916 3254 3955 omnes
3295 3916 3326 3954 e
3368 3901 3551 3954 medio

1964 3992 2194 4056 tollunt,
2250 3992 2454 4046 liberos
2497 3994 2679 4062 regios
2725 3991 3095 4055 interficiunt,
3155 3989 3393 4044 Oehnzia
3430 3990 3550 4044 solo

272 4083 411 4154 φῆς.
435 4084 678 4152 ’Δληοῶς
723 4084 961 4158 φοὸερδν
1003 4085 1067 4139 τὸ
1106 4085 1372 4157 ἐμπεσεῖν
1396 4086 1478 4153 είς
1505 4088 1697 4158 χεῖρας
1719 4086 1858 4141 Θεοῦ

1963 4092 2217 4153 excepto.
2251 4081 2428 4138 Simul
2458 4094 2513 4137 et
2544 4085 2770 4137 morbus
2802 4082 3081 4135 hominem
3123 4083 3353 4146 invadit,
3380 4098 3446 4136 ac
3479 4100 3550 4137 ne

271 4175 505 4243 ζῶντος.

1963 4174 2169 4243 regiam
2195 4175 2418 4244 quidem
2447 4174 2783 4244 sepulturam
2812 4189 2841 4227 a
2874 4182 3049 4227 morte
3080 4184 3410 4228 consecutus
3441 4183 3547 4228 est.

1963 4264 2239 4321 Nimirum
2300 4281 2495 4337 reapse
2552 4265 2902 4320 formidabile
2960 4276 3043 4319 est
3086 4265 3142 4319 in
3185 4265 3279 4319 Dei
3314 4265 3551 4320 viventis

1964 4373 2161 4413 manus
2186 4359 2432 4414 incidere
2452 4359 2519 4413 ¹⁰.

346 4447 506 4503 Μετὰ
531 4447 722 4504 τοῦτον
753 4448 1004 4520 Ὀχοζίας
1031 4448 1283 4520 ζηλωτὴς
1312 4452 1407 4505 καὶ
1436 4450 1601 4515 αὐτὸς
1627 4450 1727 4521 τῆς
1757 4468 1858 4505 πα-

2035 4452 2315 4508 Successit
2346 4451 2402 4505 in
2447 4466 2614 4522 regno
2664 4450 2809 4505 filius
2844 4451 3131 4511 Ochozias.
3193 4460 3248 4505 ct
3283 4450 3398 4521 ipse
3454 4466 3552 4519 pa-

268 4539 475 4610 τρικῆς
523 4539 803 4605 ἀσεϐείας.
847 4529 1296 4596 ’Λποστέλλονται
1348 4542 1533 4596 τοίνυν
1581 4544 1722 4614 πρὸς
1768 4544 1858 4598 τὸν

1964 4552 2138 4600 ternae
2190 4543 2492 4613 impietatis
2545 4543 2850 4598 tenmlator.
2914 4542 3030 4599 Iloc
3093 4553 3341 4611 tempore
3398 4544 3548 4598 missi

272 4631 456 4702 μέγαν
493 4633 678 4686 Ἠλίαν
711 4632 805 4687 δύο
849 4633 1321 4705 πεντηκόνταρχοι
1366 4635 1504 4705 μετὰ
1550 4634 1854 4705 σοϐαρότη-

1964 4644 2099 4692 sunt
2157 4636 2222 4689 ad
2280 4648 2537 4704 magnum
2596 4633 2747 4688 illum
2804 4636 2982 4688 vatem
3016 4631 3187 4687 lilium
3245 4635 3355 4688 duo
3389 4635 3552 4703 quin-

270 4741 367 4787 τος
405 4723 700 4790 καλοῦντες
741 4725 907 4780 αὑτὸν
940 4724 1145 4797 ἐπὶ’τῷ
1184 4728 1534 4798 ἐρωτηθῆναι
1566 4729 1666 4795 τῆς
1704 4728 1858 4781 νόσου

1965 4740 2279 4799 quagenum
2312 4724 2544 4779 militum
2571 4724 2835 4794 praefecti,
2884 4726 3121 4794 quicum
3168 4726 3406 4794 superbe
3458 4742 3552 4779 ar-

267 4813 371 4867 τοῦ
424 4814 688 4883 βασιλέως
736 4817 964 4872 ἐνεκενο
1014 4811 1170 4887 ἐφ’ᾧ
1220 4819 1318 4872 καὶ
1368 4818 1481 4890 πῦρ
1530 4816 1858 4887 καταγαγὼν

1964 4825 2186 4873 cessum
2208 4814 2278 4869 de
2306 4814 2453 4883 regis
2480 4814 2672 4869 morbo
2701 4814 3122 4869 consulendum.
3182 4814 3213 4867 Ἰ
3235 4831 3325 4868 um
3363 4818 3547 4885 ignem

267 4905 487 4961 ἄνωθεν
528 4907 873 4962 κατέκαυσεν
914 4909 1139 4973 αὐτούς.
1176 4909 1323 4965 Ἀλλ’
1347 4908 1581 4965 ἐνταῦθα
1619 4912 1669 4963 οῖ
1707 4910 1858 4980 ὠμό-

1963 4909 2057 4965 ille
2082 4907 2301 4965 coalitus
2328 4906 2611 4962 deducens
2641 4906 2933 4961 universos
2979 4908 3374 4970 concremavit.
3437 4905 3551 4959 Hoc

267 5012 417 5067 τητα
458 4996 552 5050 τοῦ
592 5000 876 5068 προφήτου
920 5003 1360 5073 κατηγοροῦντες
1400 5003 1570 5059 αὐτοῦ
1614 5020 1858 5073 κατηγο-

1963 5002 2085 5059 loco
2105 5001 2199 5071 qui
2228 5001 2611 5055 crudelitatem
2647 4999 2789 5055 vatis
2823 5008 3111 5061 accusant,
3166 5000 3338 5057 Deum
3371 4998 3549 5068 ipsum

273 5088 435 5158 ροῦσι
461 5088 559 5141 τοῦ
589 5089 725 5143 Θεοῦ
748 5105 763 5120 ·
795 5089 867 5143 δι’
888 5092 1060 5146 αὐτοῦ
1089 5094 1201 5165 γὰρ
1227 5096 1298 5149 τά
1329 5095 1529 5149 πάντα.
1561 5095 1850 5150 Στέλλεται

1966 5094 2335 5150 criminantur
2368 5111 2383 5148 :
2413 5107 2541 5146 nam
2578 5106 2677 5162 per
2707 5107 2832 5147 eum
2866 5093 2981 5147 haec
3018 5091 3199 5147 omnia
3229 5093 3369 5146 facta
3399 5105 3547 5147 sunt.

268 5182 370 5238 οὖν
398 5181 584 5251 τρίτος
614 5183 1121 5255 πεντηκόνταρχος,
1155 5187 1251 5241 καὶ
1283 5182 1468 5257 ὴπὶοις
1500 5187 1680 5255 λόγοις
1713 5204 1855 5258 χρη-

1966 5186 2210 5242 Tandem
2245 5196 2300 5241 et
2334 5186 2531 5240 tertius
2553 5186 2777 5255 quidam
2810 5184 3047 5239 militum
3099 5185 3547 5255 quinquagenum

270 5276 514 5345 σάμενυς
544 5280 645 5345 τήν
678 5276 956 5347 τιμωρίαν
989 5276 1267 5346 διέφυγεν.
1305 5280 1727 5351 Κατερχόμενος
1760 5279 1855 5333 οὖν

1965 5266 2259 5352 praefectus
2289 5278 2598 5347 ablegatur,
2631 5278 2725 5348 qui
2756 5288 2937 5333 vatem
2958 5278 3201 5332 ‘mitibus
3235 5278 3417 5333 verbis
3463 5279 3547 5332 al-

267 5370 372 5422 καὶ
420 5369 763 5439 συναντήσας
804 5371 918 5432 τοῖς
964 5370 1357 5424 ἀποσταλεῖσιν
1403 5358 1509 5425 ἐπι
1544 5370 1617 5425 τὰ
1664 5371 1857 5424 εἴδωλα

1969 5380 2187 5427 .ocutus
2215 5370 2545 5439 supplicium
2571 5384 2680 5437 quo
2717 5370 2933 5439 priores
2958 5368 3138 5425 affecti
3168 5369 3387 5425 fuerant
3420 5386 3549 5425 eva-

268 5455 426 5523 εῐπε,
463 5477 483 5510 ι
525 5459 684 5532 Παρᾲ
715 5459 779 5512 τὸ
818 5459 895 5531 μὴ
931 5454 1073 5514 εἶναι
1110 5460 1246 5515 Θεὸν
1278 5463 1338 5515 ἐν
1374 5462 1616 5533 Ἰσραὴλ,
1650 5463 1858 5535 πορεύῃ

1969 5462 2059 5518 sit.
2092 5461 2465 5527 Quamobrem
2493 5470 2646 5515 vates
2671 5461 2739 5517 de
2774 5469 2963 5517 monte
3004 5461 3369 5526 descendens,
3416 5475 3543 5515 cum

268 5553 513 5621 ζητῆσαι
558 5558 721 5623 μυῖαν
767 5552 892 5606 θεὸν
926 5554 1213 5625 Ἀκαρῶνς
1249 5557 1283 5625 ή
1319 5555 1475 5627 κλίνη
1512 5558 1598 5626 ἐφ’
1624 5550 1692 5621 ἧς
1728 5557 1859 5609 ἀνέ-

266 5644 413 5715 6ης,
457 5645 519 5697 οὐ
569 5644 886 5716 καταϐήσῃ.
945 5663 964 5697 ι
1002 5645 1272 5703 Ἰστωσαν
1319 5642 1415 5712 οὖν
1462 5646 1723 5703 ἐντεῦθεν
1763 5646 1857 5704 (εἴη

342 5810 363 5843 ⁹
399 5808 441 5867 ιι
472 5809 652 5867 Paral.
683 5827 748 5907 ιι,
786 5812 877 5869 21.
960 5814 1002 5845 ¹⁹
1035 5811 1203 5869 llebr.
1234 5830 1287 5883 Χ,
1324 5814 1415 5869 51.

1970 5555 2256 5610 incidisset
2324 5554 2379 5607 in
2409 5554 2662 5609 homines
2688 5554 2968 5624 ablegatos
2999 5569 3026 5607 a
3058 5568 3184 5623 rege
3239 5555 3307 5607 ad
3341 5568 3545 5607 consu-

1970 5644 2159 5701 lendos
2190 5644 2459 5706 deastros.
2491 5641 2806 5711 huiusmodi
2834 5644 2995 5699 verba
3026 5644 3291 5715 protulit:
3332 5642 3548 5708 «Quen-
