4212 6448
266 395 371 456 363
1530 394 1929 457 ANNALlUM

1835 398 1929 457 Ulli
1972 398 2163 460 PARS
2199 400 2276 461 II.
3397 396 3498 455 266

260 504 411 556 θεσιν
450 503 558 555 τῶν
591 502 850 555 πινόντων
897 498 1155 569 ἀφορῶσα
1205 499 1238 569 ἡ
1295 499 1485 570 Γραφὴ
1530 503 1652 569 μέλι
1696 502 1838 576 ὕδωρ
1871 518 1914 568 Α

1836 527 1838 551 ι
1871 518 1914 568 Α
1949 505 2211 560 tolerabili
2248 506 2480 575 quadam
2517 508 2569 561 in
2604 507 2897 560 solitudine
2928 506 3041 565 siti,
3100 520 3235 571 aqua
3290 517 3499 572 reperta

261 595 540 648 ῑκάλεσεν.
1414 602 1420 610 ’
1940 596 2099 650 melle
2128 597 2315 650 satiari
2353 614 2410 652 se
2448 599 2730 666 putabant.
2770 597 2887 662 Quo
2921 598 2977 649 lit
3036 604 3095 648 ut
3150 611 3253 661 res;
3278 594 3505 647 ieientrs

262 686 480 740 Littera:
511 701 680 741 sacra:
709 687 775 741 ad
830 686 1045 740 illorum
1104 684 1447 741 aﬂ‘cctionem
1505 686 1592 756 qui
1629 701 1824 756 aquam
1867 688 2217 755 hauriebam,
2253 704 2373 742 eam
2443 690 2619 759 ipsam
2681 688 3051 759 appellatione
3088 686 3260 740 mellis
3314 684 3505 754 digna-

263 784 333 833 ta:
369 780 497 834 sint.

335 871 490 924 Μετὰ
518 872 576 924 δὲ
608 871 778 925 ταῦτα
811 874 1004 942 κρατεῖ
1031 873 1207 936 Ἰωᾶς,
1232 873 1290 935 ὃς
1321 874 1557 943 ἐποίησε
1587 874 1646 927 τὸ
1681 875 1834 939 εὑθές

2015 879 2325 934 Secundum
2389 881 2502 935 luce
2557 880 2787 949 imperio
2815 878 3021 949 potitus
3057 886 3140 932 est
3192 876 3345 940 Joas,
3413 866 3507 941 qui

262 960 494 1013 ἐνώπιον
545 960 636 1013 τοῦ
690 961 825 1013 Θεοῦ
876 962 1053 1024 πάσας
1098 964 1198 1020 τὰς
1248 963 1461 1032 ἡμέρας
1518 964 1697 1017 ’Ῐωδάε
1746 965 1838 1018 τοῦ

1943 985 2068 1040 erga
2096 971 2264 1024 Deum
2298 987 2357 1026 se
2400 981 2547 1026 recte
2581 972 2771 1040 gessit,
2807 969 3054 1038 quandiu
3093 967 3338 1037 pontifex
3404 982 3510 1018 ma-

262 1050 587 1119 ἀρχιερέως.
624 1043 790 1113 Οὗτος
846 1050 1018 1121 ζήσας
1057 1051 1153 1120 ἐτη
1198 1050 1275 1123 ρλ⁹
1306 1053 1402 1105 καὶ
1455 1051 1629 1105 θανὼν
1665 1053 1842 1121 θήκης

1946 1061 2121 1115 ximus
2148 1061 2264 1115 Joia
2288 1061 2369 1114 las
2403 1071 2682 1130 superstes
2720 1060 2856 1121 fuit;
2891 1059 2983 1127 qui
3023 1074 3146 1111 cum
3186 1056 3347 1109 annis
3387 1070 3514 1108 cen-

266 1138 468 1207 ἠξιώθη
500 1140 808 1209 βασιλικῆς.
834 1141 1007 1194 Αὑτοῦ
1038 1140 1094 1194 δὲ
1118 1141 1364 1204 θανόντος
1398 1141 1664 1207 ἐξέκλινεν
1688 1142 1842 1205 Ὶωᾶς

1946 1158 2061 1203 ιιιιιι
2093 1157 2146 1203 et
2177 1150 2402 1219 triginta
2436 1150 2668 1202 vivendo
2702 1148 2938 1216 expletis
2974 1147 3084 1200 fato
3118 1145 3339 1199 functus
3379 1143 3516 1196 fuis-

263 1229 344 1292 είς
377 1230 649 1285 ἀσέϐειαν.
690 1232 808 1300 Ἐφ’
839 1226 882 1300 ᾧ
913 1233 1008 1286 καὶ
1043 1232 1352 1287 στέλλονται
1396 1236 1670 1302 προφῆται
1702 1234 1839 1303 πρὸς

1946 1250 2049 1302 set,
2086 1250 2295 1295 tantum
2334 1241 2556 1294 honoris
2584 1249 2666 1295 est
2694 1256 2739 1294 Cl
2763 1250 3047 1305 usecutus,
3073 1247 3131 1290 ut
3166 1235 3313 1304 regio
3340 1233 3517 1303 sepul-

265 1320 429 1374 αὑτὸν
457 1322 546 1375 τὸν
572 1324 753 1385 Ίωᾶν,
781 1323 902 1394 μεθ’
939 1318 1014 1378 ὧν
1040 1327 1134 1379 καὶ
1159 1328 1185 1378 ὁ
1209 1326 1302 1379 τοῦ
1323 1327 1506 1379 Ἰωδαε
1537 1327 1841 1397 Ζαχαρίας,

1951 1344 2049 1386 ero
2084 1331 2242 1401 192
2274 1331 2595 1385 inferretur.
2651 1330 2785 1384 Cum
2821 1341 3005 1383 autem
3065 1328 3227 1380 rebus
3266 1324 3519 1377 humanis

266 1412 324 1465 ὃν
358 1412 453 1466 καὶ
485 1416 815 1469 κατέλευσαν
865 1416 1014 1471 ἔνδον
1040 1417 1133 1470 τοῦ
1181 1418 1449 1487 ὑπαίθρου
1487 1422 1543 1471 ἐν
1595 1418 1671 1489 τῷ
1708 1418 1845 1489 ναῷ.

1951 1432 2238 1492 exemptus
2269 1432 2437 1487 esset,
2490 1422 2557 1476 ad
2606 1422 2942 1490 impietatem
3000 1417 3198 1472 deinde
3248 1431 3344 1467 rex
3392 1413 3521 1467 Juas

269 1506 377 1557 Kal
406 1506 762 1576 ἀποθνήσκων
805 1503 977 1574 εἷπεν,
1026 1528 1045 1561 ι
1072 1510 1200 1575 Ἴδε,
1233 1511 1427 1579 Κύριε,
1472 1511 1566 1564 καὶ
1612 1512 1785 1582 κρίνε.
1823 1530 1841 1566 ι

1953 1513 2196 1568 deﬂexit.
2231 1515 2401 1581 Quam
2458 1515 2528 1568 ob
2581 1529 2801 1567 causam
2835 1521 2985 1565 vates
3026 1507 3274 1563 nonnulli
3301 1505 3365 1559 ad
3395 1520 3521 1557 eum

268 1596 384 1647 Kal
423 1597 484 1649 οὐ
517 1598 786 1669 διήμαρτε
816 1601 914 1669 τῆς
953 1602 1251 1671 αἰτήσεως·
1287 1603 1571 1672 ἀρρωστία
1613 1603 1720 1670 γὰρ
1751 1618 1848 1657 πε·-

1954 1606 2297 1675 ablegantur,
2341 1621 2479 1672 quos
2528 1606 2672 1659 inter
2720 1614 2774 1658 et
2807 1602 3008 1658 Joiadze
3067 1597 3345 1669 pontificis
3382 1595 3521 1649 filius

270 1688 511 1756 ριπεσὼν
561 1690 664 1741 ὑπὸ
710 1690 819 1743 τῶν
863 1692 1117 1760 ὑπηκόων
1163 1693 1397 1761 ἐσφάγη.
1436 1692 1495 1745 Ὀ
1543 1692 1599 1744 δὲ
1648 1693 1840 1746 τούτου

1951 1695 2401 1760 Zacharias‘fnit,
2438 1713 2599 1766 quem
2634 1696 2762 1750 Joas
2798 1711 2889 1748 rex
2920 1695 2973 1747 in
3010 1700 3161 1762 parte
3197 1687 3381 1756 templi
3421 1684 3520 1739 sub

270 1773 389 1876 υίος
425 1774 693 1876 iii-pacta;
758 1776 1084 1847 βασιλεύσας
1130 1782 1224 1834 καὶ
1267 1784 1331 1851 τῇ
1384 1781 1504 1853 θείᾳ
1556 1784 1844 1854 συμμαχίᾳ

1953 1789 2041 1842 dio
2076 1788 2177 1841 sita
2204 1789 2473 1857 lapidibus
2507 1788 2778 1843 adobruit.
2813 1786 2948 1840 Cum
2970 1791 3300 1843 moreretur,
3331 1777 3525 1846 hujus-

269 1862 400 1923 τοὺς
433 1862 767 1933 Ἰδουμαίους
800 1869 1025 1937 νικήσας
1059 1871 1153 1922 καὶ
1181 1872 1304 1934 τοὺς
1339 1871 1495 1934 θεοὺς
1543 1872 1724 1926 αὐτῶν
1754 1874 1848 1927 ἀν-
1884 1900 1924 1959 Β

1884 1900 1924 1959 Β
1952 1878 2101 1933 modi
2134 1879 2315 1933 verbis
2351 1894 2483 1932 usus
2511 1889 2595 1932 est
2631 1897 2644 1931 :
2685 1867 2975 1944 «inspicite
3004 1875 3140 1935 haec,
3175 1870 3431 1931 Domine,
3464 1880 3528 1920 ac

267 1951 603 2018 δραποδίσας
634 1956 862 2028 ὕστερον
890 1959 1165 2030 ἰερούργει
1197 1963 1394 2024 αὐτοὺς
1424 1964 1450 2016 ὁ
1482 1962 1709 2033 ἀνόητος
1737 1964 1849 2017 ἐτί-
1884 1951 1920 1959 ⁷

1884 1951 1920 1959 ⁷
1956 1970 2149 2041 punito
2172 1971 2289 2026 ¹⁸⁶.›
2332 1970 2516 2039 Neque
2548 1969 2736 2039 prtitio
2765 1969 2933 2038 ipsius
2970 1966 3121 2019 irrita
3140 1964 3266 2017 fuit:
3288 1975 3413 2015 nam
3436 1975 3532 2013 rex

273 2057 444 2125 pqae,
470 2042 568 2112 τὴν
593 2045 748 2116 νίκην
776 2048 955 2111 αὐτοῖς
984 2048 1364 2119 λογισάμενος.
1398 2052 1539 2123 Πρδς
1568 2052 1628 2105 δν
1657 2055 1683 2105 ὁ
1715 2070 1849 2123 προ·

1960 2061 2016 2115 in
2051 2062 2301 2115 morbum
2335 2078 2455 2115 cum
2488 2061 2794 2122 incidisset,
2837 2059 2950 2112 suis
2985 2073 3009 2108 a
3049 2055 3286 2110 subditis
3313 2059 3396 2106 est
3445 2051 3531 2105 in-

278 2134 461 2222 φήττ,ς
489 2150 517 2185 ιη
542 2134 756 2204 Ἔγνων
773 2138 853 2190 ὅτι
879 2139 1238 2194 ἐδουλεύσατο
1260 2143 1463 2210 Κύριος
1503 2143 1596 2197 τοῦ
1617 2144 1858 2214 διαφθεῖ-

1964 2151 2249 2207 terfeetus.
2311 2151 2441 2222 Ejus
2488 2153 2629 2205 filius
2662 2151 2908 2205 Amasias
2940 2164 3061 2202 eum
3098 2161 3321 2213 regnum
3364 2157 3534 2197 occu—

272 2220 372 2289 ραι
406 2239 463 2274 σε
487 2241 501 2255 ·
542 2242 562 2276 ι
594 2226 798 2295 ὁμοίως
826 2231 931 2299 γὰρ
961 2231 1128 2299 πατρὶ
1158 2231 1473 2303 ἐτελειώθη.

1968 2251 2152 2310 passet
2177 2249 2233 2296 et
2264 2220 2367 2311 ope
2413 2242 2597 2295 divina
2632 2239 2913 2294 victoriam
2959 2237 3025 2289 de
3061 2233 3309 2289 ldummis
3341 2246 3532 2301 repor.

275 2320 451 2369 lasset
482 2332 780 2388 eorumque
811 2321 965 2377 divos
997 2324 1309 2391 evertisset,
1372 2328 1588 2383 tandem
1647 2328 1830 2386 fatuus
1869 2331 1938 2386 ho

1874 2331 2034 2387 homo
2065 2343 2417 2387 consecratos
2449 2333 2701 2403 religiose
2732 2332 2900 2385 coluit
2967 2338 3021 2382 et
3090 2337 3303 2397 partam
3354 2324 3537 2379 victa"

279 2411 418 2460 tiam
454 2411 584 2479 ipsis
615 2422 896 2481 acceptam
961 2416 1169 2469 retulit.
1240 2415 1584 2489 Quapropter
1657 2421 1705 2475 ei
1760 2432 1914 2477 vates
1953 2425 2173 2493 quidam
2230 2424 2571 2478 denuntiavit
2629 2422 2884 2476 statuisse
2938 2420 3106 2473 Deum
3162 2416 3438 2470 Amasiam
3500 2426 3535 2469 e

278 2502 466 2557 medio
499 2505 685 2559 tollere
705 2508 770 2560 η.
798 2507 986 2576 Neque
1015 2510 1186 2563 multo
1213 2520 1335 2580 post
1361 2513 1634 2568 consimili
1659 2516 1849 2571 mortis
1889 2532 2087 2587 genere
2111 2535 2220 2588 quo
2252 2534 2409 2588 pater
2438 2519 2742 2573 exstinctus
2774 2525 2880 2571 est.

366 2600 692 2656 Ἐπαινεῖδέ
718 2604 809 2659 τὸν
836 2606 1072 2677 Ὀζίανὴ
1102 2608 1221 2661 θεία
1248 2610 1460 2680 Γραφή·
1496 2606 1657 2677 «Ἦν,
1690 2632 1709 2664 ι
1745 2613 1860 2682 γάρ

2041 2617 2335 2673 Celebrant
2376 2617 2575 2671 deinde
2608 2616 2829 2670 Littera:
2858 2600 3049 2669 sacra:
3098 2626 3279 2680 regem
3332 2609 3542 2670 Oziam,

283 2710 475 2763 φησιν,
511 2696 787 2766 «ἐκζητῶν
810 2699 903 2750 τὸν
931 2702 1135 2771 Κύριον
1163 2703 1219 2753 ἐν
1250 2702 1399 2772 φόϐῳ
1427 2704 1631 2771 Κυρίου
1661 2706 1716 2756 ἐν
1742 2708 1863 2768 ταῖς

1971 2708 2231 2763 nimirum
2289 2710 2431 2779 quod
2486 2708 2580 2762 Dei
2612 2709 2885 2762 studiosus
2947 2715 3003 2759 et
3056 2714 3308 2757 metuens
3359 2702 3544 2765 fuerit,

281 2786 524 2888 ἡμέραις
556 2789 844 2858 Ζαχαρίου.
862 2809 880 2842 ι
913 2792 1067 2845 Μετὰ
1093 2792 1149 2845 δὲ
1177 2793 1348 2846 ταῦτα
1380 2794 1728 2864 ἐπιθυμήσας
1754 2798 1868 2849 εἰσ-

1972 2800 2216 2869 qnandiu
2259 2798 2554 2855 Zacharias
2584 2799 2749 2854 fuerit
2778 2806 3078 2867 superstes.
3104 2796 3185 2849 Ab
3209 2811 3274 2849 eo
3305 2804 3548 2861 tempore

284 2878 467 2930 ελθεῐν
509 2879 588 2941 είς
648 2882 712 2933 τὰ
776 2881 943 2933 ἄδυτα
992 2884 1085 2936 καὶ
1125 2883 1412 2954 θυμιᾶσαι,
1456 2886 1551 2937 καὶ
1593 2885 1867 2955 ἐλεγχθεὶς

1975 2891 2235 2944 incensns
2264 2901 2347 2945 est
2376 2890 2606 2944 libidine
2636 2891 2870 2958 quadam
2904 2887 3239 2958 ingrediendi
3296 2885 3450 2954 adyta
3495 2891 3548 2936 et

215 3051 223 3057 '
289 2970 400 3023 ὑπὸ
423 2970 515 3023 τοῦ
538 2973 842 3042 ἀρχιερέως
860 2975 958 3026 καὶ
980 2978 1087 3029 τῶν
1106 2976 1434 3045 ὀγδοήκοντα
1462 2977 1673 3045 ἱερέων.
1702 2974 1865 3030 Εἶπον

1978 2981 2214 3035 suﬂitum
2243 2983 2294 3034 in
2326 2983 2404 3036 eis
2438 2980 2670 3036 faciendi
2697 2996 2711 3047 ;
2763 2996 2871 3049 quo
2901 2979 2954 3033 in
2987 2985 3185 3032 conatu
3237 2991 3265 3029 a
3294 2975 3548 3044 pontifice

286 3062 403 3132 γὰρ
444 3064 580 3133 πρὸς
622 3064 807 3130 αὐτὸν,
848 3085 868 3117 ι
908 3066 1023 3121 Οὐκ
1065 3066 1241 3131 ἔξεστί
1286 3086 1387 3135 σοι,
1427 3070 1600 3131 Ὀζία,
1637 3068 1867 3140 θυμιᾷν,

1979 3087 2043 3127 ac
2073 3074 2455 3128 sacerdouhus
2482 3073 2551 3127 80
2579 3072 2974 3142 reprehensus,
3027 3071 3120 3139 qui
3166 3068 3416 3122 dicerent
3450 3082 3549 3119 ue-

288 3154 431 3206 ἀλλὰ
465 3158 574 3219 τοῖς
614 3157 818 3226 ἱερεῦσι
846 3161 961 3222 τοῖς
994 3162 1130 3222 υἱοῖς
1164 3160 1393 3229 Ἀαρώνο
1435 3179 1453 3210 ι
1494 3164 1520 3214 ὁ
1544 3161 1639 3229 ξδὲ,
1686 3181 1703 3212 ι
1734 3161 1872 3231 Οὐχὶ

1978 3181 2249 3236 quaquam
2304 3166 2406 3234 ipsi
2461 3164 2544 3221 fas
2593 3180 2716 3220 esse
2760 3164 3001 3219 suﬂitum
3060 3172 3120 3217 ut
3168 3162 3292 3217 istic
3321 3161 3548 3223 faceret,

290 3246 547 3315 βασιλεύς
583 3250 703 3318 εἰμι
740 3251 839 3303 καὶ
873 3251 1171 3321 ἁλουργίδα
1210 3251 1497 3322 βασιλικὴν
1533 3253 1867 3325 περιϐέϐλη-
1897 3244 1943 3307 C

1897 3244 1943 3307 C
1973 3256 2132 3325 cujus
2159 3255 2236 3309 rei
2270 3256 2505 3325 posteris
2534 3254 2770 3310 Aaronis
2827 3253 3207 3308 sacerdotibus
3260 3252 3351 3321 jus
3384 3261 3550 3313 esset.

292 3357 393 3407 μαι
420 3358 436 3406 ;
468 3358 487 3391 ι
522 3340 838 3413 Ἐλεπρώθη
863 3339 956 3396 οὖν
991 3344 1082 3396 ἐπὶ
1113 3343 1315 3414 τούτῳ.
1354 3347 1536 3409 Ἐντὸς
1579 3346 1636 3399 δὲ
1673 3345 1866 3400 τούτου

1976 3349 2130 3420 lepra
2162 3360 2447 3420 correptus
2478 3360 2580 3404 est.
2619 3350 2754 3404 Cum
2789 3357 2971 3403 autem
3003 3347 3169 3416 leprae
3195 3360 3359 3401 causa
3404 3343 3551 3397 domi

290 3430 614 3502 καθημένου
655 3434 743 3488 διὰ
781 3435 882 3504 τὴν
924 3435 1167 3506 λέπραν,
1206 3438 1243 3511 ὁ,
1273 3438 1387 3502 υίὸς
1429 3438 1593 3491 αὑτοῦ
1630 3437 1874 3509 Ἰωαθὰμ

1978 3442 2277 3497 conclusus
2341 3442 2732 3506 delitesceret,
2800 3441 3147 3495 Joathamus.
3186 3438 3360 3508 ipsius
3410 3437 3560 3490 illius

289 3526 397 3591 τὴν
431 3524 712 3594 βασιλείαν
740 3528 994 3582 διιθύνων
1024 3524 1112 3599 ἦν.
1145 3529 1375 3600 Ἕτερος
1405 3531 1464 3584 δέ
1495 3531 1773 3602 Ζαχαρίας
1804 3527 1874 3601 ἧν

1980 3547 2211 3602 regnum
2238 3532 2681 3587 administrabat.
2720 3532 2797 3587 Ac
2829 3530 3124 3585 Zacharias
3159 3529 3267 3592 hic,
3306 3527 3397 3596 qui
3426 3524 3558 3580 Ozia

289 3620 324 3670 ὁ
354 3617 447 3671 τοῦ
484 3618 663 3672 Ἰωδάε
687 3661 700 3683 ,
731 3620 791 3673 δν
828 3622 979 3685 Ἰωᾶς
1012 3623 1309 3677 κατέλευσε
1329 3664 1346 3690 ,
1377 3624 1471 3677 καὶ
1504 3624 1691 3695 ἕτερος
1720 3625 1750 3678 ὁ
1782 3625 1875 3677 ἐπὶ

1982 3634 2246 3694 regnante
2274 3624 2433 3686 vixit.
2466 3624 2608 3679 alius
2637 3624 2738 3679 fuit
2766 3625 2832 3676 ah
2854 3623 3059 3678 Joiadm
3093 3619 3371 3690 pontificis
3424 3617 3556 3678 lilio.

293 3709 394 3763 τοῦ
431 3710 630 3774 Ὀζίου.
657 3707 826 3776 Οἶμαι
854 3712 913 3765 δὲ
938 3712 1127 3767 τοῦτον
1151 3711 1314 3780 εἴναι,
1344 3715 1479 3786 φησὶ
1505 3714 1879 3786 Θεοδώρητος,

1979 3730 2139 3785 quem
2177 3715 2306 3771 .loas
2340 3731 2433 3770 rex
2482 3715 2762 3785 lapidibus
2804 3714 3007 3768 obruit.
3047 3712 3433 3767 Theodoretns
3484 3708 3563 3761 ait

294 3802 433 3871 περὶ
465 3796 526 3854 οὗ
563 3803 698 3872 πρὸς
730 3804 961 3858 Ἡσαΐαν
996 3804 1101 3875 ἐφη
1135 3807 1164 3859 ὁ
1200 3779 1424 3875 Κύριοςξ
1470 3824 1490 3858 ι
1518 3779 1759 3875 Ποίησον⁷
1792 3779 1883 3876 μοι

1985 3809 2296 3863 existimare
2337 3824 2397 3863 se
2428 3808 2751 3861 Zachariam
2784 3808 2930 3861 hunc
2987 3807 3139 3859 illum
3200 3805 3377 3871 ipsum
3415 3815 3563 3860 esse.
3639 3779 3648 3790 ’

300 3896 591 3965 μάρτυρας
621 3899 857 3962 πιστοὺς,
872 3897 1218 3969 ἀνθρώπους,
1247 3899 1340 3951 τὸν
1369 3897 1577 3969 Οὐρίαν
1606 3899 1698 3952 τὸν
1731 3898 1884 3970 ίερέα

1981 3902 2049 3955 de
2079 3917 2189 3970 quo
2236 3901 2499 3954 Dominus
2549 3899 2615 3953 ad
2668 3898 2863 3953 Isaiam
2902 3896 3085 3952 verbis
3127 3895 3281 3948 hisce
3326 3892 3564 3946 mentio-

296 3990 396 4040 καὶ
430 3989 702 4057 Ζαχαρίαν
734 3988 851 4043 υἱὸν
880 3990 1180 4061 Βαραχίου.
1224 4008 1243 4042 ι

1982 4007 2107 4047 nem
2169 3991 2411 4046 fecerit:
2460 4007 2479 4043 ι
2510 3989 2781 4046 Adhibeto
2832 3989 2964 4042 mihi
3019 3996 3210 4052 testes,
3257 3984 3404 4038 viros
3455 3981 3567 4035 fide

297 4084 497 4155 dignus
520 4123 535 4147 ,
570 4084 754 4141 Uriam
791 4085 1129 4140 sacerdotem
1172 4092 1228 4139 et
1258 4082 1580 4138 Zachariam
1635 4081 1916 4139 Barachis
1952 4085 2123 4139 filium
2146 4085 2246 4138 η.»

378 4177 589 4246 Ἀχατζ
623 4177 681 4230 δέ
715 4180 743 4229 ὁ
773 4177 868 4232 τοῦ
904 4175 1142 4244 Ἰωάθαμ
1179 4174 1389 4237 πάντας
1426 4172 1788 4243 ὖπερενίκησε
1820 4175 1887 4245 τῇ

2061 4174 2193 4229 Post
2244 4173 2395 4228 hunc
2453 4173 2706 4229 Acltazus
2760 4168 3033 4226 Joatliami
3085 4166 3227 4219 filius
3287 4165 3567 4233 impietate

299 4270 556 4342 ἀσεϐείᾳ,
595 4271 678 4339 ἐφ’
704 4264 748 4339 ᾧ
792 4270 887 4322 καὶ
933 4269 1104 4322 πολλὰ
1148 4268 1294 4321 κακὲ
1340 4266 1559 4335 εὕρατο.
1610 4266 1720 4319 Kal
1765 4266 1887 4318 οὐδὲ

1990 4276 2218 4321 cunctos
2274 4268 2574 4336 superavit,
2628 4272 2961 4335 quapropter
3025 4260 3195 4314 multa
3252 4271 3445 4327 passus
3487 4265 3575 4309 est

297 4364 451 4419 οὕτω
482 4362 734 4435 συνῆκεν,
758 4364 911 4428 ἀλλὰ,
945 4382 963 4415 ι
992 4363 1245 4433 Ζητήσω,
1275 4380 1293 4412 ι
1328 4362 1505 4428 ἔλεγε,
1539 4360 1695 4421 (τοὺς
1725 4359 1882 4421 θεοὺς

1988 4358 2148 4412 mala.
2181 4361 2257 4411 Ae
2290 4372 2357 4412 ne
2391 4359 2468 4413 s'c
2499 4357 2716 4426 quidem
2753 4353 3075 4423 prudentior
3116 4350 3313 4404 factus.
3357 4368 3373 4397 ι
3400 4347 3563 4414 Quar-

300 4457 419 4512 τῶν
448 4457 620 4510 ἐθνῶν
644 4457 769 4517 τοὺς
794 4454 1098 4516 τύπτοντας
1129 4470 1218 4523 με,
1244 4454 1339 4507 καὶ
1367 4452 1515 4505 θύσω
1550 4451 1758 4514 αὐτοῖς,
1790 4448 1885 4503 καὶ

1988 4462 2131 4512 ram,
2198 4447 2399 4514 inquit,
2470 4446 2601 4497 deos
2663 4442 2912 4514 gentiles,
2964 4439 3057 4509 qui
3123 4452 3211 4491 me
3270 4435 3567 4505 ﬂagellant,

304 4548 698 4621 ἀντιλήψονται
751 4566 874 4619 μου.
933 4566 952 4600 ι
1002 4545 1164 4599 Ἀλλὰ
1209 4546 1306 4598 καὶ
1349 4544 1476 4605 τοὺς
1521 4543 1671 4605 υἱοὺς
1717 4539 1884 4594 αὑτοῦ
1912 4577 1965 4637 D

1912 4538 2180 4637 l)eisque
2236 4551 2393 4591 saera
2465 4534 2683 4597 faciam,
2742 4548 2806 4586 ac
2862 4529 3169 4600 impetrabo
3230 4526 3453 4581 tandem
3513 4536 3573 4579 ut

304 4618 503 4709 διῆγεν
526 4618 589 4693 ἐν
618 4618 770 4707 πυρί.
799 4637 864 4690 Τί
892 4637 947 4690 δὲ
977 4635 1134 4689 τοῦτο
1162 4632 1448 4696 ἐστιν;Ὧς
1485 4632 1583 4701 μέν
1617 4629 1883 4701 Ἰώσηπος
1912 4618 1964 4637 ³’

1912 4618 1964 4637 ³’
1997 4643 2158 4697 opem
2227 4626 2362 4681 mihi
2425 4625 2625 4679 ferant.
2676 4641 2694 4675 ι
2753 4620 2895 4687 Quin
2946 4621 3111 4675 etiam
3168 4618 3372 4672 liberos
3446 4627 3574 4670 suos

307 4733 547 4802 ἱστορεῖ.
581 4731 677 4784 ινα
706 4730 813 4783 τῶν
845 4728 980 4783 υίῶν
1010 4727 1175 4780 αὑτοῦ
1206 4724 1575 4779 ὡλοκαύτωσε
1606 4722 1683 4791 τῷ
1714 4720 1883 4776 Βάαλ.

2001 4736 2098 4791 per
2153 4719 2333 4790 ignem
2376 4716 2609 4786 trajecit.
2651 4714 2791 4781 Quid
2821 4722 3001 4767 autem
3026 4711 3168 4766 istuc
3207 4709 3437 4763 verbum
3468 4706 3573 4759 sibi

319 4798 469 4893 Ἐγῶ
490 4821 666 4894 οἶμαι,
695 4823 830 4894 φησὶ
856 4821 1226 4891 Οεοδώρητος.
1252 4820 1315 4874 τδ
1346 4820 1541 4888 μέχρις
1568 4817 1727 4887 ἡμῶν
1756 4815 1895 4884 φθά-

1995 4828 2204 4884 qnzeso,
2236 4810 2397 4865 vult?
2440 4808 2719 4879 Iosephus
2749 4806 2915 4860 tradit
2948 4804 3228 4858 Achazum
3280 4798 3571 4869 quemdam

308 4931 416 4968 σαν
450 4916 549 4984 τῆς
592 4913 801 4983 πλάνης
837 4907 979 4976 εἶδος
1017 4908 1271 4964 ἐντεῦθεν
1309 4906 1673 4961 αἰνίττεσθαι.
1709 4902 1895 4968 Ἀπαξ

1995 4919 2218 4959 suorum
2250 4902 2482 4955 filiorum
2507 4899 2651 4953 Baali
2675 4898 2853 4954 calido
2874 4896 3142 4952 sacrificio
3170 4904 3572 4947 concremasse.

304 5004 423 5076 γὰρ
449 4978 546 5057 τοῦ
571 5004 723 5065 ἔτους
748 4978 930 5075 πυρὰς
956 5003 1177 5073 ὁρῶμεν
1199 4999 1585 5068 ἁναπτομένας
1603 5036 1618 5060 ,
1646 4996 1744 5049 καὶ
1768 4993 1899 5047 ταύ-

1996 4996 2195 5051 Verum
2236 4994 2614 5048 Theodoretus
2648 4991 2807 5046 aliter
2857 4996 3066 5045 censet.
3126 5003 3145 5035 ι
3182 4982 3453 5043 Arbitror,
3492 4978 3577 5031 in—

305 5071 436 5159 ταίς
476 5097 629 5160 τινὰς
672 5071 1151 5166 ὑπεραλλομένους
1192 5092 1387 5154 παῖδας
1428 5107 1490 5143 τε
1533 5090 1628 5143 καὶ
1673 5087 1896 5158 ἄνδρας,

1997 5087 2136 5158 quit,
2178 5084 2333 5141 hisce
2366 5083 2550 5139 verbis
2574 5082 2870 5154 signiﬁcari
2890 5078 3130 5149 speciem
3161 5071 3455 5143 quamdam
3480 5082 3577 5122 er-

306 5189 452 5244 ἀλλὰ
487 5189 581 5241 καὶ
618 5160 794 5259 βρέφη
827 5160 1266 5257 παραφερόμενα
1300 5182 1387 5237 διὰ
1421 5183 1519 5253 τῆς
1556 5180 1752 5249 φλογὸς
1787 5176 1894 5230 ὑπὸ

1986 5180 2163 5244 .roris,
2198 5179 2292 5249 qui
2329 5178 2397 5233 ad
2428 5186 2615 5232 nostra
2641 5190 2813 5245 usque
2836 5182 3084 5240 tempora
3123 5164 3361 5222 duravit.
3414 5160 3578 5259 Vide-

306 5280 427 5335 τῶν
467 5280 724 5351 μητέρων
761 5278 964 5332 αὐτῶν.
1007 5277 1216 5330 Ἐδόκει
1256 5275 1313 5327 δέ
1350 5273 1518 5329 τοῦτο’
1550 5273 1895 5340 ἀποτροπια-

2004 5286 2122 5325 mus
2149 5262 2296 5324 enim
2336 5268 2505 5323 semel
2533 5268 2588 5322 in
2618 5280 2761 5320 anno
2793 5277 2955 5334 rogos
2986 5257 3232 5321 accendi,
3264 5252 3466 5323 quibus
3495 5250 3578 5303 in-

310 5341 566 5441 σμόςτίς
592 5341 731 5425 εἶναι
758 5372 853 5423 καὶ
880 5370 1171 5439 κάθαρσις.
1200 5368 1420 5435 Ταύτην
1446 5360 1608 5434 οῐμαι
1632 5361 1775 5416 κατὰ
1797 5358 1895 5413 τοῦ

2002 5361 2267 5432 jiciantur
2289 5360 2442 5430 pueri
2465 5359 2686 5429 quidam
2722 5364 2778 5411 et
2812 5354 2937 5411 viri.
2967 5352 3111 5419 Quin
3143 5348 3308 5403 etiam
3340 5341 3578 5399 infantes

315 5462 532 5534 ’Λχατζ
564 5463 903 5535 γεγενῆσθαι
932 5463 1031 5534 τὴν
1062 5461 1430 5532 κατηγορίαν,
1462 5458 1654 5530 ὂνίκαὶ
1686 5452 1897 5507 ἀποθα-

2008 5455 2076 5508 ab
2134 5453 2269 5523 ipsis
2323 5451 2592 5506 matribus
2648 5463 2743 5520 per
2792 5446 3065 5503 ﬂammam
3110 5442 3579 5508 transportantur.

309 5525 480 5609 νοντα
703 5525 998 5625 βασιλικῆς*
1020 5554 1120 5608 οὐκ
1149 5525 1414 5623 ἠξίωσαν.
1529 5525 1556 5530 ν

2009 5542 2142 5609 Quae
2172 5557 2260 5598 res
2295 5542 2514 5597 videtur
2540 5554 2663 5596 esse
2721 5537 2881 5609 quasi
2916 5535 3165 5607 quaedam
3201 5525 3582 5585 averruncatio

311 5659 375 5705 et
408 5623 686 5705 lustratio.
705 5623 868 5706 lianc
900 5623 972 5706 ob
1026 5662 1249 5708 causam
1273 5646 1554 5701 Achazum
1583 5644 1699 5714 ipse
1749 5637 2082 5714 reprehendi
2110 5646 2290 5708 putat,
2327 5650 2491 5707 quem
2526 5645 2703 5691 morte
2756 5631 3027 5689 sublatum
3064 5627 3211 5699 regio
3268 5623 3459 5679 funere
3500 5623 3583 5676 sui

314 5759 429 5800 non
460 5744 907 5798 cohonestaruut.

395 5856 911 5929 “'llf’aral.xxw,
938 5859 1031 5915 ‘22.
1085 5856 1426 5948 -"llParal.
1464 5870 1591 5922 xxv,
1627 5851 1709 5911 16.
1822 5850 1992 5907 "lsa.
2045 5864 2165 5913 vut,
2209 5847 2264 5905 2.
