4212 6448
754 381 865 442 367

755 585 1011 652 praeditus
1040 586 1166 651 fuit,
1204 590 1496 658 omniaque
1534 592 1789 658 przcstitit
1820 608 1941 662 qua:
1998 595 2128 648 olim
2167 594 2330 648 Davi-

751 674 871 736 des.
903 692 1041 730 unus
1075 692 1138 731 ev
1164 679 1463 747 majoribus
1520 681 1714 750 ipsius.
1779 685 2124 752 przestitrrat.
2185 686 2333 739 Inter

752 764 857 818 alia
891 779 1202 836 serpentem
1257 771 1535 823 aliencum
1593 789 1619 823 a
1653 773 1798 826 Mose
1836 775 2036 828 factum
2098 777 2326 831 attrivit.

751 853 886 908 Nam
923 858 988 909 ad
1022 858 1108 910 illa
1147 874 1319 927 usque
1361 870 1604 928 tempora
1659 861 1898 914 suﬂitum
1952 863 1999 915 ei
2059 863 2332 917 faciebant

749 946 1028 1002 lsraelitre.
1053 949 1197 1004 Idem
1219 966 1485 1004 summam
1517 954 1699 1020 templi
1731 969 1913 1005 curam
1941 955 2148 1016 habuit,
2173 971 2328 1008 cum-

698 1114 702 1121 .
751 1055 858 1108 que
886 1041 1200 1096 sacerdotes
1233 1046 1539 1098 mactandis
1573 1046 1814 1099 victimis
1842 1061 1946 1098 non
1992 1047 2326 1111 suilicerent,

695 1131 702 1156 ί
752 1143 813 1185 ιιι
863 1133 915 1185 in
968 1132 1310 1190 Omissorum
1363 1137 1505 1192 libro
1554 1148 1810 1192 narratur
1841 1141 1905 1202 ⁸⁷,
1970 1139 2189 1195 Levitas
2249 1141 2330 1194 eis

749 1238 953 1291 operas
1018 1226 1380 1280 subsidiarias
1435 1228 1615 1282 facere
1666 1229 1850 1298 jussit,
1905 1231 2051 1300 quod
2103 1231 2325 1299 quidem

751 1332 901 1368 nunc
947 1316 1111 1370 etiam
1177 1319 1291 1370 ﬁeri
1326 1319 1576 1374 videmus
1612 1339 1624 1374 :
1660 1337 1784 1374 nam
1827 1338 1950 1374 cum
2001 1323 2189 1376 senior
2219 1338 2326 1375 non

751 1407 909 1460 adest
933 1418 1095 1475 atque
1137 1424 1265 1463 usus
1301 1409 1373 1463 ita
1427 1410 1686 1478 postulat,
1751 1412 1912 1464 etiam
1947 1412 2209 1465 diaconus
2237 1428 2325 1464 rs-

751 1497 994 1564 quirenti
1033 1499 1364 1567 baptismum
1392 1501 1658 1567 impertiri
1690 1501 1926 1571 cogitur.
1975 1501 2110 1555 Cum
2143 1511 2326 1555 autem

751 1589 1164 1646 Srnacheribns
1189 1592 1594 1661 expeditionem
1629 1593 1892 1646 adversus
1929 1595 2104 1661 ipsum
2138 1608 2326 1647 susce-

750 1681 942 1748 pisset,
987 1683 1054 1736 ad
1088 1683 1282 1737 Isaiam
1319 1701 1444 1739 cum
1480 1685 1630 1740 hisce
1682 1687 1860 1739 verbis
1909 1687 2062 1740 misit
2093 1705 2106 1740 :
2142 1706 2159 1737 ι
2201 1688 2326 1742 Dies

751 1777 1016 1846 angustia:
1054 1786 1108 1830 et
1133 1778 1530 1846 explorationis
1576 1789 1632 1830 et
1665 1779 1967 1833 iracundia:
2023 1780 2326 1854 hodiernus

749 1867 870 1921 dies
922 1876 1025 1920 est.
1086 1865 1220 1920 Nam
1266 1869 1667 1938 partus'quasi
1723 1870 1944 1939 quidam
1984 1845 2170 1937 instat,
2223 1886 2325 1925 nec
2357 1841 2402 1899 Β

746 1959 912 2014 rnatri
949 1969 1159 2014 tantum
1187 1971 1270 2015 est
1290 1961 1488 2015 virium
1521 1973 1576 2016 ut
1605 1963 1737 2016 eniti
1769 1962 1938 2032 possit
1961 1964 2082 2016 ⁸⁷⁸.»
2117 1963 2328 2030 Quibus

749 2053 935 2108 verbis
977 2054 1080 2108 hoc
1145 2054 1351 2108 scilicet
1403 2054 1618 2108 voluit:
1670 2055 1875 2109 Ardent
1929 2055 2098 2110 animi
2134 2066 2188 2110 et
2248 2056 2327 2111 ira

751 2146 1001 2200 succensi
1043 2158 1196 2211 sunt,
1231 2162 1292 2201 ex
1320 2162 1429 2215 quo
1483 2147 1748 2216 Rapsacis
1780 2147 2145 2217 blasphemias
2174 2148 2327 2202 audi-

749 2242 970 2306 vimus;
1005 2255 1183 2310 neque
1223 2252 1405 2294 tamen
1468 2243 1669 2311 impios
1713 2240 1966 2296 homines
1997 2244 2178 2310 pmnis
2211 2241 2325 2294 atii-

751 2347 881 2387 ccre
916 2348 1230 2401 possumus.
1291 2334 1547 2388 Jusserat
1603 2333 1750 2388 enim
1809 2333 2219 2388 Senacherihus
2278 2336 2326 2389 ei

748 2442 852 2494 per
881 2426 1182 2497 itepsacem
1213 2429 1319 2483 dici
1371 2444 1439 2486 ne
1465 2444 1522 2483 se
1554 2428 1731 2498 decipi
1766 2445 1792 2481 a
1829 2429 1937 2482 Deo
1978 2443 2079 2483 suo
2115 2436 2330 2497 patere-

752 2529 861 2582 tur,
895 2522 1052 2589 cujus
1084 2535 1186 2589 ope
1223 2520 1397 2574 fretus
1427 2531 1592 2575 esset.
1631 2521 1833 2574 Verum
1872 2520 2013 2574 Deus
2040 2536 2331 2590 progresso

754 2613 812 2664 in
842 2612 1102 2680 templum
1174 2612 1283 2682 regi
1331 2621 1494 2678 atque
1545 2611 1615 2666 ibi
1667 2621 1884 2682 prccato
1934 2621 2109 2665 vatem
2139 2611 2328 2665 Isaiam

755 2717 881 2754 mox
911 2703 1104 2756 adesse
1147 2703 1322 2770 jubet,
1366 2718 1429 2757 ac
1467 2702 1706 2756 futuram
1753 2704 1854 2772 ipsi
1911 2702 2329 2771 prosperitatem

750 2795 1047 2863 significat.
1079 2794 1385 2864 hujusmodi
1420 2809 1552 2849 usus
1589 2795 1730 2848 inter
1770 2795 1874 2848 alia
1901 2795 2121 2849 verbis:
2167 2793 2330 2846 «Pio-

754 2887 1010 2958 pugnabo
1037 2885 1179 2941 hanc
1209 2886 1396 2941 urbem
1437 2896 1545 2941 tam
1603 2901 1723 2940 mea
1758 2901 1922 2955 quam
1962 2885 2187 2940 Davidis
2253 2885 2332 2939 ia-

751 2979 886 3032 muli
915 2980 1020 3033 mei
1051 2994 1272 3034 causa.»
1309 2978 1441 3045 Qua:
1473 2978 1695 3048 quidem
1729 2979 1800 3033 ita
1831 2977 2097 3033 divinitus
2120 2979 2330 3048 prolata

751 3081 904 3136 sunt,
932 3087 1002 3125 ne
1034 3081 1254 3142 putaret
1288 3071 1577 3126 Jezcchias
1607 3071 1912 3126 orationem
1963 3086 2118 3126 suam
2173 3071 2334 3140 justi-

2051 393 2462 456 MICHAEIJS
2499 397 2754 460 δινσιε

829 494 984 564 193
1019 496 1083 547 At
1113 496 1254 550 illius
1297 498 1470 566 ipsius
1506 495 1797 553 Jezechias
1860 514 2070 555 summa
2125 503 2327 558 virtute
2353 507 2404 564 Α

2515 509 2765 574 Ἐζεκίας
2793 511 2847 564 δὲ
2880 514 2908 564 6
2936 513 3124 566 τούτου
3159 515 3277 578 υἱδς
3307 514 3404 586 τὴν
3440 518 3753 585 ἀκροτάτην
3788 520 4016 583 κατώρ-

2437 597 2611 652 θωσεν
2641 601 2868 671 ἀρετὴν,
2900 603 2994 656 καὶ
3035 606 3207 659 πάντα
3242 608 3342 660 ὅσα
3378 608 3602 675 ἐποίησε
3637 609 3802 660 Δαίλδ
3839 612 3868 660 6
3911 626 4021 658 πα-

2433 690 2540 760 τὴρ
2584 692 2774 749 αὐτοῦ.
2816 695 2920 748 Σὺν
2961 699 3075 758 τοῖς
3115 697 3295 760 ἀλλοις
3337 704 3432 753 καὶ
3471 701 3564 752 τὸν
3607 699 3849 768 χαλκοῦν
3891 701 4018 767 ϐεριν

2434 781 2792 850 συνέτριψεν,
2825 784 2883 836 ὃν
2913 786 3135 856 ἐποίησε
3168 789 3374 858 Μωσῆς
3401 805 3415 820 ο
3449 789 3556 850 ἕως
3590 789 3702 858 γὰρ
3731 789 3842 842 τῶν
3876 792 4020 857 ἡμε-

2435 870 2545 938 ρῶν
2579 873 2802 925 ἐκείνων
2835 869 2976 942 ἦσαν
3010 876 3059 927 οἱ
3096 876 3201 928 υίοὶ
3240 877 3460 948 Ἰσραὴλ
3500 878 3803 946 θυμιῶντες
3839 881 4016 945 αὐτῷ.

2434 960 2546 1014 Καὶ
2593 963 2760 1032 ἄλλην
2807 966 2991 1018 πᾶσαν
3039 967 3364 1035 ἐπιμέλειαν
3418 968 3658 1021 ποιεῖται
3710 967 3803 1020 to?)
3861 967 4018 1024 ναοῦ,

2435 1055 2569 1107 Τότε
2595 1055 2658 1126 δὴ
2684 1058 2791 1109 τῶν
2817 1059 3014 1128 ίερίων
3039 1060 3114 1128 μὴ
3145 1059 3523 1130 ἐξαρκούντων
3549 1061 3629 1122 είς
3655 1061 3756 1122 τὰς
3785 1059 4018 1122 θυσίας,

2431 1148 2507 1209 ὡς
2537 1149 2568 1218 ή
2600 1149 2706 1201 τῶν
2739 1151 3238 1221 Παραλειπομένων
3273 1153 3455 1222 βίϐλος
3484 1154 3642 1221 φησὶ,
3679 1150 4017 1220 συνεϐοήθη-

2436 1257 2534 1292 σαν
2561 1241 2655 1294 καὶ
2678 1243 2726 1294 οἱ
2753 1240 2996 1297 Λευῖται.
3021 1244 3202 1313 Ὅπερ
3230 1245 3325 1296 καὶ
3349 1242 3446 1296 νῦν
3471 1244 3618 1296 ἐστιν
3647 1243 3776 1296 ίδείν
3811 1259 3827 1274 ·
3882 1257 3990 1310 πρε

2433 1331 2695 1402 σϐυτέρου
2732 1334 2842 1403 γὰρ
2876 1335 2951 1404 μὴ
2990 1337 3254 1406 παρόντος
3288 1338 3381 1390 καὶ
3400 1338 3498 1406 τῆς
3524 1337 3717 1407 χρείας
3751 1351 4016 1388 κατεπειο

2430 1421 2637 1490 γούσης
2683 1422 3053 1490 ἀναγκάζεται
3104 1425 3204 1476 καὶ
3254 1426 3506 1488 διάκονος
3554 1425 3896 1494 προσφέρειν
3944 1423 4020 1492 τῷ

2428 1512 2668 1583 δεομένῳ
2695 1515 2756 1565 τὸ
2787 1514 3091 1586 βάπτισμα.
3120 1517 3227 1569 Τοῦ
3259 1517 3608 1587 Σεναχηρελμ
3644 1517 4020 1586 στρατεύσαν-

2428 1623 2519 1665 τος
2580 1607 2700 1659 κατ’
2734 1607 2938 1674 αὐτοῦ,
2975 1608 3266 1662 ἀπέστειλε
3331 1609 3467 1678 πρὸς
3518 1609 3751 1662 Ἡσαΐαν
3811 1608 4014 1672 λέγων,

2436 1715 2454 1747 ι
2500 1695 2716 1768 Ἥμέρα
2756 1698 2989 1769 θλίψεως
3027 1701 3119 1754 καὶ
3160 1701 3394 1770 ἐλεγμοῦ
3438 1703 3546 1754 και
3572 1699 4020 1772 παροργισμοῦὴ

2429 1789 2612 1860 ἡμέρα
2640 1790 2802 1862 αὕτη.
2829 1794 2913 1846 ὅτι
2943 1790 3108 1865 ἦλθον
3133 1795 3182 1847 οἱ
3210 1795 3319 1848 uir).
3347 1795 3454 1857 ἕως
3481 1794 3712 1858 ὠδίνων,
3739 1794 3835 1846 καὶ
3867 1792 4015 1861 ἰσχὺς

2427 1880 2526 1932 οὐκ
2561 1881 2674 1934 ἐστι
2705 1885 2772 1951 τῇ
2809 1883 3093 1954 τικτούσῃ.
3136 1904 3154 1937 ι
3201 1883 3677 1954 Ἐμπιπρὰμεθα,
3713 1883 3851 1952 φησὶ
3874 1924 3889 1945 ,
3925 1882 4017 1932 καὶ

2429 1971 2777 2042 ἐξαπτόμεθα
2798 1974 2875 2044 τῷ
2900 1974 3059 2046 θυμῷ
3080 1976 3189 2029 τῶν
3214 1976 3309 2031 τοῦ
3337 1977 3620 2046 Ῥαψάκου
3651 1973 4015 2044 βλασφημιῶν

2428 2063 2803 2129 ἀκούσαντεςο
2855 2067 3086 2121 κολάσαι
3134 2068 3191 2122 δὲ
3238 2069 3365 2132 τοὺς
3411 2067 3699 2129 δυσσεϐεῖς
3748 2066 3810 2119 οὐ
3859 2064 4018 2117 δυνά-

2432 2155 2591 2224 μεθα.
2623 2158 2815 2224 Ἔλεγε
2859 2160 2966 2227 γὰρ
3008 2161 3036 2212 6
3081 2160 3423 2229 Σεναχηρεὶμ
3464 2160 3555 2211 διὰ
3583 2159 3679 2212 τοῦ
3711 2141 4016 2225 Ῥἆψάκουο

2436 2269 2453 2301 ι
2489 2250 2580 2320 Μὴ
2610 2250 2875 2303 ἀπατάτω
2903 2267 2962 2302 σε
2986 2253 3012 2302 6
3039 2250 3173 2315 Θεός
3201 2268 3295 2304 σου
3325 2245 3470 2318 ἐφ⁹ᾧ
3499 2249 3785 2311 πέποιθας.
3821 2267 3840 2300 ι
3878 2244 4019 2299 Ἀλλ’

2428 2343 2455 2394 6
2488 2340 2619 2404 Θεὸς
2649 2341 2933 2394 ἀνελθόντι
2964 2341 3041 2410 τῷ
3082 2341 3297 2411 βασιλεί
3331 2343 3408 2404 είς
3443 2341 3534 2394 τὸν
3567 2341 3694 2395 ναδν
3728 2342 3822 2394 καὶ
3856 2339 4017 2404 εὖξα-

2433 2433 2578 2501 μένῳ
2617 2433 2816 2486 αὐτίκα
2859 2433 3068 2486 στέλλει
3107 2433 3201 2485 τδν
3231 2434 3480 2497 Ἡσαΐαν,
3526 2432 3749 2501 μηνύων
3789 2431 3860 2483 τὰ
3900 2433 4018 2483 ἐσό-

2435 2541 2570 2593 μενα
2592 2524 2741 2593 αὐτῷ
2767 2524 3314 2596 χρηστάΤηνικαῦτα
3337 2526 3430 2576 καὶ
3453 2525 3562 2595 γὰρ
3584 2524 3788 2592 ἐλεγεν,
3812 2543 3830 2576 ι
3854 2523 4018 2576 ’Υπε-

2434 2617 2654 2686 ρασπιῶ
2693 2617 2788 2683 τῆς
2836 2617 3051 2680 πόλεως
3090 2617 3296 2685 ταύτης
3339 2617 3409 2669 δι’
3439 2618 3540 2687 ἐμὲ
3585 2619 3681 2670 καὶ
3722 2617 3814 2670 διὰ
3858 2617 4021 2669 Δαϐἶό

2431 2712 2523 2760 τὸν
2561 2710 2727 2762 παῖδά
2773 2727 2898 2778 μου.
2943 2729 2962 2761 ι
2997 2711 3112 2762 Ἴνα
3151 2712 3261 2781 γὰρ
3301 2710 3374 2780 μὴ
3411 2711 3611 2781 νομίσῃ
3650 2710 3904 2772 Ἐζεκίας
3939 2710 4018 2761 ὅτι

2432 2801 2522 2852 διὰ
2555 2802 2652 2871 τὴν
2683 2801 2851 2854 αὑτοῦ
2885 2802 3238 2872 δικαιοσύνην
3267 2804 3299 2872 ἡ
3335 2803 3526 2870 δέησις
3560 2801 3727 2854 αὑτοῦ
3765 2801 4021 2870 είσηκού-

2436 2891 2573 2959 σθη,
2609 2890 2784 2944 ταῦτα
2824 2891 2973 2958 λέγει
3020 2891 3244 2960 Κύριος.
3287 2891 3604 2960 Ἐμάθομεν
3636 2886 3732 2943 οὖν
3772 2891 4021 2942 ἐντεῦθεν

2433 2981 2645 3035 δτι³κα¹ι
2673 2982 2997 3052 τεθνηκότες
3026 2983 3075 3034 oi
3106 2983 3306 3036 δίκαιοι
3334 2981 3444 3036 τῶν
3472 2978 3695 3046 ζώντωῦ
3723 2985 4019 3053 προΐστατ-

2433 3092 2545 3127 ται.
2589 3074 2647 3127 ὐ
2681 3074 2866 3141 μέντοι
2901 3075 3150 3138 Ἐζεκίας
3183 3075 3276 3128 καὶ
3305 3074 3383 3144 τῷ
3415 3075 3536 3143 Θεῷ
3581 3075 3806 3146 ἐθάρῤει
3837 3077 3929 3127 καὶ
3958 3075 4023 3127 τὰ

752 3163 845 3217 tia:
901 3179 1087 3228 causa,
1145 3180 1251 3233 qua
1285 3163 1550 3231 praeditus
1608 3174 1759 3227 erat,
1820 3163 2132 3218 exauditam
2186 3180 2327 3219 esse.

2437 3165 2568 3232 παρ’
2599 3164 2794 3216 ἐχυτοῦ
2835 3166 3210 3234 συνεισέφερε.
3250 3166 3358 3218 Καὶ
3396 3167 3618 3236 πρῶτον
3651 3169 3749 3228 τάς
3785 3167 3896 3235 πρὸ
3927 3167 4021 3231 τῆς

751 3253 1022 3308 Praeterea
1081 3255 1207 3309 licet
1273 3254 1404 3308 hinc
1470 3255 1777 3326 intelligere
1842 3256 2019 3325 justos
2078 3256 2332 3309 homines

755 3346 922 3400 etiam
945 3347 1054 3400 vita
1093 3345 1313 3400 functos
1341 3347 1642 3400 viventium
1680 3355 1945 3416 patronos
1973 3362 2158 3417 agere.
2213 3345 2332 3398 (Ian

755 3451 936 3494 tcrum
966 3439 1250 3496 Jezcehias
1281 3447 1336 3494 et
1367 3439 1566 3493 fidebat
1597 3439 1710 3493 Deo
1742 3448 1796 3492 et
1821 3454 1974 3492 suam
1997 3453 2213 3507 quoque
2243 3437 2331 3492 θὶ-

755 3530 1038 3599 ligentiam
1070 3528 1382 3583 adhibebat.
1407 3528 1650 3583 Primum
1677 3529 1820 3582 enim
1859 3527 2059 3588 fontes,
2089 3528 2179 3596 qui
2205 3538 2332 3580 ante
2377 3533 2380 3536 ’

757 3623 947 3676 urbem
972 3631 1150 3676 erant.
1189 3621 1504 3685 obstruxit;
1574 3620 1776 3674 deinde
1843 3631 2023 3674 turres
2071 3621 2122 3672 in
2161 3621 2330 3672 altum

755 3713 1038 3776 excitavit,
1100 3713 1344 3782 itemque
1393 3711 1752 3766 munitionem
1815 3711 2106 3777 quamdam
2171 3711 2330 3764 aliam

755 3807 1065 3861 a-diiiravit.
1099 3807 1305 3861 Deinde
1335 3806 1537 3860 accidit
1571 3814 1630 3858 ut
1676 3819 1801 3857 cum
1838 3812 2094 3870 praesenti
2138 3804 2332 3857 mortis

758 3899 1004 3969 periculo
1052 3899 1354 3968 langueret.
1417 3897 1786 3962 Quamobrem
1852 3896 2092 3952 demisso
2152 3895 2336 3950 animo

757 4003 931 4046 semet
981 3991 1046 4044 ad
1081 3989 1367 4042 Dominum
1425 3991 1718 4052 convertit,
1771 3990 2234 4057 quemadmodum
2276 3992 2329 4042 in

756 4085 1097 4136 Omissorum
1131 4083 1269 4135 libro
1302 4083 1578 4135 memoria:
1606 4083 1878 4150 proditum
1917 4080 2083 4136 est".
2127 4100 2144 4131 ι
2172 4081 2330 4136 Jrze-

758 4174 931 4238 chias,
965 4172 1160 4241 inquit,
1199 4187 1264 4224 ex
1313 4171 1422 4224 imo
1480 4168 1702 4240 pectore
1762 4187 1819 4225 se
1882 4171 2156 4226 demisit.»
2196 4172 2333 4235 Ouia

758 4268 904 4321 enim
945 4275 1098 4336 pater
1129 4265 1304 4334 ipsius
1334 4264 1613 4318 oraculum
1647 4276 1935 4334 acceperat
1964 4265 2280 4333 hujusmodi
2317 4281 2331 4318 :

774 4360 887 4414 «En
921 4358 1070 4427 virgo
1098 4371 1382 4428 pra‘gnans
1417 4355 1634 4418 erit",i
1671 4357 1911 4424 seipsnni
1936 4366 2152 4426 putarat
2185 4356 2335 4408 illum

766 4450 1184 4507 Emmanuelum
1223 4463 1364 4511 esse,
1394 4463 1456 4501 ac
1486 4447 1870 4517 promissionis
1903 4457 2160 4500 eventum
2202 4447 2255 4499 in
2280 4462 2338 4500 sc

2435 3258 2647 3319 πόλεως
2678 3257 2862 3326 πηγὰς
2893 3255 3208 3326 ἐνέφραξεν,
3237 3257 3430 3308 ἔπειτα
3460 3259 3590 3320 τοὺς
3620 3258 3869 3327 πύργους
3901 3258 4022 3309 ἀνέ-

2435 3366 2634 3418 στησεν
2665 3351 2742 3410 είς
2779 3347 2911 3417 ὕψος
2935 3348 3080 3411 ,Ἓιαὶ
3114 3349 3488 3418 προτείχισμα
3521 3350 4020 3418 προσῳκοδόμησιν

2433 3441 2644 3505 ἕτερον.
2681 3441 2817 3492 Τότε
2862 3441 3057 3510 συνέϐη
3103 3439 3195 3492 καὶ
3229 3441 3298 3492 τὰ
3337 3443 3472 3509 πρὸς
3510 3440 3743 3494 θάνατον
3779 3441 4016 3508 μαλακιο

2437 3532 2629 3600 σθῆναι
2667 3532 2832 3584 αὑτὸν
2855 3571 2868 3593 ,
2904 3530 3045 3583 ὥστε
3078 3532 3482 3586 ταπεινωθέντα
3517 3533 3850 3602 ἐπιστρέψαι
3887 3533 4018 3604 προς

2435 3623 2666 3690 Κύριον,
2701 3622 2776 3676 ὡς
2807 3623 2864 3674 ἐν
2893 3625 2959 3691 τῇ
2995 3622 3163 3691 βίϐλῳ
3194 3623 3306 3676 τῶν
3338 3625 3841 3693 Παραλειπηομένων
3877 3626 4015 3677 ίστό-

2441 3731 2599 3782 ρηται
2627 3731 2642 3744 -
2685 3733 2701 3763 ι
2745 3715 2853 3765 Καὶ
2879 3715 3239 3784 ἐταπεινώθη,
3284 3733 3302 3766 ι
3341 3715 3449 3782 γάρ
3475 3733 3662 3785 φησιν,
3705 3734 3722 3764 ι
3771 3716 4018 3779 Ἐζεκίας

2436 3808 2544 3859 ἁπδ
2570 3805 2664 3858 τοῦ
2695 3805 2861 3873 ὕψους
2888 3807 2988 3874 τῆς
3015 3807 3242 3875 καρδίας
3269 3806 3457 3859 αὐτοῦ.
3497 3828 3513 3856 ι
3545 3807 3652 3858 Τοῦ
3681 3808 3792 3875 γὰρ
3820 3807 4020 3873 πατρὸς

2437 3897 2604 3953 αὑτοῦ
2642 3899 2839 3966 Ἀχάτζ
2875 3899 2976 3967 τὴν
3017 3900 3356 3966 προφητείαν
3396 3898 3715 3964 δεξαυένου.
3768 3917 3785 3948 ι
3822 3898 4016 3964 Ἰδοὺή

2439 3990 2708 4058 παρθένος
2741 3991 2798 4041 ἐν
2825 3991 3024 4058 γαστρὶ
3054 3989 3185 4052 ἔξει,
3205 4009 3221 4041 ι
3256 3990 3418 4052 αὐτός
3448 4007 3506 4041 τε
3541 3989 3796 4056 ἐνόμισεν
3827 3983 3971 4041 εἶναι
3997 3990 4020 4038 6

2452 4081 2807 4150 Ἰείςιμανουὴλ
2831 4119 2844 4142 ,
2884 4083 2982 4133 καὶ
3013 4080 3088 4143 ὡς
3124 4082 3205 4142 είς
3239 4081 3404 4133 αὐτὸν
3438 4079 3507 4132 τὰ
3542 4080 3642 4149 τῆς
3683 4081 4017 4146 ἐπαγγελίας

2443 4174 2778 4244 ἐκϐήσεται·
2818 4172 2905 4240 ἐφ’
2935 4168 2979 4240 ᾧ
3021 4174 3325 4242 παρθενίαν
3360 4173 3549 4225 ἀσκῶν
3583 4172 3789 4241 γάμοις
3825 4171 4019 4240 ὁμιλῆο

2443 4282 2532 4316 σαι
2565 4266 2665 4317 οὐκ
2703 4265 2918 4333 ἤθελεν.
2959 4265 3118 4318 Ἀ).λά
3153 4267 3248 4318 καὶ
3275 4265 3377 4334 τὴν
3407 4265 3514 4317 τῶν
3544 4251 3866 4332 ἀλλοφύλων
3903 4262 4020 4316 ἰδὼν

2443 4356 2722 4410 ἀπώλειαν
2763 4355 3136 4428 (ὕπ’ἀγγέλου
3184 4361 3278 4412 καὶ
3323 4359 3431 4426 γὰρ
3478 4360 3534 4408 ἐν
3579 4358 3718 4428 μέση
3749 4357 3910 4409 νυκτὶ
3953 4351 4018 4408 τι¹

2442 4450 2678 4519 χιλιάδες
2722 4449 3116 4520 ἀνῃρέθησαν),
3144 4449 3417 4518 ὲπηὲξχνε
3465 4449 3666 4517 μᾶλλον
3709 4449 3810 4515 τὴν
3856 4444 4018 4498 αὑτοῦ

757 4548 920 4600 tinem
955 4543 1292 4596 habiturum.
1321 4541 1670 4609 Quapmpter
1710 4539 2083 4607 virginitatem
2144 4539 2330 4593 colens

2445 4541 2725 4594 ἀπόνοιαν.
2766 4542 2881 4608 Ἐφ’
2913 4535 2956 4607 ᾧ
3000 4541 3338 4603 συνετὶζεται
3384 4541 3532 4609 παρὰ
3578 4539 3814 4607 Κυρίου,
3863 4539 4020 4605 σήψει

755 4636 911 4691 nullo
940 4635 1176 4706 coniugii
1219 4632 1402 4688 studio
1426 4633 1737 4688 tenebatur.
1770 4631 2034 4685 Praeterea
2088 4646 2214 4686 cum
2248 4647 2340 4685 ex-

759 4743 1074 4784 traneorum
1109 4728 1391 4781 interitum
1418 4725 1822 4795 conspexisset,
1872 4739 1938 4778 ex
1985 4724 2184 4794 quibus
2228 4739 2334 4778 una

758 4831 924 4877 nocte
951 4820 1053 4875 183
1089 4819 1256 4871 millia
1297 4827 1425 4870 sunt
1461 4817 1528 4870 ab
1557 4818 1748 4884 angelo
1781 4817 2130 4884 interempta,
2159 4815 2337 4880 magis

757 4917 922 4969 etiam
955 4913 1008 4966 in
1039 4911 1298 4980 Opinione
1324 4925 1420 4964 sua
1457 4909 1653 4963 stolida
1691 4907 2143 4962 confirmabatur.
2181 4906 2333 4970 Qua-

759 5017 986 5076 propter
1021 5019 1049 5058 a
1085 5003 1314 5056 Domino
1350 5001 1416 5053 ad
1459 5000 1670 5069 frugem
1708 5008 2018 5063 revocatur,
2075 4998 2214 5066 pede
2250 4999 2332 5053 sic

758 5097 962 5151 afﬂicto
993 5095 1180 5163 utjam
1214 5102 1577 5163 putresceret.
1653 5090 1759 5145 Sed
1803 5101 1982 5144 tamen
2034 5091 2082 5143 ei
2134 5089 2332 5144 deinde

759 5191 975 5258 signum
1003 5187 1272 5256 quoddam
1305 5183 1476 5245 dedit,
1509 5197 1574 5236 cx
1609 5198 1718 5251 quo
1757 5198 1814 5237 se
1843 5191 2073 5237 mortem
2109 5182 2158 5235 id
2195 5193 2332 5237 tem-

759 5285 910 5352 poris
955 5295 1064 5333 non
1108 5277 1387 5330 obiturum
1426 5273 1587 5345 194
1626 5274 1995 5342 intelligeret:
2031 5293 2049 5325 ‹
2083 5272 2187 5332 En.
2245 5274 2332 5327 in-

757 5377 898 5440 quit,
940 5387 1040 5443 ego
1089 5378 1403 5424 convertam
1435 5368 1682 5420 umbram
1709 5365 1995 5435 graduum,
2053 5381 2192 5434 quos
2227 5367 2337 5436 jam

758 5467 953 5520 decem
997 5465 1077 5518 sol
1105 5461 1391 5517 descendit
1423 5462 1475 5513 in
1506 5461 1573 5513 iis
1606 5460 1698 5528 qui
1737 5468 1866 5513 snnt
1929 5459 1982 5513 in
2021 5459 2188 5514 domo
2248 5471 2338 5513 tua

761 5570 990 5630 paterna
1031 5556 1307 5627 gradibus.
1344 5573 1360 5604 ι
1421 5553 1667 5607 Tradunt
1722 5553 1867 5606 enim
1906 5553 2181 5607 Achazunt
2245 5569 2340 5622 per

763 5650 1074 5707 machinam
1111 5648 1404 5718 quamdam
1447 5646 1500 5700 in
1535 5646 1698 5701 domo
1723 5661 1819 5702 sua
1845 5646 2044 5712 gradus
2072 5645 2335 5716 quosdam

862 5831 903 5865 "
935 5832 977 5888 il
1006 5830 1175 5886 f'aral
1219 5847 1347 5899 xxv,
1387 5831 1465 5886 i3.
1552 5831 1610 5863 (τ’
1641 5829 1704 5886 ιγ
1747 5827 1876 5898 Heg.
1916 5842 2026 5893 λιι,
2057 5827 2107 5883 5.

2192 5827 2230 5860 ³⁸
2259 5825 2304 5889 ,‘i
2335 5825 2508 5884 Paral.
2543 5841 2709 5894 xuii,
2761 5824 2848 5882 26.

2445 4633 2606 4695 ποδὸς
2640 4633 2971 4702 ὑποϐληθείς
2999 4649 3013 4663 ο
3052 4633 3280 4699 σημεῖόν
3310 4649 3367 4683 τε
3397 4633 3610 4684 δίδωσιν
3641 4630 3792 4698 αύτῷ
3822 4630 3897 4693 ὡς
3929 4631 4020 4681 οὐκ

2442 4725 2797 4776 ἀποθανεῖται
2845 4723 3017 4786 οὕτως
3062 4725 3220 4792 ἔχων·
3269 4744 3286 4775 ι
3331 4724 3461 4776 Ἰδοὺ
3509 4722 3622 4788 ἐγὼ
3670 4726 3894 4792 στρέφω
3933 4722 4020 4790 τῆν

2444 4817 2602 4870 σκιὰν
2629 4819 2738 4870 τῶν
2767 4818 3104 4887 ἀναϐαθμῶν
3132 4818 3226 4879 οὓς
3256 4819 3459 4886 κατέϐη
3490 4819 3517 4869 6
3547 4819 3702 4887 ἣλιος
3730 4817 3859 4878 τοὺς
3892 4817 4019 4868 δέκα

2442 4909 2797 4979 ἀναϐαθμοὺς
2830 4908 2925 4962 τοῦ
2960 4911 3113 4964 οἷκον
3148 4911 3241 4962 τοῦ
3277 4911 3480 4977 πατρός
3518 4927 3636 4961 σου.
3684 4929 3700 4958 ι
3738 4909 3882 4960 Φασὶ
3921 4909 4019 4975 γὰρ

2445 4999 2536 5051 τὸν
2565 4999 2772 5068 ’Λχάτζ
2800 5002 2862 5050 ἐκ
2894 4999 3145 5068 μηχανῆς
3169 5016 3314 5062 τινος
3344 5001 3399 5050 ἐν
3426 4999 3504 5068 τῷ
3533 5000 3666 5066 οἴκῳ
3693 4998 3866 5051 αὐτοῦ
3893 5002 4016 5053 ἀνα-

2450 5090 2698 5160 ϐαθμούς
2730 5092 3143 5143 κατασκευάσαι
3172 5090 3322 5151 τινας
3351 5085 3461 5141 οἷον
3487 5073 3904 5158 ὡρολογοῗιντας
3933 5086 4021 5139 καὶ

2446 5183 2540 5235 τὸν
2575 5184 2666 5235 τοῦ
2705 5183 2863 5252 ἡλίου
2902 5183 3100 5251 δρόμον
3139 5181 3561 5250 ὲκμετροὶντας.
3602 5182 3736 5233 Τότε
3776 5180 3962 5231 λοιπζν
3997 5182 4022 5230 6

2443 5275 2577 5337 Θεὸς
2603 5278 2680 5337 είς
2709 5275 2896 5326 πίστιν
2920 5275 3028 5326 τῶν
3051 5275 3362 5344 λεγομένων
3388 5271 3717 5342 (προσετίθη
3743 5272 3853 5341 γὰρ
3880 5270 4020 5338 nisi?)

2441 5369 2535 5422 καὶ
2558 5369 2720 5436 ἕτερα
2745 5367 2892 5437 ζωῆς
2914 5368 3008 5437 ἐτη
3037 5367 3466 5435 πεντεκαίδεκα)
3493 5365 3688 5418 ἀνὸπιν
3716 5365 3857 5418 ἱέναι
3884 5366 4019 5416 ποιεί

2438 5461 2538 5531 τὴν
2567 5459 2661 5512 τοῦ
2690 5461 2845 5530 ἡλίου
2877 5461 3068 5524 σκιὰν,
3100 5461 3290 5529 ἐπειδὴ
3322 5462 3418 5511 καὶ
3445 5461 3473 5511 6
3509 5459 3762 5528 Ἑζεκίας
3793 5457 3904 5509 ἀπὸ
3928 5457 4013 5506 δυο

2441 5553 2592 5621 σμῶν
2639 5551 2732 5611 τοῦ
2782 5551 2898 5621 βίον
2947 5551 3040 5604 ἐπὶ
3090 5551 3350 5619 δευτέραν
3397 5551 3576 5619 ἀρχὴν
3627 5547 4011 5615 ἐπαλινδρόμει

2438 5646 2584 5718 ζωῆς
2609 5661 2625 5678 ·
2659 5645 2745 5715 ἐφ’
2768 5640 2813 5714 ᾦ
2842 5645 2902 5698 τὸ
2934 5644 3030 5698 τοῦ
3060 5643 3212 5714 ἡλίου
3245 5647 3472 5715 σημεῖον
3493 5682 3507 5710 ,
3540 5643 3635 5697 καὶ
3665 5641 3764 5712 οὐχ
3794 5641 4004 5711 ἕτερον,

2957 5827 2995 5859 ⁸⁸
3020 5825 3122 5882 lsa.
3157 5838 3251 5892 vn,
3297 5822 3378 5876 Η.
