4212 6448
263 359 375 419 369

1501 360 1903 420 ANNAIJUM
1942 363 2132 419 i’AilS
2177 362 2257 420 il.
3403 362 3508 424 ἴῖῖθ

263 467 427 520 διδωσ
454 486 481 518 ν
517 469 547 519 6
587 468 740 532 Θεός.
781 469 992 522 Γίνεται
1034 470 1128 523 οὖν
1166 473 1196 539 ἡ
1247 472 1426 541 ἡμέρα
1472 472 1653 540 ἐκείνη
1699 473 1839 524 κατὰ

1949 473 2212 536 effecisse,
2241 475 2331 543 qui
2363 475 2523 527 horas
2563 485 3058 528 commonstrarent
3109 487 3161 529 et
3220 476 3348 528 solis
3380 491 3509 526 cur-

260 559 355 609 τὶν
391 559 710 612 Ἱππόλυτον
741 561 1038 628 τριάκοντα
1076 566 1168 616 καὶ
1205 563 1296 614 δύο
1332 563 1492 632 ὡρῶν
1518 581 1530 594 ο
1565 565 1690 624 τοὺς
1729 564 1836 632 γὰρ

261 647 397 700 δέκα
443 649 789 715 ἀναϐαθμοὺς
838 651 1153 722 διαδραμὼν
1196 654 1223 704 ὁ
1273 653 1421 723 ἥλιος
1466 655 1592 714 τοὺς
1644 654 1839 716 αὐτοὺς

266 740 429 794 πάλιν
459 743 797 812 ἀνέδραμεν,
829 739 947 796 εἶτα
981 747 1046 813 τῇ
1084 745 1192 815 ἰδίᾳ
1222 745 1462 810 διατάξει
1495 746 1839 814 χρησάμενος

264 833 359 884 ἐπὶ
387 834 597 901 δυσμὰς
627 831 759 903 ἦλθε
785 837 913 899 τοὺς
942 835 1149 889 δώδεκα
1182 838 1344 890 πάλιν
1370 837 1697 906 διαδραμών.
1732 839 1838 890 Καὶ

261 923 409 976 οὕτω
438 925 537 992 μὶν
562 926 918 989 ὀῚππὸλυτος
949 943 961 955 ·
992 928 1021 979 6
1048 928 1102 980 δὲ
1132 931 1478 998 πατριάρχης
1513 929 1842 996 Ἀντιοχείας

265 1015 568 1080 Εὑηστάθιος
598 1017 771 1070 εἰκοσι
800 1019 890 1069 καὶ
918 1019 1012 1071 δῦο
1042 1019 1190 1082 λέγει
1221 1021 1474 1086 γενέσθαι
1503 1021 1599 1088 τὴν
1628 1020 1842 1088 ἡμέραν

263 1106 482 1176 εκείνην
506 1106 665 1172 ὠμῶν
689 1123 705 1138 ο
739 1110 795 1158 ἐν
822 1110 954 1176 ῥιπῇ
986 1109 1092 1176 γὰρ
1120 1108 1399 1177 οφθαλμοῦ
1426 1110 1603 1175 λέγειν
1628 1109 1803 1162 ἔοικεν
1823 1148 1838 1172 ,

263 1196 326 1248 οὐ
367 1198 472 1265 μὴν
503 1198 561 1249 ὲν
583 1195 766 1265 ὦραις
802 1197 934 1248 δέκα
966 1198 1058 1248 τὸν
1089 1197 1182 1249 τοῦ
1217 1199 1372 1268 ἡλίου
1412 1198 1668 1266 γενέσθαι
1707 1199 1840 1250 ἀνα-

266 1285 554 1352 ποδισμόν.
595 1284 753 1338 Οὕτω
795 1286 892 1353 μὲν
931 1280 1024 1338 οὖν
1064 1285 1139 1338 κδ’
1165 1286 1324 1355 ὡρῶν
1364 1289 1396 1356 η
1436 1287 1621 1358 ἡμέρα
1661 1288 1843 1357 ἐκείνη

263 1378 482 1441 γέγονε,
515 1376 635 1429 καθ’
659 1377 724 1445 ἢν
754 1378 782 1427 6
808 1375 902 1428 τοῦ
936 1377 1095 1445 Ναυῆ
1132 1378 1340 1447 Ἰησοῦς
1373 1380 1429 1431 ὲν
1458 1379 1606 1448 αὑτῷ
1636 1380 1714 1450 τῷ
1747 1398 1842 1448 με-

267 1468 642 1536 σουρανήματι
689 1467 781 1519 τὸν
825 1468 976 1536 ⁴ἥλιον
1021 1470 1245 1539 ἔστησεν
1291 1471 1507 1540 ἡμέρας
1550 1472 1676 1539 ὅλης
1723 1471 1842 1524 διά-

266 1574 491 1627 στημαο
538 1559 625 1611 διὰ
670 1560 777 1628 γὰρ
821 1558 881 1624 ἓξ
922 1559 1152 1627 ἀνῆλθεν
1196 1560 1376 1630 ὡρῶν,
1417 1562 1513 1614 καὶ
1554 1559 1621 1614 δι’
1641 1562 1844 1628 ὁμοίων

265 1644 422 1709 αὖθις
455 1647 618 1717 μέσον
643 1647 736 1700 τοῦ
766 1649 1021 1717 οὐρανοῦ.
1051 1649 1292 1702 Γίνωσκε
1321 1650 1379 1702 δὲ
1399 1689 1413 1713 ,
1446 1649 1698 1720 ἀγαπητὲ
1718 1691 1730 1715 ,
1761 1651 1842 1703 ὅτι

264 1738 390 1793 οὔτε
435 1741 875 1810 προηγουμένως
913 1741 1041 1811 ἔστη
1089 1743 1117 1794 6
1161 1743 1348 1812 ἥλιος,
1390 1741 1515 1795 οὗτε
1555 1743 1618 1795 τὸ
1659 1742 1844 1811 θαῦμα

264 1832 400 1900 περὶ
436 1833 595 1900 μόνον
628 1832 720 1884 τὸν
753 1831 904 1901 ἥλιον
941 1833 1187 1900 γέγονεν,
1230 1833 1365 1886 ἀλλά
1408 1833 1536 1903 περὶ
1567 1834 1730 1886 αὐτὸν
1760 1833 1848 1886 τὸν
1877 1813 1922 1872 Β

265 1923 485 1992 πρῶτοί
513 1921 743 1992 οὐρανόν
768 1939 782 1955 ο
816 1921 981 1975 αὑτοῦ
1013 1924 1120 1994 γὰρ
1150 1923 1485 1987 κωλυθέντος
1515 1925 1615 1993 τῆς
1656 1925 1846 1994 πρόσω

264 2015 438 2086 φορᾶς
472 2013 548 2085 τῷ
584 2013 715 2084 θείῳ
749 2017 1167 2086 προστάγματι,
1215 2016 1430 2084 ἀνάγκη
1467 2017 1618 2068 πᾶσα
1654 2015 1846 2084 στῆναι

267 2113 367 2164 καὶ
404 2096 495 2162 τὸν
531 2109 679 2178 αὐτῷ
721 2108 1148 2179 συγκινούμενον
1183 2109 1354 2178 ἥλιον.
1389 2110 1498 2161 Καὶ
1539 2108 1728 2162 πείθου
1766 2106 1843 2172 τῷ

273 2201 494 2272 μεγάλῳ
527 2201 766 2270 Μαξίμῳ
797 2203 854 2254 ὲν
881 2203 995 2264 τοῖς
1024 2202 1159 2270 πρὸς
1189 2199 1498 2252 Θαλάσσιον
1528 2198 1671 2252 οὕτω
1703 2199 1843 2252 κατά

274 2293 428 2360 ῥῆμα
455 2290 700 2355 διεξιόντι
732 2291 858 2360 περὶ
886 2291 1098 2344 τούτου·
1140 2309 1159 2342 ι
1199 2291 1381 2343 Ἠλίου
1412 2291 1467 2343 δὲ
1499 2290 1590 2342 καὶ
1621 2291 1848 2359 σελήνης

271 2381 479 2452 δρόμον
527 2382 806 2434 ἀκώλυτον
853 2383 1052 2451 ἐπέσχε
1105 2382 1422 2452 παραδόξως
1472 2381 1500 2432 6
1548 2380 1701 2442 Θεὸς,
1751 2381 1850 2448 τὴν

271 2472 585 2542 ἀεικίνητον
606 2471 700 2525 τοῦ
726 2473 927 2536 παντὸς
952 2473 1112 2538 φύσιν
1141 2474 1344 2540 στήσας
1367 2473 1643 2541 ἀκίνητον.
1665 2469 1850 2522 Ἰἀῦτα

272 2562 334 2616 δὲ
363 2565 392 2616 ὁ
419 2565 523 2638 τῷν
552 2563 689 2616 ὅλων
716 2564 1121 2633 θαυματουργεῖ
1149 2563 1300 2629 Θεὸς,
1333 2564 1396 2616 ἵν’
1419 2561 1674 2615 ἐντεῦθεν
1698 2562 1850 2632 δείξῃ

272 2654 462 2722 σαφῶς
499 2655 573 2716 ὡς
608 2654 730 2707 οὔτε
766 2655 890 2723 ὅρος
925 2653 1049 2706 οὔτε
1087 2655 1300 2722 ἀνάγκη
1336 2656 1446 2716 τοῖς
1482 2653 1698 2723 ἄστροις
1735 2653 1853 2705 ἐπί-

270 2749 476 2811 κειται,
501 2748 753 2817 καθάπερ
775 2746 1037 2817 ᾠήθησαν
1057 2747 1106 2800 οί
1130 2747 1337 2810 πολλοὶ,
1366 2745 1652 2813 βλέποντες
1675 2744 1854 2797 ὡσαύ-

273 2857 388 2902 τως
418 2841 505 2892 ἀεὶ
533 2841 886 2910 κινουμένους
916 2841 1136 2902 αὐτούς.
1165 2842 1382 2909 Ἱστησι
1409 2839 1596 2891 λοιπὸν
1627 2839 1849 2905 αὐτοὺς,

271 2933 377 3002 τὴν
413 2932 508 2984 ἰπὶ
544 2932 678 2984 πᾶσι
715 2930 1026 3000 προσοῦσαν
1064 2930 1213 3000 αὑτῷ
1255 2932 1540 3001 παριστῶν
1579 2930 1850 2996 ἐξουσίαν,

186 3026 194 3030 ’
271 3022 374 3074 καὶ
404 3020 667 3089 φέρεσθαι
695 3017 850 3084 αὖθις
877 3023 944 3093 ἐᾷ
970 3021 1112 3075 κατὰ
1137 3021 1226 3078 τὸν
1253 3020 1491 3093 ἀρχῆθεν
1517 3023 1702 3085 αὐτοῖς
1735 3023 1854 3075 ἐπι-

271 3112 502 3166 τεθέντα
537 3114 758 3184 θεσμόν.
803 3132 823 3168 ι

1941 581 2060 618 sum
2093 567 2439 618 metirentur.
2469 566 2654 634 Itaque
2687 567 2833 620 Deus
2863 577 2919 619 ut
2944 567 3010 619 iis
3040 582 3161 634 quze
3187 567 3513 633 prmdixerat

1944 656 2104 710 tidem
2165 656 2367 709 faceret
2413 658 2796 725 (adjecturum
2866 658 3011 711 enim
3051 673 3108 710 se
3159 656 3514 724 promittebat

1942 746 2114 814 ipsius
2149 747 2268 799 \ita‘
2308 747 2618 814 quindecim
2653 749 2868 816 annos),
2902 747 3084 800 clTecit
3117 756 3175 799 ut
3206 748 3395 798 umbra
3421 763 3517 796 sos

1940 836 2008 890 iis
2043 847 2186 889 retro
2216 837 2559 904 graderetur,
2602 836 2820 905 quando
2851 838 3015 890 etiam
3062 836 3348 888 Jezeehias
3399 835 3516 902 ipse

1941 929 2009 980 ab
2064 942 2265 979 occasu
2320 927 2441 979 vit:e
2487 944 2596 981 suzc
2634 927 2696 980 ad
2749 929 2975 980 alterum
3035 927 3187 994 quasi
3241 926 3514 994 quoddam

1942 1020 2067 1071 vita:
2102 1018 2432 1086 principium
2478 1018 2875 1071 revertebatur.
2935 1016 3279 1084 Quapropter
3321 1017 3424 1068 hoc
3468 1015 3516 1067 ei

1942 1110 2008 1163 de
2055 1110 2168 1162 sole
2210 1111 2426 1178 signum
2473 1109 2637 1170 Deus,
2692 1123 2798 1160 non
2841 1107 2986 1159 aliud
3021 1107 3193 1159 dedit.
3267 1106 3343 1158 Ac
3375 1106 3518 1158 diem

1943 1201 2163 1268 quidem
2189 1200 2339 1252 illum
2372 1199 2892 1268 tradit'llippolylus
2927 1198 3146 1266 triginta
3192 1196 3331 1250 duas
3359 1197 3520 1248 horas

1944 1294 2201 1347 habuisse
2229 1312 2242 1347 :
2273 1294 2350 1347 sol
2388 1293 2534 1347 enim
2567 1293 2764 1360 gradus
2791 1293 2978 1345 decem
3012 1304 3340 1360 permensus
3365 1289 3522 1342 deiu-

1943 1401 2076 1454 ceps
2123 1401 2216 1454 per
2257 1385 2479 1437 eosdem
2525 1383 2860 1445 rerurrebat,
2919 1397 3027 1448 quo
3065 1381 3204 1434 facto
3243 1395 3397 1432 suum
3455 1378 3521 1431 ad

1943 1487 2164 1525 cursum
2222 1471 2558 1524 ordinarium
2619 1485 2876 1524 reversus
2925 1470 2989 1522 12
3046 1469 3274 1536 reliquis
3338 1468 3522 1535 gradi-

1946 1565 2048 1619 bus
2084 1565 2386 1632 peragratis
2418 1564 2482 1616 ad
2509 1579 2759 1616 occasum
2789 1562 3057 1630 pervenit.
3089 1560 3213 1614 llzee
3246 1557 3521 1628 Hippolyti

1944 1659 2029 1704 est
2059 1651 2356 1704 sententia.
2398 1651 2600 1703 Verum
2631 1650 2967 1714 Eustathius,
3009 1650 3384 1702 Antiochenus
3436 1648 3526 1700 ille

1946 1742 2277 1812 patriarcha,
2309 1743 2422 1794 vult
2454 1742 2598 1794 diem
2642 1740 2792 1794 illum
2857 1755 2965 1793 non
3029 1740 3290 1793 habuisse
3344 1739 3527 1806 plures

1952 1847 2112 1901 quam
2145 1832 2333 1899 viginti
2360 1831 2496 1885 duas
2534 1833 2713 1885 horas.
2748 1830 2978 1885 Videtur
2997 1831 3141 1882 enim
3167 1829 3237 1881 ita
3262 1829 3526 1892 sensisse,

1960 1923 2117 1993 quasi
2153 1923 2286 1977 solis
2309 1933 2456 1976 retro
2487 1922 2624 1976 facta
2664 1921 2931 1992 regressio
2966 1937 3076 1974 non
3117 1922 3265 1974 horis
3296 1921 3515 1981 decem,

1949 2016 2044 2070 sed
2097 2015 2240 2070 oculi
2303 2030 2413 2069 uno
2468 2025 2748 2069 momento
2789 2015 3073 2069 acciderit.
3114 2013 3314 2066 Eodem
3366 2010 3528 2064 modo

1951 2109 2069 2164 dies
2105 2111 2194 2164 ille
2225 2111 2412 2180 viginti
2447 2120 2681 2179 quatuor
2712 2111 2971 2163 horarum
3025 2108 3145 2170 init,
3198 2123 3306 2175 quo
3364 2105 3528 2158 Jesus

1949 2201 2112 2256 Nam:
2133 2202 2275 2256 filius
2303 2202 2358 2254 in
2389 2201 2509 2272 ipso
2546 2201 2774 2255 meridie
2821 2199 2996 2254 totum
3032 2199 3137 2251 diei
3170 2199 3405 2267 spatium
3438 2213 3528 2248 so-

1951 2293 2057 2346 lem
2099 2292 2402 2346 subsistere
2430 2292 2615 2360 jussit.
2649 2293 2781 2347 Nam
2815 2291 2894 2344 sol
2943 2290 2994 2343 id
3051 2292 3313 2357 temporis
3355 2287 3527 2338 inter-

1951 2383 2094 2437 vallo
2127 2398 2222 2438 sex
2251 2382 2508 2436 horarum
2556 2383 2621 2434 ad
2658 2381 2943 2435 meridiem
2997 2396 3169 2448 usque
3207 2390 3530 2445 progicsSus

1949 2484 2088 2536 erat,
2122 2491 2185 2528 ac
2220 2475 2447 2529 totidem
2509 2474 2675 2527 horas
2720 2473 2910 2526 habuit
2941 2473 3116 2525 donec
3175 2470 3239 2522 ad
3273 2483 3527 2520 occasum

1951 2567 2296 2634 perveniret;
2328 2566 2380 2618 in
2408 2567 2526 2634 ipso
2554 2576 2735 2619 autem
2776 2564 3022 2620 meridie.
3074 2561 3530 2629 quemadnmdtlm

1952 2656 2219 2725 diximus,
2255 2657 2420 2710 totius
2453 2656 2562 2710 dici
2605 2656 2838 2724 spatium
2865 2658 2916 2707 in
2953 2654 3133 2707 medio
3167 2652 3285 2705 (δαειί
3325 2652 3534 2704 substi-

1954 2749 2039 2802 tit.
2073 2749 2249 2804 Debes
2275 2763 2405 2803 vero
2434 2749 2576 2803 scire
2632 2748 2734 2802 hoe
2788 2748 2929 2810 loco,
2964 2746 3171 2800 dilecte
3213 2746 3282 2797 tili
3311 2787 3326 2809 ,
3361 2745 3532 2797 solem

1954 2839 2328 2911 principaliter
2354 2858 2460 2895 non
2494 2842 2896 2900 institisse.nee
2929 2838 3233 2908 prodigium
3265 2836 3331 2889 ad
3363 2851 3531 2887 unum

1953 2933 2122 2988 solem
2166 2933 2606 2994 referridcberc.
2645 2933 2738 2988 sed
2785 2931 2950 2986 etiam
3003 2931 3067 2984 ad
3131 2930 3369 2998 primum
3402 2927 3535 2980 illud

1956 3026 2178 3080 caelum.
2220 3025 2352 3079 Nam
2380 3027 2472 3080 illo
2514 3042 2608 3095 per
2637 3025 2883 3078 divinum
2912 3022 3226 3075 mandatum
3266 3019 3534 3089 impedito

1954 3119 2249 3185 quominus
2290 3118 2345 3171 in
2377 3128 2526 3171 motu
2556 3121 2656 3170 Sno
2682 3114 3123 3186 progrederetur,
3181 3115 3404 3165 omnino
3437 3127 3537 3163 nc-

272 3222 429 3261 cesse
458 3218 578 3262 erat
609 3227 648 3262 se
673 3209 779 3264 lem
810 3225 1028 3278 quoque
1059 3209 1379 3273 subsistere,
1429 3209 1522 3280 qui
1559 3225 1665 3264 una
1707 3224 1835 3264 cum
1879 3209 2000 3279 ipso
2028 3222 2298 3266 movetur.
2337 3212 2452 3265 lloc
2513 3226 2709 3264 verum
2771 3224 2914 3273 esse,
2960 3207 3121 3261 velim
3181 3205 3415 3259 eximius
3447 3204 3538 3257 ille

273 3298 544 3356 Maximus
579 3302 673 3356 tibi
709 3306 1062 3372 persuadeat;
1097 3305 1191 3374 qui
1222 3306 1277 3358 in
1311 3305 1392 3359 eis
1425 3305 1493 3359 ad
1541 3304 1884 3358 Thalassium
1930 3319 2050 3373 qua:
2090 3305 2330 3374 scripsit,
2360 3305 2462 3358 hac
2485 3305 2551 3357 de
2584 3319 2640 3357 re
2669 3302 2854 3356 verbis
2882 3300 3194 3368 huiusmodi
3227 3298 3488 3351 disseruit
3516 3315 3531 3350 :

272 3393 422 3447 Deus
456 3395 586 3449 Solis
612 3406 667 3450 et
709 3397 849 3449 hunc
880 3412 1121 3461 cursum,
1176 3397 1268 3466 qui
1297 3397 1433 3453 alias
1502 3397 1752 3467 impediri
1822 3395 2034 3464 nequit,
2099 3397 2152 3450 id
2219 3397 2480 3466 temporis
2502 3412 2639 3449 nova
2691 3393 3023 3448 etinusitata
3059 3392 3268 3445 ratione
3303 3392 3534 3460 quadam

275 3487 541 3554 inhibuit,
573 3505 694 3543 cum
738 3500 990 3543 naturam
1040 3489 1280 3543 universi
1328 3489 1510 3557 hujus,
1573 3505 1854 3558 nunquam
1895 3505 2004 3544 non
2036 3490 2317 3553 mobilem,
2355 3498 2535 3544 motus
2595 3497 2873 3558 expertem
2934 3502 3056 3540 esse
3083 3485 3266 3555 jussit.
3298 3485 3362 3537 lit
3412 3483 3541 3542 [οι-ιι

277 3575 529 3644 profecto
573 3578 714 3632 Deus
780 3579 870 3633 ille
907 3595 1088 3633 rerum
1143 3578 1515 3633 universitatis
1570 3579 1880 3648 hujusmodi
1921 3579 2226 3649 prodigium
2267 3595 2332 3634 ea
2409 3580 2753 3649 potissimum
2801 3577 2869 3631 de
2901 3592 3100 3638 causa,
3157 3586 3216 3629 ut
3259 3575 3539 3628 luculento

275 3671 582 3724 declararet
608 3687 783 3739 neque
803 3679 966 3726 certa:
989 3673 1094 3742 legi
1121 3687 1298 3742 neque
1320 3672 1636 3725 necessitati
1699 3674 1875 3725 sidera
1913 3687 2037 3727 esse
2076 3671 2335 3736 obnoxia,
2407 3670 2874 3740 quemadmodum
2939 3668 3182 3738 plerique
3227 3679 3356 3722 sunt
3389 3667 3540 3721 albi—

276 3764 430 3822 trati.
451 3779 574 3817 cum
606 3777 894 3819 cernerent
934 3780 1152 3834 semper
1213 3766 1407 3821 eodem
1476 3765 1566 3820 illa
1631 3765 1795 3820 modo
1863 3766 2097 3822 moveri.
2130 3765 2498 3832 Quamobrem
2529 3764 2824 3832 aliquando
2853 3777 2913 3815 ea
2942 3761 3242 3816 subsistere
3272 3759 3456 3829 jussit,
3481 3767 3544 3812 ut

280 3868 614 3927 potestatem
681 3873 834 3912 suam
881 3858 936 3911 in
1003 3874 1092 3914 res
1133 3860 1420 3916 universas
1459 3863 1810 3928 ostenderet;
1855 3877 1921 3917 ac
1957 3861 2155 3916 deinde
2183 3873 2370 3914 rursus
2394 3858 2587 3913 eadem
2615 3856 2750 3911 lcrri
2779 3865 2929 3910 motu
2957 3870 3058 3910 suo
3078 3854 3346 3925 permisit,
3375 3869 3542 3923 quem

279 3951 353 4006 ab
389 3949 546 4003 initio
571 3964 754 4003 rerum
792 3950 924 4019 ipsis
949 3953 1387 4022 praescripserat.

353 4046 568 4099 Οὐκοῦν
617 4047 939 4099 ἀποστέλλει
994 4046 1132 4115 πρὸς
1203 4049 1451 4113 Ἐζεκίαν
1507 4049 1771 4120 Μαροδᾶχ
1835 4050 1860 4102 6

2041 4049 2354 4105 Secundum
2384 4049 2500 4104 hate
2544 4045 2914 4102 Marodachus
2970 4060 3066 4099 rex
3119 4043 3541 4115 Babyloniorum

283 4138 547 4209 βασιλεὺς
597 4137 918 4201 Βαϐυλῶνος
973 4137 1074 4208 τῆς
1124 4139 1283 4191 νόσου
1333 4157 1392 4192 τε
1430 4138 1596 4192 ἓνεκα
1645 4141 1739 4192 καὶ
1769 4137 1862 4192 τοῦ

281 4232 416 4300 περὶ
439 4233 528 4283 τὸν
553 4230 705 4299 ἥλιον
736 4227 1036 4296 θαύματος.
1081 4227 1220 4280 Ἀλλ’
1247 4229 1455 4290 ἐκεῖνος
1487 4229 1657 4282 τᾶλλα
1687 4228 1866 4280 πάντά

281 4326 569 4396 παρεάσας
589 4324 682 4376 τὸν
713 4322 945 4376 πλοῦτον
969 4322 1133 4376 αὐτοῦ
1165 4324 1274 4385 τοῖς
1312 4321 1612 4392 πρέσϐεσιν
1639 4319 1863 4385 ἔδειξεν.

294 4419 416 4488 Ἐφ’
451 4411 495 4485 ᾧ
523 4417 624 4471 καὶ
658 4415 784 4471 τάδε
820 4416 970 4484 παρὰ
1014 4414 1242 4468 Ίισαῖου
1277 4414 1372 4466 τοῦ
1414 4415 1696 4484 προφήτου
1733 4413 1868 4482 προς

281 4513 451 4570 α’)τὶν
481 4511 740 4582 ἐλαλήθη,
772 4528 789 4560 ι
823 4508 957 4562 Ἰδοὺ
985 4506 1236 4577 ἔρχονται
1271 4506 1496 4578 ἡμέραι,
1532 4505 1626 4557 καὶ
1659 4504 1872 4574 ληφθή-

283 4627 477 4666 σονται
513 4606 690 4660 πάντα
731 4606 802 4660 τὰ
835 4606 891 4657 ὲν
925 4604 1005 4673 τῷ
1043 4603 1182 4673 οἴκῳ
1212 4620 1308 4655 σου
1334 4603 1429 4654 καὶ
1460 4603 1537 4662 είς
1566 4598 1869 4654 Βαϐυλῶνα

279 4698 703 4756 ἀπελεύσονται.
737 4697 848 4749 Καὶ
878 4697 926 4750 oi
959 4696 1065 4752 υἱοί
1097 4712 1213 4758 σου,
1251 4695 1348 4757 οὓς
1386 4694 1692 4762 γεννήσεις,
1714 4691 1868 4743 ἔσον-

281 4809 378 4846 ται
430 4790 679 4859 εὐνοῦχοι
723 4791 780 4842 ὲν
825 4789 904 4859 τῷ
954 4790 1088 4858 οἴκῳ
1141 4787 1407 4858 βασιλέως
1461 4783 1801 4846 Βαϐυλῶνος.
1843 4801 1862 4834 ι

287 4881 456 4944 Tia-'4;
485 4881 540 4933 δὲ
571 4880 721 4946 λέγει
761 4881 889 4943 τοὺς
938 4881 1089 4949 τρεῖς
1140 4879 1339 4940 παῖδας
1369 4877 1468 4930 σὺν
1497 4875 1574 4946 τῷ
1608 4875 1868 4947 προφήτῃ

287 4975 520 5044 Δανιήλ³
549 4974 811 5040 ἀπόγονοι
840 4973 948 5043 γὰρ
975 4966 1123 5026 οὗτοι
1157 4969 1251 5023 τοῦ
1289 4970 1535 5033 Ἐζεκίου
1557 4969 1868 5037 γεγόνασιν.

289 5065 500 5119 Εἴωθεν
529 5060 623 5118 οὖν
664 5067 696 5132 ἡ
743 5063 935 5134 Γραφὴ
981 5065 1110 5128 τοὺς
1143 5062 1450 5129 ἀπογόνους
1505 5058 1870 5128 ἐπονομάζειν

289 5157 465 5220 υἱοὺς,
495 5156 638 5207 καθά
668 5156 733 5224 δὴ
766 5155 861 5208 καὶ
910 5153 1004 5207 τὸν
1033 5154 1200 5206 Δαΰὶδ
1231 5153 1448 5222 πατέρα
1482 5151 1575 5203 τοῦ
1617 5149 1867 5214 Ἐζεκίου

291 5247 485 5302 καλεῖ·
531 5247 652 5299 οὐδὲ
700 5248 809 5316 γὰρ
858 5247 975 5308 υίὸς
1027 5245 1122 5298 τοῦ
1169 5244 1335 5297 Δαϐὶδ
1376 5245 1405 5296 6
1448 5242 1726 5306 Ἐζεκίας,
1753 5240 1869 5294 ἀλλ’

288 5337 563 5404 ἀπόγονος
613 5336 831 5400 πάντως
877 5335 1065 5390 αὐτοῦ.
1119 5335 1179 5388 '0
1232 5335 1418 5404 μέντοι
1469 5333 1751 5403 Μαροδὰχ,
1796 5331 1871 5396 ὡς

1973 4140 2133 4211 195
2172 4140 2238 4194 ad
2279 4140 2566 4194 Ezechiam
2601 4141 2812 4208 legatos
2853 4152 2982 4190 suos
3017 4136 3208 4201 mittit,
3253 4145 3369 4189 tum
3423 4138 3544 4208 ejus

1969 4234 2146 4289 morbi
2202 4249 2368 4287 causa
2433 4248 2497 4286 ev
2532 4246 2641 4300 quo
2673 4230 3075 4292 convaluerat,
3137 4237 3250 4282 tom
3312 4229 3544 4298 prodigii

1967 4327 2109 4395 quod
2131 4325 2188 4378 in
2213 4325 2326 4380 sole
2355 4323 2653 4377 acciderat.
2683 4321 2822 4374 Tum
2856 4319 3068 4374 caneris
3093 4319 3258 4371 rebus
3279 4318 3545 4372 Ezechias

1969 4417 2188 4473 omissis
2237 4424 2290 4470 et
2338 4415 2601 4485 neglectis
2661 4429 2791 4481 epes
2848 4427 2911 4467 su
2950 4426 2975 4465 s
3030 4411 3223 4480 legatis
3283 4421 3542 4464 ostentat.

1970 4510 2337 4575 Quamobrem
2398 4508 2566 4562 Isaias
2616 4516 2769 4561 vates
2816 4520 2939 4559 eum
2990 4504 3173 4558 verbis
3228 4503 3544 4573 hujusmodi

1970 4598 2322 4667 compellavit
2359 4615 2372 4652 :
2425 4616 2442 4648 ι
2479 4598 2628 4652 Scito
2655 4596 2770 4650 fore
2799 4606 3014 4665 tempus
3041 4611 3168 4648 cum
3209 4595 3392 4648 omnia
3427 4610 3546 4663 qua:

1972 4691 2120 4746 domi
2148 4702 2250 4744 tua:
2279 4701 2432 4753 sunt,
2472 4688 2799 4761 auiereptur
2836 4697 2892 4743 et
2943 4687 3274 4760 Babylonem
3315 4688 3544 4739 transfe-

1970 4789 2180 4834 rentur.
2223 4778 2364 4845 Quin
2387 4785 2442 4833 et
2469 4777 2536 4832 de
2568 4778 2694 4830 tiliis
2721 4778 2831 4831 tuis
2872 4793 2900 4829 a
2953 4788 3004 4830 te
3031 4777 3169 4830 ortis
3195 4785 3359 4844 atque
3392 4775 3547 4844 geni-

1974 4873 2040 4927 tis
2061 4881 2365 4933 sumentur,
2392 4870 2482 4938 qui
2513 4871 2568 4922 in
2597 4869 2742 4940 regis
2769 4857 3192 4940 Babyloniorum
3234 4869 3399 4920 domo
3435 4868 3548 4921 sint

1970 4963 2208 5019 eunuchi
2235 4962 2335 5015 ³⁸.»
2373 4962 2586 5028 Quibus
2610 4962 2664 5014 in
2699 4961 2879 5014 verbis
2903 4959 3138 5012 filiorum
3175 4957 3546 5027 appellatione

1971 5055 2203 5109 veniunt
2229 5062 2341 5108 tres
2369 5053 2445 5106 illi
2483 5051 2662 5120 pueri,
2695 5051 3025 5119 quibuscum
3075 5061 3129 5102 et
3171 5049 3428 5102 Danielus
3453 5065 3547 5098 va-

1973 5157 2054 5202 tes
2083 5146 2184 5200 luit
2219 5162 2233 5197 :
2267 5161 2394 5198 nam
2425 5145 2502 5197 ibi
2543 5143 2790 5196 Ezechia:
2850 5150 3080 5208 nepotes
3116 5155 3178 5193 ac
3216 5141 3548 5208 puslel'ipx-

1972 5240 2264 5302 stiterunt;
2289 5247 2345 5291 et
2379 5237 2640 5304 frequens
2675 5243 2759 5289 est
2795 5233 3018 5287 Litteris
3072 5232 3243 5284 sacris
3295 5242 3546 5296 posteros

1973 5340 2308 5400 nepotesque
2335 5341 2530 5381 vocare
2560 5326 2718 5391 lilios,
2749 5325 2889 5379 sicut
2933 5331 2985 5376 et
3015 5321 3272 5374 Davidem
3297 5320 3546 5373 lizeehia:

288 5431 504 5486 ᾶοωθεν
537 5429 774 5501 εἴρηται,
799 5430 893 5482 τοῦ
920 5430 1052 5499 περὶ
1084 5428 1174 5482 τδν
1209 5429 1361 5500 ἥλιον
1395 5428 1560 5499 χάριν
1583 5426 1860 5494 θαύματος

1973 5433 2182 5493 patrem
2216 5428 2566 5486 nuncupant;
2630 5417 2779 5486 atqui
2814 5431 2922 5468 non
2968 5414 3114 5467 ﬁlius
3170 5412 3386 5465 Davidis
3415 5418 3549 5486 [erat

291 5520 435 5592 πρὸς
495 5519 746 5583 Ἐζεκίαν
803 5520 1131 5572 ἀπέστειλεο
1186 5519 1276 5572 τὸν
1327 5519 1434 5589 γὰρ
1489 5515 1864 5585 ἀναποδισμὸν

290 5611 465 5666 αὑτοῦ
496 5609 748 5664 τοσοῦτον
788 5607 928 5665 εἶναι
963 5612 1112 5682 λέγει
1148 5612 1636 5684 παραδλξοτατονό
1683 5613 1866 5680 Ἄρεο-

368 5768 417 5800 ⁸⁸
447 5767 510 5822 ιγ
549 5765 679 5839 Reg.
723 5785 811 5848 xx,
849 5771 931 5825 Π.

1974 5510 2256 5575 Ezechias,
2279 5511 2371 5565 sed
2415 5510 2534 5577 ejus
2577 5524 2607 5563 e
2646 5507 2881 5577 posteris
2913 5517 3068 5560 ortus
3131 5505 3399 5559 Czcti'rutn
3433 5502 3548 5556 Ma-

1974 5606 2246 5664 rodachus
2275 5605 2376 5660 alia
2410 5603 2557 5658 nulla
2610 5603 2676 5656 de
2711 5617 2872 5657 causa
2907 5599 3111 5671 legatos
3148 5597 3210 5652 ad
3259 5596 3549 5651 litt-eluitur
