4212 6448
704 410 802 473 371

1979 422 2400 487 MICHAELIS
2440 388 2743 487 θυαε

3858 431 3965 492 372

707 526 955 589 miserat,
1011 536 1066 582 ιιι
1096 541 1257 597 supra
1312 544 1531 603 quoque
1584 532 1883 590 indicatum
1935 546 2061 601 est,
2107 553 2320 612 quamj

2399 541 2621 610 ταγίτης
2663 541 2803 603 θεῖος
2832 539 3131 602 Διονύσιος,
3167 538 3309 592 ὥστε
3364 539 3488 591 καθ’
3519 540 3838 609 ὑπερϐολὴν
3865 542 3963 592 ἰκ-

703 616 849 683 quod
882 618 1369 681 miraculumillud
1406 626 1463 678 in
1485 626 1601 679 sole
1632 627 1941 681 accidisset.
1980 626 2116 682 Nam
2141 631 2275 684 solis

702 706 848 757 illam
883 709 1284 777 regressionem
1316 724 1426 766 tam
1460 730 1653 768 novam
1691 732 1920 785 prorsus
1955 728 2010 773 et
2042 720 2273 774 inusita-

2384 629 2586 694 πλῆξαι
2640 631 2766 692 τοὺς
2822 629 3202 689 Βαϐυλωνίους
3256 628 3350 682 καὶ
3390 628 3464 692 ὡς
3504 630 3699 698 ίσοθέῳ
3742 630 3852 681 τινὶ
3882 628 3961 698 τῷ

2397 727 2615 795 Ἐζεκίᾳ
2652 727 3027 791 καθυποτάξαι
3060 726 3280 789 αὐτούς.

705 807 816 850 tam
862 797 1032 853 fuisse
1081 804 1247 859 tradit
1307 805 1633 876 Areopagita
1695 810 2009 881 Dionysius,
2071 824 2131 868 ut
2190 815 2497 888 Babyloniis
2550 822 2757 892 stupori
2810 829 2998 886 esset,
3048 822 3238 890 eisque
3295 818 3568 890 praberet
3611 814 3964 871 occasionem

707 888 853 941 ultro
881 906 937 944 se
962 893 1317 949 submittendi
1349 895 1599 953 Ezechiae
1627 907 1885 970 tanquam
1930 903 2136 959 homini
2175 906 2385 963 divino.

786 986 912 1039 Post
943 988 1228 1043 Ezei-liiarn
1272 992 1552 1047 Manasscs
1581 996 1702 1064 ejus
1729 997 1874 1051 filius
1917 999 2148 1069 imperio
2179 1017 2281 1071 po-

708 1074 867 1130 titur.
898 1076 997 1131 llic
1033 1080 1176 1133 inter
1207 1081 1312 1135 alia
1345 1082 1589 1138 facinora
1643 1101 1765 1155 qua:
1789 1091 2083 1155 commisit,
2116 1094 2281 1146 etiam

705 1172 891 1238 eopias
944 1173 1068 1226 cmli
1120 1176 1408 1231 univerSaS
1458 1177 1744 1245 adorabat,
1805 1182 1910 1237 hoc
1960 1194 2044 1238 est
2074 1185 2277 1254 sidera,

706 1273 761 1313 et
794 1264 1213 1319 ariolationibus
1261 1268 1537 1332 utebatur,
1581 1271 1688 1339 .boc
1721 1281 1805 1326 est
1842 1275 2026 1328 omina
2076 1276 2145 1331 de
2194 1278 2280 1331 fu-

707 1365 956 1410 turorum
1017 1368 1219 1413 eventu
1255 1362 1605 1427 observabat,
1651 1366 1799 1434 quod
1854 1368 2023 1423 Graeci
2067 1371 2275 1439 κληδο-

705 1448 952 1511 νίζεσθαι
1018 1450 1228 1514 dicunt,
1291 1468 1603 1523 quanquam
1666 1458 1760 1511 alii
1803 1460 2023 1528 quidam
2087 1463 2279 1518 volunt

706 1538 939 1608 κληδόνα
975 1542 1157 1595 vocari
1184 1545 1470 1613 geniorum
1510 1563 1612 1615 per
1650 1551 2064 1607 excantatioues
2098 1565 2279 1609 certas

706 1633 1089 1687 attractionem
1145 1645 1201 1689 et
1250 1652 1280 1691 e
1326 1639 1547 1693 sublimi
1584 1641 2006 1708 deductionem;
2066 1662 2170 1713 qua
2213 1648 2280 1701 de

707 1736 871 1776 causa
906 1725 1127 1779 tradunt
1149 1727 1267 1794 ejus
1295 1730 1444 1784 vocis
1470 1731 1736 1802 originem
1763 1749 1883 1789 esse
1912 1752 1940 1787 a
1961 1737 2125 1789 verbo
2144 1737 2278 1802 κλῶ,

708 1815 855 1882 quod
916 1816 1057 1871 idem
1106 1820 1176 1873 sit
1231 1836 1355 1875 cum
1406 1822 1580 1886 καλῶ,
1642 1824 2094 1893 significationem
2149 1843 2278 1882 evo-

708 1907 869 1959 candi
906 1906 1165 1965 habente.
1199 1910 1469 1967 Przetcrea
1496 1913 1775 1971 Manasscs
1818 1918 2063 1988 auguriis
2093 1920 2276 1974 uteba‘

712 2007 821 2063 tur,
847 2000 950 2055 hoc
976 2011 1061 2056 est
1087 2003 1267 2057 avium
1295 2006 1511 2061 volatus
1538 2006 1889 2071 observabat,
1958 2009 2135 2078 deque
2173 2012 2282 2066 illis

710 2089 1055 2157 conjecturas
1074 2107 1253 2147 rerum
1296 2095 1601 2151 futurarum
1625 2100 1897 2153 sumebat.
1947 2100 2124 2170 Atque
2179 2103 2285 2158 hoc

710 2179 841 2233 illud
874 2182 1051 2251 ipsum
1083 2183 1186 2247 est,
1224 2188 1381 2256 cujus
1414 2189 1466 2241 in
1500 2190 1651 2244 bisce
1675 2193 1925 2247 versibus
1951 2197 2282 2251 mentionem

713 2269 984 2329 Homerus
1051 2278 1178 2331 fecit
1223 2295 1235 2332 :
1276 2296 1293 2327 ι
1324 2279 1465 2345 Quin
1505 2282 1587 2335 vel
1630 2284 1934 2339 sacrificum
1985 2289 2071 2341 vel
2106 2298 2283 2343 vatem

711 2364 1040 2419 arcessimus
1077 2366 1243 2429 ultro,
1275 2369 1357 2421 vel
1389 2370 1785 2438 conjectorem,
1828 2372 1985 2430 faciat
2016 2377 2105 2446 qui
2140 2394 2288 2433 som-

711 2454 802 2507 nia
842 2454 1019 2523 plana.
1056 2457 1101 2512 Α
1128 2457 1265 2513 Jove
1306 2476 1546 2530 namque
1599 2464 1717 2533 ipso
1761 2467 2032 2535 proﬁcisci
2076 2474 2287 2526 somnia

713 2545 969 2599 scimus.»
1015 2549 1283 2605 Nimirum
1331 2553 1458 2608 hinc
1506 2557 1943 2614 animadvertere
1974 2566 2288 2631 potes,cxi-

716 2639 968 2693 stimasse
1037 2642 1248 2709 priscos
1304 2646 1425 2699 illos
1478 2647 1732 2703 homines
1800 2651 2108 2710 futurorum
2165 2672 2289 2728 cog-

717 2727 983 2784 nitionem
1036 2734 1241 2802 percipi
1318 2737 1383 2790 de
1440 2739 1531 2790 tali
1581 2741 1666 2793 vel
1734 2744 1822 2795 tali
1874 2745 2053 2799 avium
2106 2727 2289 2805 volatu

718 2821 804 2874 vel
846 2837 909 2875 cx
978 2828 1245 2892 pecudum
1299 2828 1640 2896 jecinoribus
1701 2836 1785 2888 vel
1851 2836 1987 2904 ipsis
2059 2838 2290 2909 denique

719 2928 965 2968 SOIllllllS.

791 3006 858 3059 At
882 3023 1016 3061 vero
1059 3011 1203 3077 quod
1233 3012 1447 3069 volatus
1489 3016 1694 3081 avium,
1728 3021 2000 3088 pecudum
2036 3022 2287 3093 jecinora

2450 1006 2609 1059 Μετὰ
2633 1008 2689 1060 δὲ
2733 1008 2984 1071 Ἐζεκίαν
3016 1010 3212 1079 κρατεῖ
3243 1007 3542 1074 Μανασσῆς
3569 1007 3597 1060 6
3624 1005 3739 1068 υἱός
3767 1003 3961 1057 αὐτοῦς

2379 1087 2549 1158 Οὗτος
2583 1097 2681 1148 σὺν
2708 1099 2831 1159 ταῖς
2857 1097 3072 1158 λοιπαῖς
3102 1096 3269 1149 αὑτοῦ
3308 1095 3534 1156 κακίαις
3567 1090 3962 1162 προσεκύνησε

2379 1186 2475 1237 καὶ
2527 1187 2678 1257 πασῃ
2711 1189 2776 1255 τῇ
2835 1189 3068 1257 στρατιᾷ
3117 1185 3211 1239 τοῦ
3261 1183 3523 1255 οὐρανοῦ,
3555 1182 3813 1235 τουτέστι
3850 1182 3964 1241 τοῖς

2377 1276 2637 1345 ἄστρασι,
2670 1278 2764 1329 καὶ
2817 1278 3213 1345 ἐκληδονίζετο,
3241 1277 3410 1347 ἤγουν
3456 1275 3544 1327 διὰ
3576 1273 3755 1340 λόγων
3787 1286 3964 1336 παρεο
4010 1310 4013 1311 ν

2377 1368 2597 1433 τηρεῑτο
2623 1368 2691 1420 τὰ
2723 1367 3088 1437 ἐκϐησόμενα,
3126 1370 3174 1421 εἰ
3207 1368 3299 1420 καί
3334 1379 3480 1425 τινες
3515 1364 3699 1434 ἕτεροι
3722 1361 3961 1430 κληδόνα

2379 1456 2598 1524 λέγουσι
2625 1460 2726 1529 τὴν
2756 1460 2845 1513 διά
2890 1478 3055 1513 τινων
3086 1461 3312 1526 ἐπῳδῶν
3355 1459 3521 1529 ὁλκὴν
3543 1457 3652 1510 τῶν
3687 1454 3965 1523 δαιμόνων

2381 1551 2477 1599 καὶ
2499 1551 2815 1618 καταφορὰν
2842 1565 2856 1581 ·
2887 1543 3081 1619 ἐφ’ᾧ’κ
3092 1552 3147 1604 αἱ
3166 1550 3374 1620 κληδὼν
3395 1547 3807 1616 ἐτυμολογεῖται
3834 1542 3966 1613 παρ’

2382 1639 2564 1701 αὐτοῖς
2602 1640 2752 1707 παρὰ
2778 1642 2839 1693 τὸ
2875 1641 2988 1695 κλῶ
3015 1642 3075 1695 τὸ
3096 1642 3269 1698 καλῶ.
3290 1640 3399 1693 Καὶ
3427 1637 3708 1707 οἰωνίζετο
3740 1636 3799 1687 δὲ
3824 1633 3965 1703 πρὸς

2381 1729 2495 1791 τοῖς
2531 1727 2709 1785 ἄλλοις
2736 1730 2763 1781 ὀ
2788 1730 3110 1799 Μανασσῆς,
3129 1731 3300 1797 ἤγουν
3329 1729 3427 1790 τὰς
3455 1727 3562 1779 τῶν
3583 1725 3790 1793 ὀρνέων
3823 1723 3965 1792 πτή-

2312 1801 2357 1861 Β
2390 1837 2501 1882 ast;
2531 1824 2915 1891 παρετηρεῐτο,
2933 1822 3228 1876 κάντεῦθεν
3253 1822 3347 1875 τοῦ
3378 1820 3667 1890 μέλλοντος
3694 1831 3972 1869 καταστο-

2383 1910 2685 1980 χαζόμενος
2734 1906 2827 1981 ἦν.
2878 1912 2988 1963 Καὶ
3041 1910 3199 1964 τοῦτό
3252 1912 3403 1963 ἔστιν
3456 1908 3596 1977 ὅπερ
3645 1908 3672 1958 6
3732 1902 3967 1973 ποιητὴς

2383 2000 2633 2070 Ὄμηρος
2662 2000 2871 2068 ἔλεγεν.
2909 2019 2927 2053 ι
2952 2001 3094 2054 Ἀλλ’
3121 2002 3221 2069 ἄγε
3249 2001 3453 2071 δήτινα
3488 1999 3682 2068 μάντιν
3710 1994 3972 2064 ἐρείομεν

2383 2093 2415 2161 ἦ
2454 2094 2632 2163 ἱερῆα,
2675 2093 2707 2164 ἢ
2747 2095 2838 2147 καὶ
2889 2094 3237 2164 ὀνειροπόλον
3266 2110 3279 2125 ο
3336 2093 3431 2147 καὶ
3478 2092 3587 2161 γάρ
3636 2091 3684 2143 τ’
3730 2090 3871 2167 δναρ
3902 2087 3969 2137 ὲκ

2385 2186 2506 2249 Διός
2544 2188 2714 2241 ἐστιν.
2762 2206 2779 2239 ι
2818 2189 3059 2258 Πρόσεχε
3104 2184 3200 2241 οῦν
3233 2189 3316 2241 ὅτι
3366 2188 3463 2240 καὶ
3493 2186 3582 2238 διὰ
3616 2186 3719 2253 τῆς
3747 2182 3969 2235 τοιᾶσδε

2387 2279 2640 2348 πτήσεως
2668 2278 2779 2329 τῶν
2816 2280 3019 2347 ὀρνέων
3049 2281 3145 2333 καὶ⁸
3173 2281 3240 2332 δι’
3271 2279 3485 2349 ἥπατος
3536 2275 3839 2347 προϐατων
3872 2272 3968 2325 καὶ

2386 2371 2454 2423 δι’
2496 2371 2721 2439 ὀνείρων
2776 2372 2956 2423 αὐτῶν
3005 2372 3227 2427 ἐδόκουν
3279 2373 3329 2424 οἱ
3387 2368 3611 2423 παλαιοὶ⁵
3653 2371 3717 2421 τδ
3773 2365 3972 2435 μέλλον

2389 2461 2653 2530 προορᾷν.
2693 2460 2804 2512 Καὶ
2842 2461 2891 2512 oi
2934 2460 3031 2530 μὲν
3067 2461 3418 2531 ἀρχαιότεροι
3448 2459 3673 2521 ἔκεῖνοι,
3706 2456 3971 2522 καθάπερ

2389 2549 2631 2621 εἴρηται,
2662 2551 2759 2603 καὶ
2798 2555 3062 2618 πτήσεσιν
3092 2550 3295 2620 ὀρνέων
3329 2548 3423 2600 καὶ
3453 2546 3634 2608 ἄλλοις
3672 2544 3969 2606 τοιούτοις,

2391 2642 2535 2697 κατά
2595 2658 2657 2711 γε
2711 2643 2901 2696 δοκοῦν
2950 2643 3158 2707 αὐτοῖς,
3218 2640 3312 2695 τοῦ
3377 2638 3667 2710 μέλλοντος
3737 2636 3974 2705 ἐστοχά-

2392 2733 2569 2798 ζοντο.

2466 3003 2590 3055 Ὀτι
2643 3002 2702 3056 δὲ
2759 3000 2821 3054 τὸ
2884 2997 3325 3069 παρατηρεῖσθαι
3374 2995 3600 3049 τοιῶσδε
3654 2995 3686 3063 ἢ
3749 2993 3977 3046 τοιῶσδε

720 3101 1044 3168 somniaque
1072 3102 1173 3156 hoc
1221 3104 1381 3159 illove
1427 3109 1588 3162 modo
1636 3111 1915 3166 observari
1944 3115 2096 3169 nefas
2126 3118 2199 3172 sit
2228 3134 2291 3172 ac
2318 3162 2320 3180 .

2399 3095 2725 3158 κεκώλυται,
2752 3093 2914 3164 δῆλον
2976 3093 3075 3163 μὲν
3123 3094 3219 3146 καὶ
3265 3093 3322 3157 ἐξ
3376 3090 3553 3144 ἄλλων
3606 3087 3842 3198 πολλῶν,
3876 3085 3977 3154 οὐχ

721 3192 1082 3259 prohibitum,
1119 3211 1243 3249 cum
1277 3198 1400 3251 aliis
1426 3213 1488 3252 ex
1521 3204 1855 3270 argumentis
1871 3214 1927 3258 et
1952 3205 2167 3263 indiciis
2205 3219 2291 3264 est

720 3283 1096 3353 perSpiruum,
1137 3286 1314 3356 iisque
1353 3304 1461 3343 non
1503 3293 1714 3359 paucis,
1771 3304 1882 3348 tum
1936 3312 2001 3351 ex
2036 3298 2141 3352 illis
2171 3317 2292 3368 quae

724 3390 953 3443 magnus
996 3386 1187 3430 noster
1226 3379 1457 3434 Basilius
1488 3392 1571 3435 est
1603 3386 1947 3455 complexus.
1998 3389 2293 3447 Declarans

720 3466 865 3519 enim
902 3467 1005 3521 hoc
1034 3469 1085 3521 in
1114 3470 1353 3524 secunda
1380 3472 1590 3529 visione
1620 3475 1881 3532 adversus
1900 3478 2112 3537 Judzeos
2141 3484 2294 3537 lsaiae

722 3558 864 3611 vatis
915 3559 1159 3626 dictum,
1205 3563 1365 3631 cujus
1415 3564 1532 3621 ltmc
1573 3568 1689 3637 ipsa
1725 3571 1891 3625 verba
1940 3583 2105 3631 sunt:
2160 3575 2299 3632 «Re-

722 3651 857 3705 ferta
890 3663 973 3706 est
1004 3656 1154 3723 regio
1199 3655 1441 3725 ipsorum
1477 3660 1905 3729 ariolationibus,
1938 3666 2081 3721 sicut
2139 3669 2300 3742 196

724 3748 875 3812 olim,
938 3764 1059 3802 cum
1102 3765 1221 3804 eam
1275 3755 1526 3807 extranei
1579 3758 2049 3826 possiderent",i
2110 3758 2301 3833 bujns-

726 3841 868 3894 nodi
902 3844 1150 3909 qumdam
1190 3845 1456 3912 subjicit:
1499 3847 1663 3902 Vides
1702 3861 1967 3918 quantum
1994 3855 2193 3908 malum
2229 3857 2302 3911 sit

727 3932 1007 3995 ariolatio,
1066 3938 1210 4003 quod
1244 3938 1455 3992 scilicet
1486 3938 1652 3993 faciat
1677 3942 1920 3997 utbomo
1951 3944 2052 4014 ipsi
2082 3947 2301 4003 deditus

726 4023 817 4078 Dei
850 4040 980 4081 cura
1023 4043 1250 4096 prorsus
1282 4031 1518 4085 excidat.
1576 4034 1645 4087 At
1682 4049 1812 4089 vero
1841 4035 1996 4091 multl
2037 4036 2306 4093 Christia-

725 4134 925 4171 norum
951 4120 1085 4173 citra
1113 4120 1281 4175 ullum
1314 4123 1611 4178 discrimen
1653 4127 1882 4182 auribus
1914 4138 2132 4184 ostenta
2168 4146 2301 4200 cap.

727 4223 866 4276 tant,
914 4214 1097 4267 omina
1129 4226 1423 4283 venantur,
1461 4218 1706 4272 animum
1741 4222 1888 4275 notis
1920 4229 1975 4276 ct
2003 4222 2173 4292 signis
2209 4224 2305 4276 ad—

727 4318 969 4362 vertunt.
1009 4307 1113 4361 Sed
1152 4309 1276 4361 audi
1318 4319 1373 4361 tu
1401 4350 1415 4374 ,
1464 4312 1594 4380 quid
1637 4313 1737 4366 boc
1777 4312 1896 4366 loro
1936 4314 2188 4380 dicatur,
2226 4317 2307 4369 ni-

728 4402 927 4453 mirum
955 4400 1217 4468 populum
1253 4401 1407 4455 illum
1445 4402 1707 4473 iejcctum
1741 4418 1861 4459 esse
1884 4406 1976 4475 qui
2010 4406 2126 4469 lure
2161 4408 2306 4461 curi-

2394 3183 2559 3257 ἦττον
2594 3187 2653 3241 δὲ
2709 3186 2804 3239 καὶ
2855 3185 2915 3251 ἐξ
2948 3178 3022 3237 ὧν
3074 3186 3103 3237 6
3142 3183 3317 3252 μέγας
3371 3179 3615 3248 διείληφε
3667 3178 3976 3238 Βασίλειος.

2408 3279 2880 3349 Ἐπεξηγούμενος
2916 3277 3026 3345 γὰρ
3067 3274 3129 3328 τὸ
3180 3276 3239 3326 ὲν
3283 3276 3351 3342 τῇ
3397 3274 3537 3324 κατὰ
3569 3270 3673 3338 τῆς
3714 3268 3980 3329 Ἰουδαίας

2394 3373 2625 3443 δευτέρᾳ
2683 3372 2874 3443 ὁράσει
2919 3370 3013 3422 τοῦ
3072 3368 3358 3439 προφήτου
3418 3365 3646 3417 Ἡσαΐου
3699 3361 3863 3431 ῥητὸν
3919 3360 3980 3413 τδ

2397 3464 2541 3518 κατὰ
2567 3463 2713 3529 λέξιν
2737 3460 2937 3516 οὑτωσὶ
2960 3460 3348 3530 διαλαμϐάνον,
3366 3458 3449 3510 ὅτι
3491 3475 3509 3507 ι
3534 3454 3881 3523 Ἐνεπλήσθη
3905 3453 3983 3515 ὡς

2398 3555 2459 3608 τὸ
2509 3555 2604 3608 ἀπ’
2658 3554 2832 3624 ἀρχῆς
2883 3554 2915 3623 ἠ
2964 3551 3118 3622 χώρα
3168 3549 3350 3604 αὐτῶν
3399 3546 3797 3617 κληδονισμῶν,
3835 3544 3914 3607 ὡς
3947 3544 3984 3614 ἠ

2400 3647 2512 3701 τῶν
2557 3645 2925 3715 ἀλλοῖαύλωνμ
2961 3644 3058 3696 καὶ
3098 3643 3225 3697 τάδε
3270 3639 3551 3707 διέξεισιν·
3594 3637 3760 3709 Ὀρᾷς
3791 3635 3987 3707 ἡλίκον

2404 3738 2575 3792 κακὸν
2610 3738 2671 3791 τὸ
2714 3734 3147 3806 κληδονίζεσθαι.
3190 3730 3337 3796 Ἐξω
3368 3728 3471 3799 τῆς
3513 3727 3667 3797 παρὰ
3696 3723 3835 3778 Θεοῦ
3858 3726 3987 3777 ὲπι-

2409 3832 2628 3903 μελείας
2673 3829 2820 3881 ποιεῖ
2866 3827 2960 3880 τὸν
3006 3824 3347 3894 προσέχοντα
3394 3820 3571 3890 αὐτῷ.
3624 3816 3818 3871 Πολλοὶ
3879 3815 3991 3867 τῶν

2403 3921 2750 3995 Χριστιανῶν
2800 3917 3111 3987 ἀδιαφόρως
3168 3911 3585 3968 ὠτακουστοῦσι
3642 3909 3738 3962 καὶ
3794 3907 3990 3975 φήμας

2406 4012 2679 4083 θηρῶνται
2710 4010 2806 4064 καὶ
2848 4006 3143 4077 συμϐόλοις
3184 3999 3577 4073 προσέχουσιν.
3630 3996 3770 4051 Ἀλλ’
3818 3997 3991 4051 ἄκουε

2406 4110 2489 4161 ὅτι
2540 4104 2827 4176 ἀπερρίφη
2872 4102 2900 4154 6
2950 4100 3078 4162 λαὸς
3135 4101 3162 4152 6
3220 4097 3395 4150 ταῦτα
3456 4090 3991 4163 περιεργαζόμενος.

2409 4199 2612 4253 Πολλαὶ
2644 4196 2751 4268 γὰρ
2800 4197 2865 4248 ἐκ
2908 4193 3002 4247 τοῦ
3052 4187 3352 4245 Μωσαῖκοῦ
3392 4186 3560 4255 νόμου
3609 4183 3861 4253 μαντεῖαι
3893 4177 3996 4230 καὶ

2410 4292 2665 4363 κληδόνες
2708 4287 2803 4341 καὶ
2856 4283 3141 4351 οἰωνισμοὶ
3196 4278 3292 4335 καὶ⁵
3340 4273 3759 4348 ὀρνιθοσκοπίαι
3800 4268 3995 4363 διαϐέ-

2411 4362 2745 4455 ϐλήνταῃώς
2774 4380 3045 4449 δαιμόνων
3076 4374 3378 4445 εὐρέματα.
3420 4388 3440 4422 ι
3464 4369 3578 4421 Οὐκ
3607 4362 3938 4424 οἰωνιεῖσθε,
3969 4379 3991 4413 ι

726 4508 821 4544 osc
844 4491 1245 4545 observaverit.
1299 4492 1514 4546 Etenim
1547 4494 1865 4565 complures
1904 4496 2301 4565 divinationes,

2415 4480 2523 4549 γάρ
2579 4492 2771 4548 φησιν,
2816 4492 2835 4525 ι
2864 4472 2986 4525 οὐδὲ
3021 4462 3527 4565 ὀρνιθοσκοπεῖσθε;
3562 4457 3642 4513 Τὰ
3670 4458 3780 4565 γαρ
3824 4458 3998 4565 «ἓθνῖχ,

727 4592 783 4635 ιιι
805 4583 1177 4650 ariolationes,
1205 4585 1607 4653 ominationes,
1644 4588 1893 4657 auguria,
1922 4589 2042 4658 lege
2072 4588 2305 4646 Mosaica

727 4683 989 4740 tauquam
1032 4675 1296 4730 malorum
1332 4676 1619 4745 geniorum
1668 4677 1887 4730 inventa
1922 4678 2303 4747 prohibentur.

728 4766 866 4821 Nam
903 4776 1113 4822 exstant
1147 4768 1262 4822 haec
1299 4768 1350 4821 in
1381 4783 1445 4822 ea
1481 4768 1683 4831 νεύει
1721 4766 1865 4822 «Non
1891 4769 1997 4823 ulla
2024 4771 2103 4825 vel
2126 4774 2307 4827 omina

731 4858 817 4911 \el
853 4860 1076 4928 auguria
1113 4860 1420 4928 captabitis.
1475 4859 1690 4931 Quippe
1720 4861 1975 4915 nationes
1998 4862 2136 4920 istte.
2175 4878 2310 4932 quas

730 4949 999 5006 Dominus
1046 4962 1228 5006 vestra
1268 4967 1431 5008 causa
1466 4953 1534 5007 de
1580 4954 1763 5008 medio
1810 4955 1973 5017 tollit,
2036 4954 2313 5009 ariolatio-

735 5044 899 5097 i;ibns
929 5054 985 5098 et
1009 5044 1129 5098 aliis
1163 5045 1435 5099 vaticiniis
1468 5057 1717 5102 utuntur.
1773 5046 1937 5102 \‘obis
1983 5059 2165 5103 autem
2208 5048 2315 5103 Do-

736 5138 918 5191 minus
942 5138 1084 5193 licus
1111 5138 1203 5192 ille
1238 5149 1419 5193 vester
1451 5138 1503 5192 id
1539 5155 1886 5209 nequaquam
1921 5141 2309 5210 permittit".i

737 5229 1053 5284 Absurdum
1085 5230 1231 5284 enim
1260 5230 1447 5294 fuerit,
1482 5242 1539 5287 ut
1567 5233 1658 5301 qui
1694 5235 1758 5287 de
1784 5234 2117 5303 praescriptis
2143 5250 2173 5287 a
2206 5234 2316 5288 Deo

734 5325 1025 5378 consilium
1058 5325 1263 5379 habere
1289 5336 1488 5395 potest,
1516 5327 1579 5380 ad
1607 5326 2103 5381 considerationem
2134 5341 2315 5380 rerum

737 5414 1070 5486 agendarum
1105 5417 1361 5470 animalia
1399 5417 1559 5470 bruta
1594 5432 1695 5485 pro
1725 5416 2061 5471 consiliariis
2089 5414 2318 5470 adhibe-

736 5516 814 5570 at,
846 5505 955 5560 imo
984 5507 1062 5561 eis
1094 5522 1161 5561 ne
1190 5523 1287 5577 pro
1310 5507 1639 5561 consiliariis
1658 5506 1897 5576 quidem,
1925 5504 2020 5561 sed
2052 5504 2321 5576 magiStris

736 5609 796 5652 et
825 5599 1001 5669 legum
1030 5601 1184 5669 quasi
1214 5599 1487 5655 latoribus
1522 5609 1725 5653 utatur.
1762 5598 1953 5654 Itidem
1980 5596 2321 5667 propositum

745 5690 850 5745 sibi
885 5691 1184 5760 periculum
1232 5702 1286 5747 et
1338 5700 1465 5746 ante
1517 5691 1709 5745 oculos
1755 5690 2046 5745 imminens
2109 5688 2328 5759 ignorat

819 5856 858 5887 “
884 5854 985 5912 ἕδη.
1026 5868 1082 5920 u,
1121 5852 1169 5909 Ο.
1253 5853 1297 5885 ’³
1326 5851 1482 5907 Deut.
1509 5864 1661 5914 xviu,
1691 5849 1771 5903 {0.

2415 4548 2507 4635 οὓς
2547 4569 2755 4639 Κύριος
2803 4567 2832 4618 6
2875 4564 3004 4627 Θεὸς
3052 4556 3395 4630 ὲξολοθρεύει
3425 4553 3534 4608 ἀπὸ
3562 4548 3859 4621 προσώπου
3895 4548 4002 4600 a6-

2416 4665 2529 4729 τοῦ,
2564 4658 2711 4716 οῦτοι
2744 4658 3020 4728 κληδόνων
3070 4653 3164 4707 καὶ
3209 4648 3484 4721 μαντειῶν
3521 4642 3876 4731 ἀκούσονται.
3903 4640 4004 4692 Σοὶ

2416 4757 2474 4810 δὲ
2514 4755 2611 4823 οὐχ
2648 4753 2822 4816 οὕτως
2850 4749 3054 4803 δέδωκε
3086 4743 3295 4814 Κύριος
3321 4743 3349 4795 6
3379 4739 3513 4803 Θεός
3544 4746 3663 4837 σου.
3701 4751 3721 4784 ι
3755 4733 4007 4837 ’ἔταττον

2420 4849 2527 4917 γὰρ
2561 4848 2652 4899 τὸν
2693 4845 2886 4915 ἔχοντα
2926 4841 3024 4910 τὴν
3066 4841 3129 4891 ἐκ
3176 4835 3285 4888 τῶν
3313 4832 3703 4890 δικαιωμάτων
3735 4828 3833 4881 τοῦ
3861 4828 4006 4880 Θεοῦ

2420 4942 2731 5011 συμϐουλὴν
2789 4937 2925 5009 πρὸς
2972 4935 3069 5004 τὴν
3114 4931 3257 5001 ὑπὲρ
3309 4928 3419 4981 τῶν
3464 4924 3760 4993 πρακτέων
3806 4919 4009 4988 σκέψιν

2420 5010 2759 5094 συμϐούλους
2804 5027 3001 5081 ἑαυτοῦ
3036 5019 3493 5094 παραλαμϐάνειν
3532 5015 3598 5068 τὰ
3625 5014 3819 5080 ἄλογα,
3861 5010 4009 5077 μᾶλ-

2644 5083 2765 5177 οῦδε
2802 5083 3162 5189 συμϐούλους,
3194 5083 3332 5167 ἀλλὰ
3384 5107 3731 5167 διδασκάλοις
3762 5102 4014 5173 χρῆσθαι

2422 5220 2517 5274 καὶ
2544 5216 2885 5288 νομοθέταις.
2915 5211 3027 5266 Καὶ
3053 5209 3145 5262 τὸν
3197 5205 3295 5277 μὲν
3324 5200 3517 5257 ἑαυτοῦ
3551 5197 3801 5253 κίνδυνον
3829 5211 4017 5263 παρα-

2423 5314 2679 5373 κείμενον
2705 5308 2799 5363 καὶ
2847 5307 2905 5359 ὲν
2944 5301 3248 5373 ὀφθαλμοῖς
3290 5296 3421 5348 ὄντα
3456 5292 3557 5345 οῦκ
3600 5288 3740 5342 οἶδεν
3771 5290 3804 5359 ὴ
3833 5288 4015 5356 ὅρνις,

2428 5364 2590 5460 ξοῖδὲ
2614 5402 2673 5457 τὸ
2704 5399 2894 5472 μέλλον
2935 5364 3334 5465 προαγορεύσει
3360 5404 3375 5454 ς
3414 5386 3477 5441 El
3510 5384 3568 5437 δὲ
3598 5382 3706 5435 ἀπὸ
3736 5380 4021 5472 δαιμόνων

2433 5468 2716 5564 ἐνεργείας
2743 5486 3039 5560 ἀπατηλῶς
3065 5480 3477 5554 περιπὲτονται,
3517 5474 3591 5546 μή
3631 5490 3724 5544 μοι
3777 5468 4022 5564 καθὲςου

2434 5548 2714 5643 δεσποτῶν
2740 5548 2983 5644 ἀπάταις
3017 5548 3431 5649 προσκεχηνὼς,
3466 5566 3603 5639 μηδὲ
3636 5564 3791 5633 γίνου
3824 5560 4023 5616 διαϐο-

2438 5685 2619 5745 >.ικαῖ;
2678 5679 2895 5740 ἔκδοτος
2933 5670 3262 5743 ἐνεργείαις,
3294 5665 3353 5730 ὃς
3404 5659 3626 5716 ἐπειδὰν
3672 5655 3844 5721 ἅπαξ·
3872 5652 4025 5722 λάϐῃ
