  <div class='ocr_page' id='page_1' title='image "/cluster/home/n/w/nwhite01/storage/ocr_20150623/158/nnc1.0046980636/224.png"; bbox 0 0 4212 6448; ppageno 0'>
   <div class='ocr_carea' id='block_1_1' title="bbox 652 321 717 332">
    <p class='ocr_par' dir='ltr' id='par_1_1' title="bbox 652 321 717 332">
     <span class='ocr_line' id='line_1_1' title="bbox 652 321 717 332; baseline 0.015 -4"><span class='ocrx_word' id='word_1_1' title='bbox 652 321 689 329; x_wconf 75' lang='grc'><strong>-</strong></span> <span class='ocrx_word' id='word_1_2' title='bbox 709 324 717 332; x_wconf 72' lang='grc'><strong>,</strong></span> 
     </span>
    </p>
   </div>
   <div class='ocr_carea' id='block_1_2' title="bbox 226 359 333 426">
    <p class='ocr_par' dir='ltr' id='par_1_2' title="bbox 226 359 333 426">
     <span class='ocr_line' id='line_1_2' title="bbox 226 359 333 426; baseline -0.028 0"><span class='ocrx_word' id='word_1_3' title='bbox 226 359 333 426; x_wconf 70' lang='lat'><strong>373</strong></span> 
     </span>
    </p>
   </div>
   <div class='ocr_carea' id='block_1_3' title="bbox 1453 383 2215 451">
    <p class='ocr_par' dir='ltr' id='par_1_3' title="bbox 1453 383 2215 451">
     <span class='ocr_line' id='line_1_3' title="bbox 1453 383 2215 451; baseline 0.014 -12"><span class='ocrx_word' id='word_1_4' title='bbox 1453 383 1860 445; x_wconf 68' lang='lat' dir='ltr'><strong>ANNALIUM</strong></span> <span class='ocrx_word' id='word_1_5' title='bbox 1902 390 2093 448; x_wconf 75' lang='lat' dir='ltr'><strong>PARS</strong></span> <span class='ocrx_word' id='word_1_6' title='bbox 2137 388 2215 451; x_wconf 84' lang='grc' dir='ltr'><strong>ΙῘ.</strong></span> 
     </span>
    </p>
   </div>
   <div class='ocr_carea' id='block_1_4' title="bbox 3353 385 3469 448">
    <p class='ocr_par' dir='ltr' id='par_1_4' title="bbox 3353 385 3469 448">
     <span class='ocr_line' id='line_1_4' title="bbox 3353 385 3469 448; baseline -0.026 0"><span class='ocrx_word' id='word_1_7' title='bbox 3353 385 3469 448; x_wconf 60' lang='lat' dir='ltr'><strong>37L</strong></span> 
     </span>
    </p>
   </div>
   <div class='ocr_carea' id='block_1_5' title="bbox 234 476 1821 569">
    <p class='ocr_par' dir='ltr' id='par_1_5' title="bbox 234 476 1800 569">
     <span class='ocr_line' id='line_1_5' title="bbox 234 476 1800 569; baseline 0.015 -43"><span class='ocrx_word' id='word_1_8' title='bbox 234 477 418 547; x_wconf 68' lang='grc' dir='ltr'>ψυχὴν</span> <span class='ocrx_word' id='word_1_9' title='bbox 446 476 732 569; x_wconf 75' lang='grc' dir='ltr'>εὐάγωγον</span> <span class='ocrx_word' id='word_1_10' title='bbox 774 482 855 545; x_wconf 83' lang='grc' dir='ltr'><strong>είς</strong></span> <span class='ocrx_word' id='word_1_11' title='bbox 888 483 1190 551; x_wconf 82' lang='grc' dir='ltr'>ἀπώλειαν,</span> <span class='ocrx_word' id='word_1_12' title='bbox 1225 489 1403 543; x_wconf 79' lang='grc' dir='ltr'>πάντα</span> <span class='ocrx_word' id='word_1_13' title='bbox 1433 494 1635 560; x_wconf 80' lang='grc' dir='ltr'>τρόπον</span> <span class='ocrx_word' id='word_1_14' title='bbox 1665 495 1800 566; x_wconf 75' lang='grc' dir='ltr'>αὐτῇ</span> 
     </span>
    </p>
   </div>
   <div class='ocr_carea' id='block_1_6' title="bbox 1917 476 3465 569">
    <p class='ocr_par' dir='ltr' id='par_1_6' title="bbox 1917 496 3465 569">
     <span class='ocr_line' id='line_1_6' title="bbox 1917 496 3465 569; baseline -0.003 -18"><span class='ocrx_word' id='word_1_15' title='bbox 1917 502 2061 554; x_wconf 72' lang='lat' dir='ltr'><strong>avis:</strong></span> <span class='ocrx_word' id='word_1_16' title='bbox 2093 500 2188 554; x_wconf 91' lang='lat' dir='ltr'><strong>tibi</strong></span> <span class='ocrx_word' id='word_1_17' title='bbox 2232 513 2362 554; x_wconf 88' lang='lat' dir='ltr'><strong>vero</strong></span> <span class='ocrx_word' id='word_1_18' title='bbox 2385 499 2527 569; x_wconf 89' lang='lat' dir='ltr'><strong>quod</strong></span> <span class='ocrx_word' id='word_1_19' title='bbox 2558 500 2799 554; x_wconf 77' lang='lat' dir='ltr'><strong>futurum</strong></span> <span class='ocrx_word' id='word_1_20' title='bbox 2830 499 2898 553; x_wconf 91' lang='lat' dir='ltr'><strong>sit</strong></span> <span class='ocrx_word' id='word_1_21' title='bbox 2929 498 3223 553; x_wconf 87' lang='lat' dir='ltr'><strong>iudicabit?</strong></span> <span class='ocrx_word' id='word_1_22' title='bbox 3262 496 3465 562; x_wconf 75' lang='lat' dir='ltr'><strong>Quodsi</strong></span> 
     </span>
    </p>
   </div>
   <div class='ocr_carea' id='block_1_7' title="bbox 223 567 1797 653">
    <p class='ocr_par' dir='ltr' id='par_1_7' title="bbox 223 567 1797 653">
     <span class='ocr_line' id='line_1_7' title="bbox 223 567 1797 653; baseline 0.013 -35"><span class='ocrx_word' id='word_1_23' title='bbox 223 567 652 638; x_wconf 75' lang='grc' dir='ltr'><strong>καταχρώμενος</strong></span> <span class='ocrx_word' id='word_1_24' title='bbox 700 573 799 627; x_wconf 77' lang='grc' dir='ltr'>οὐκ</span> <span class='ocrx_word' id='word_1_25' title='bbox 853 576 1088 647; x_wconf 87' lang='grc' dir='ltr'>ἀνίησιν.</span> <span class='ocrx_word' id='word_1_26' title='bbox 1136 579 1299 634; x_wconf 87' lang='grc' dir='ltr'><strong>Ἀλλά</strong></span> <span class='ocrx_word' id='word_1_27' title='bbox 1352 582 1444 635; x_wconf 80' lang='grc' dir='ltr'>καὶ</span> <span class='ocrx_word' id='word_1_28' title='bbox 1501 584 1797 653; x_wconf 68' lang='grc' dir='ltr'>κράζοντες</span> 
     </span>
    </p>
   </div>
   <div class='ocr_carea' id='block_1_8' title="bbox 222 659 1798 748">
    <p class='ocr_par' dir='ltr' id='par_1_8' title="bbox 222 659 1798 748">
     <span class='ocr_line' id='line_1_8' title="bbox 222 659 1798 748; baseline 0.014 -39"><span class='ocrx_word' id='word_1_29' title='bbox 222 659 463 728; x_wconf 81' lang='grc' dir='ltr'>κόρακες</span> <span class='ocrx_word' id='word_1_30' title='bbox 496 662 593 714; x_wconf 78' lang='grc' dir='ltr'>καὶ</span> <span class='ocrx_word' id='word_1_31' title='bbox 641 664 791 717; x_wconf 77' lang='grc' dir='ltr'>ἀετοὶ</span> <span class='ocrx_word' id='word_1_32' title='bbox 825 667 1081 732; x_wconf 75' lang='grc' dir='ltr'><strong>ἀλύοντες</strong></span> <span class='ocrx_word' id='word_1_33' title='bbox 1109 670 1179 724; x_wconf 85' lang='grc' dir='ltr'>δι’</span> <span class='ocrx_word' id='word_1_34' title='bbox 1220 673 1458 740; x_wconf 78' lang='grc' dir='ltr'>ἀπορίαν</span> <span class='ocrx_word' id='word_1_35' title='bbox 1499 675 1669 746; x_wconf 84' lang='grc' dir='ltr'>θήρας</span> <span class='ocrx_word' id='word_1_36' title='bbox 1699 678 1798 748; x_wconf 81' lang='grc' dir='ltr'>τὴν</span> 
     </span>
    </p>
   </div>
   <div class='ocr_carea' id='block_1_9' title="bbox 222 748 1797 839">
    <p class='ocr_par' dir='ltr' id='par_1_9' title="bbox 222 748 1797 839">
     <span class='ocr_line' id='line_1_9' title="bbox 222 748 1797 839; baseline 0.014 -38"><span class='ocrx_word' id='word_1_37' title='bbox 222 748 595 821; x_wconf 69' lang='grc' dir='ltr'><strong>δεισιδαίμονα</strong></span> <span class='ocrx_word' id='word_1_38' title='bbox 627 758 857 826; x_wconf 76' lang='grc' dir='ltr'><strong>καρδίαν</strong></span> <span class='ocrx_word' id='word_1_39' title='bbox 898 762 1224 830; x_wconf 77' lang='grc' dir='ltr'>πτήσσουσι.</span> <span class='ocrx_word' id='word_1_40' title='bbox 1258 766 1367 818; x_wconf 66' lang='grc' dir='ltr'>Καὶ</span> <span class='ocrx_word' id='word_1_41' title='bbox 1414 767 1651 839; x_wconf 76' lang='grc' dir='ltr'><strong>τοσαύτη</strong></span> <span class='ocrx_word' id='word_1_42' title='bbox 1702 769 1797 823; x_wconf 81' lang='grc' dir='ltr'>τοῦ</span> 
     </span>
    </p>
   </div>
   <div class='ocr_carea' id='block_1_10' title="bbox 218 840 1798 930">
    <p class='ocr_par' dir='ltr' id='par_1_10' title="bbox 218 840 1798 930">
     <span class='ocr_line' id='line_1_10' title="bbox 218 840 1798 930; baseline 0.014 -38"><span class='ocrx_word' id='word_1_43' title='bbox 218 840 425 911; x_wconf 66' lang='grc' dir='ltr'>ἐχθροῦ</span> <span class='ocrx_word' id='word_1_44' title='bbox 487 846 569 907; x_wconf 83' lang='grc' dir='ltr'><strong>είς</strong></span> <span class='ocrx_word' id='word_1_45' title='bbox 630 848 722 901; x_wconf 75' lang='grc' dir='ltr'><strong>τὸν</strong></span> <span class='ocrx_word' id='word_1_46' title='bbox 771 850 1059 920; x_wconf 79' lang='grc' dir='ltr'>ἄνθρωπον</span> <span class='ocrx_word' id='word_1_47' title='bbox 1108 852 1285 925; x_wconf 77' lang='grc' dir='ltr'>ὕϐρις,</span> <span class='ocrx_word' id='word_1_48' title='bbox 1311 856 1453 910; x_wconf 84' lang='grc' dir='ltr'>ὥστε</span> <span class='ocrx_word' id='word_1_49' title='bbox 1503 861 1600 912; x_wconf 76' lang='grc' dir='ltr'>καὶ</span> <span class='ocrx_word' id='word_1_50' title='bbox 1657 861 1798 930; x_wconf 83' lang='grc' dir='ltr'><strong>γαλῆ</strong></span> 
     </span>
    </p>
   </div>
   <div class='ocr_carea' id='block_1_11' title="bbox 224 939 1800 1019">
    <p class='ocr_par' dir='ltr' id='par_1_11' title="bbox 224 939 1800 1019">
     <span class='ocr_line' id='line_1_11' title="bbox 224 939 1800 1019; baseline 0.013 -36"><span class='ocrx_word' id='word_1_51' title='bbox 224 939 612 1001; x_wconf 77' lang='grc' dir='ltr'>παραφανεῖσα</span> <span class='ocrx_word' id='word_1_52' title='bbox 666 939 765 991; x_wconf 76' lang='grc' dir='ltr'>καὶ</span> <span class='ocrx_word' id='word_1_53' title='bbox 835 942 983 995; x_wconf 93' lang='grc' dir='ltr'>κύων</span> <span class='ocrx_word' id='word_1_54' title='bbox 1043 945 1311 1013; x_wconf 71' lang='grc' dir='ltr'>διακόψας</span> <span class='ocrx_word' id='word_1_55' title='bbox 1370 950 1464 1001; x_wconf 76' lang='grc' dir='ltr'><strong>καὶ</strong></span> <span class='ocrx_word' id='word_1_56' title='bbox 1513 951 1800 1019; x_wconf 79' lang='grc' dir='ltr'>ἄνθρωπος</span> 
     </span>
    </p>
   </div>
   <div class='ocr_carea' id='block_1_12' title="bbox 228 1022 1800 1107">
    <p class='ocr_par' dir='ltr' id='par_1_12' title="bbox 228 1022 1800 1107">
     <span class='ocr_line' id='line_1_12' title="bbox 228 1022 1800 1107; baseline 0.013 -35"><span class='ocrx_word' id='word_1_57' title='bbox 228 1022 516 1088; x_wconf 64' lang='grc' dir='ltr'>ἐπιφανεὶς</span> <span class='ocrx_word' id='word_1_58' title='bbox 538 1024 707 1077; x_wconf 77' lang='grc' dir='ltr'>ἕωθεν</span> <span class='ocrx_word' id='word_1_59' title='bbox 727 1028 855 1092; x_wconf 79' lang='grc' dir='ltr'>τοὺς</span> <span class='ocrx_word' id='word_1_60' title='bbox 887 1031 1313 1100; x_wconf 68' lang='grc' dir='ltr'>ἐντυγχάνοντας</span> <span class='ocrx_word' id='word_1_61' title='bbox 1342 1036 1519 1107; x_wconf 71' lang='grc' dir='ltr'>πάντη</span> <span class='ocrx_word' id='word_1_62' title='bbox 1558 1038 1800 1092; x_wconf 81' lang='grc' dir='ltr'>ποιοῦσιν</span> 
     </span>
    </p>
   </div>
   <div class='ocr_carea' id='block_1_13' title="bbox 226 1114 1800 1199">
    <p class='ocr_par' dir='ltr' id='par_1_13' title="bbox 226 1114 1800 1199">
     <span class='ocr_line' id='line_1_13' title="bbox 226 1114 1800 1199; baseline 0.011 -34"><span class='ocrx_word' id='word_1_63' title='bbox 226 1114 649 1183; x_wconf 76' lang='grc' dir='ltr'>ἐκπλήττεσθαι.</span> <span class='ocrx_word' id='word_1_64' title='bbox 704 1119 767 1170; x_wconf 89' lang='grc' dir='ltr'>Τί</span> <span class='ocrx_word' id='word_1_65' title='bbox 808 1119 1170 1191; x_wconf 77' lang='grc' dir='ltr'>ἐλεεινότερον</span> <span class='ocrx_word' id='word_1_66' title='bbox 1221 1124 1315 1177; x_wconf 82' lang='grc' dir='ltr'>τοῦ</span> <span class='ocrx_word' id='word_1_67' title='bbox 1364 1130 1610 1182; x_wconf 85' lang='grc' dir='ltr'>τοιούτου</span> <span class='ocrx_word' id='word_1_68' title='bbox 1662 1131 1800 1199; x_wconf 81' lang='grc' dir='ltr'>βίου,</span> 
     </span>
    </p>
   </div>
   <div class='ocr_carea' id='block_1_14' title="bbox 228 1206 1801 1288">
    <p class='ocr_par' dir='ltr' id='par_1_14' title="bbox 228 1206 1801 1288">
     <span class='ocr_line' id='line_1_14' title="bbox 228 1206 1801 1288; baseline 0.012 -31"><span class='ocrx_word' id='word_1_69' title='bbox 228 1206 409 1260; x_wconf 88' lang='grc' dir='ltr'>πάντα</span> <span class='ocrx_word' id='word_1_70' title='bbox 446 1208 801 1276; x_wconf 80' lang='grc' dir='ltr'>ὑποπτεύειν,</span> <span class='ocrx_word' id='word_1_71' title='bbox 839 1213 944 1267; x_wconf 78' lang='grc' dir='ltr'><strong>ὑπὸ</strong></span> <span class='ocrx_word' id='word_1_72' title='bbox 973 1216 1196 1270; x_wconf 86' lang='grc' dir='ltr'>πάντων</span> <span class='ocrx_word' id='word_1_73' title='bbox 1224 1219 1638 1288; x_wconf 74' lang='grc' dir='ltr'>ἐμποδίζεσθαι,</span> <span class='ocrx_word' id='word_1_74' title='bbox 1671 1223 1801 1282; x_wconf 80' lang='grc' dir='ltr'>,δέον</span> 
     </span>
    </p>
   </div>
   <div class='ocr_carea' id='block_1_15' title="bbox 230 1298 1804 1378">
    <p class='ocr_par' dir='ltr' id='par_1_15' title="bbox 230 1298 1804 1378">
     <span class='ocr_line' id='line_1_15' title="bbox 230 1298 1804 1378; baseline 0.015 -33"><span class='ocrx_word' id='word_1_75' title='bbox 230 1298 573 1367; x_wconf 79' lang='grc' dir='ltr'>πανταχόθεν</span> <span class='ocrx_word' id='word_1_76' title='bbox 604 1302 702 1369; x_wconf 78' lang='grc' dir='ltr'><strong>τὴν</strong></span> <span class='ocrx_word' id='word_1_77' title='bbox 725 1301 905 1373; x_wconf 79' lang='grc' dir='ltr'>ψυχὴν</span> <span class='ocrx_word' id='word_1_78' title='bbox 933 1306 1100 1360; x_wconf 77' lang='grc' dir='ltr'>αὐτοῦ</span> <span class='ocrx_word' id='word_1_79' title='bbox 1148 1309 1289 1378; x_wconf 82' lang='grc' dir='ltr'>πρὸς</span> <span class='ocrx_word' id='word_1_80' title='bbox 1319 1311 1410 1363; x_wconf 80' lang='grc' dir='ltr'><strong>τὸν</strong></span> <span class='ocrx_word' id='word_1_81' title='bbox 1443 1311 1575 1365; x_wconf 83' lang='grc' dir='ltr'>Θεὸν</span> <span class='ocrx_word' id='word_1_82' title='bbox 1603 1314 1804 1367; x_wconf 75' lang='grc' dir='ltr'>ἐπανά-</span> 
     </span>
    </p>
   </div>
   <div class='ocr_carea' id='block_1_16' title="bbox 228 1384 1800 1473">
    <p class='ocr_par' dir='ltr' id='par_1_16' title="bbox 228 1384 1800 1473">
     <span class='ocr_line' id='line_1_16' title="bbox 228 1384 1800 1473; baseline 0.017 -42"><span class='ocrx_word' id='word_1_83' title='bbox 228 1398 381 1449; x_wconf 80' lang='grc' dir='ltr'>γεινς</span> <span class='ocrx_word' id='word_1_84' title='bbox 407 1384 580 1440; x_wconf 84' lang='grc' dir='ltr'>’Ὅταν</span> <span class='ocrx_word' id='word_1_85' title='bbox 616 1389 728 1462; x_wconf 75' lang='grc' dir='ltr'>ίδῃς</span> <span class='ocrx_word' id='word_1_86' title='bbox 763 1392 984 1459; x_wconf 70' lang='grc' dir='ltr'>ὄρνιθας</span> <span class='ocrx_word' id='word_1_87' title='bbox 1029 1396 1460 1465; x_wconf 84' lang='grc' dir='ltr'>διαπετομένους</span> <span class='ocrx_word' id='word_1_88' title='bbox 1501 1403 1591 1455; x_wconf 76' lang='grc' dir='ltr'>τὸν</span> <span class='ocrx_word' id='word_1_89' title='bbox 1641 1405 1800 1473; x_wconf 80' lang='grc' dir='ltr'>ἀέρα,</span> 
     </span>
    </p>
   </div>
   <div class='ocr_carea' id='block_1_17' title="bbox 234 1473 1805 1563">
    <p class='ocr_par' dir='ltr' id='par_1_17' title="bbox 234 1473 1805 1563">
     <span class='ocr_line' id='line_1_17' title="bbox 234 1473 1805 1563; baseline 0.015 -38"><span class='ocrx_word' id='word_1_90' title='bbox 234 1473 311 1542; x_wconf 79' lang='grc' dir='ltr'>μὴ</span> <span class='ocrx_word' id='word_1_91' title='bbox 362 1477 431 1529; x_wconf 72' lang='grc' dir='ltr'><strong>τά</strong></span> <span class='ocrx_word' id='word_1_92' title='bbox 466 1480 723 1548; x_wconf 84' lang='grc' dir='ltr'>σχήματα</span> <span class='ocrx_word' id='word_1_93' title='bbox 774 1484 885 1537; x_wconf 85' lang='grc' dir='ltr'><strong>τῶν</strong></span> <span class='ocrx_word' id='word_1_94' title='bbox 932 1488 1190 1558; x_wconf 81' lang='grc' dir='ltr'>πτήσεων</span> <span class='ocrx_word' id='word_1_95' title='bbox 1242 1494 1633 1563; x_wconf 83' lang='grc' dir='ltr'>περιεργάζου,</span> <span class='ocrx_word' id='word_1_96' title='bbox 1669 1496 1805 1549; x_wconf 85' lang='grc' dir='ltr'><strong>ἀλλά</strong></span> 
     </span>
    </p>
   </div>
   <div class='ocr_carea' id='block_1_18' title="bbox 235 1565 1805 1654">
    <p class='ocr_par' dir='ltr' id='par_1_18' title="bbox 235 1565 1805 1654">
     <span class='ocr_line' id='line_1_18' title="bbox 235 1565 1805 1654; baseline 0.015 -38"><span class='ocrx_word' id='word_1_97' title='bbox 235 1565 408 1618; x_wconf 80' lang='grc' dir='ltr'>ταῦτα</span> <span class='ocrx_word' id='word_1_98' title='bbox 454 1571 766 1625; x_wconf 86' lang='grc' dir='ltr'>καταλιπὼν</span> <span class='ocrx_word' id='word_1_99' title='bbox 804 1575 900 1628; x_wconf 78' lang='grc' dir='ltr'>τοῦ</span> <span class='ocrx_word' id='word_1_100' title='bbox 942 1578 1291 1649; x_wconf 79' lang='grc' dir='ltr'>Δημιουργοῦ</span> <span class='ocrx_word' id='word_1_101' title='bbox 1342 1584 1443 1654; x_wconf 81' lang='grc' dir='ltr'>τὴν</span> <span class='ocrx_word' id='word_1_102' title='bbox 1484 1587 1571 1637; x_wconf 68' lang='grc' dir='ltr'><strong>ἐπ’</strong></span> <span class='ocrx_word' id='word_1_103' title='bbox 1620 1588 1805 1648; x_wconf 78' lang='grc' dir='ltr'>αὐτοῖς</span> 
     </span>
    </p>
   </div>
   <div class='ocr_carea' id='block_1_19' title="bbox 230 1659 1806 1747">
    <p class='ocr_par' dir='ltr' id='par_1_19' title="bbox 230 1659 1806 1747">
     <span class='ocr_line' id='line_1_19' title="bbox 230 1659 1806 1747; baseline 0.016 -40"><span class='ocrx_word' id='word_1_104' title='bbox 230 1659 426 1724; x_wconf 63' lang='grc' dir='ltr'>σοφίαν</span> <span class='ocrx_word' id='word_1_105' title='bbox 474 1661 567 1713; x_wconf 72' lang='grc' dir='ltr'>καὶ</span> <span class='ocrx_word' id='word_1_106' title='bbox 628 1663 993 1737; x_wconf 74' lang='grc' dir='ltr'><strong>διακόσμησιν</strong></span> <span class='ocrx_word' id='word_1_107' title='bbox 1030 1669 1305 1738; x_wconf 82' lang='grc' dir='ltr'><strong>θαύμαζε,</strong></span> <span class='ocrx_word' id='word_1_108' title='bbox 1347 1675 1463 1738; x_wconf 83' lang='grc' dir='ltr'><strong>πῶς</strong></span> <span class='ocrx_word' id='word_1_109' title='bbox 1518 1677 1685 1747; x_wconf 83' lang='grc' dir='ltr'>βάρος</span> <span class='ocrx_word' id='word_1_110' title='bbox 1716 1697 1806 1733; x_wconf 86' lang='grc' dir='ltr'>το-</span> 
     </span>
    </p>
   </div>
   <div class='ocr_carea' id='block_1_20' title="bbox 231 1749 1805 1841">
    <p class='ocr_par' dir='ltr' id='par_1_20' title="bbox 231 1749 1805 1841">
     <span class='ocr_line' id='line_1_20' title="bbox 231 1749 1805 1841; baseline 0.017 -42"><span class='ocrx_word' id='word_1_111' title='bbox 231 1749 426 1841; x_wconf 73' lang='grc' dir='ltr'>σοῦτον</span> <span class='ocrx_word' id='word_1_112' title='bbox 467 1751 536 1805; x_wconf 86' lang='grc' dir='ltr'>δι’</span> <span class='ocrx_word' id='word_1_113' title='bbox 566 1754 732 1823; x_wconf 79' lang='grc' dir='ltr'>ἀέρος</span> <span class='ocrx_word' id='word_1_114' title='bbox 774 1758 1021 1829; x_wconf 82' lang='grc' dir='ltr'>φέρεται,</span> <span class='ocrx_word' id='word_1_115' title='bbox 1061 1763 1253 1835; x_wconf 82' lang='grc' dir='ltr'>πῶς.ή</span> <span class='ocrx_word' id='word_1_116' title='bbox 1292 1766 1475 1837; x_wconf 82' lang='grc' dir='ltr'>ἁπαλὴ</span> <span class='ocrx_word' id='word_1_117' title='bbox 1508 1770 1603 1821; x_wconf 84' lang='grc' dir='ltr'>τοῦ</span> <span class='ocrx_word' id='word_1_118' title='bbox 1642 1771 1805 1841; x_wconf 75' lang='grc' dir='ltr'>ἀέρος</span> 
     </span>
    </p>
   </div>
   <div class='ocr_carea' id='block_1_21' title="bbox 230 1823 1877 1927">
    <p class='ocr_par' dir='ltr' id='par_1_21' title="bbox 230 1823 1877 1927">
     <span class='ocr_line' id='line_1_21' title="bbox 230 1823 1877 1927; baseline 0.007 -35"><span class='ocrx_word' id='word_1_119' title='bbox 230 1839 397 1905; x_wconf 80' lang='grc' dir='ltr'>φύσις</span> <span class='ocrx_word' id='word_1_120' title='bbox 435 1843 618 1913; x_wconf 82' lang='grc' dir='ltr'>δχημα</span> <span class='ocrx_word' id='word_1_121' title='bbox 651 1823 861 1913; x_wconf 76' lang='grc' dir='ltr'>γίνεται</span> <span class='ocrx_word' id='word_1_122' title='bbox 892 1849 971 1918; x_wconf 82' lang='grc' dir='ltr'>τῷ</span> <span class='ocrx_word' id='word_1_123' title='bbox 1002 1823 1211 1924; x_wconf 72' lang='grc' dir='ltr'>πτερῶ,</span> <span class='ocrx_word' id='word_1_124' title='bbox 1242 1823 1368 1918; x_wconf 55' lang='grc' dir='ltr'>’πῶς</span> <span class='ocrx_word' id='word_1_125' title='bbox 1405 1823 1475 1926; x_wconf 49' lang='grc' dir='ltr'><strong>τῆς</strong></span> <span class='ocrx_word' id='word_1_126' title='bbox 1515 1859 1615 1927; x_wconf 81' lang='grc' dir='ltr'>μὲν</span> <span class='ocrx_word' id='word_1_127' title='bbox 1647 1823 1807 1916; x_wconf 30' lang='lat' dir='ltr'><strong>tua:</strong></span> <span class='ocrx_word' id='word_1_128' title='bbox 1839 1823 1877 1877; x_wconf 73' lang='grc' dir='ltr'><strong><em>Β</em></strong></span> 
     </span>
    </p>
   </div>
   <div class='ocr_carea' id='block_1_22' title="bbox 230 1933 1806 2023">
    <p class='ocr_par' dir='ltr' id='par_1_22' title="bbox 230 1933 1806 2023">
     <span class='ocr_line' id='line_1_22' title="bbox 230 1933 1806 2023; baseline 0.013 -40"><span class='ocrx_word' id='word_1_129' title='bbox 230 1946 315 2023; x_wconf 69' lang='grc' dir='ltr'><strong>σει</strong></span> <span class='ocrx_word' id='word_1_130' title='bbox 347 1933 455 1984; x_wconf 85' lang='grc' dir='ltr'><strong>τῶν</strong></span> <span class='ocrx_word' id='word_1_131' title='bbox 501 1939 720 2005; x_wconf 81' lang='grc' dir='ltr'>πτερῶν</span> <span class='ocrx_word' id='word_1_132' title='bbox 755 1940 1108 2011; x_wconf 75' lang='grc' dir='ltr'>ἐπινήχονται</span> <span class='ocrx_word' id='word_1_133' title='bbox 1158 1944 1235 2013; x_wconf 83' lang='grc' dir='ltr'>τῷ</span> <span class='ocrx_word' id='word_1_134' title='bbox 1287 1945 1434 2014; x_wconf 81' lang='grc' dir='ltr'>ἀέρι,</span> <span class='ocrx_word' id='word_1_135' title='bbox 1459 1949 1613 2019; x_wconf 82' lang='grc' dir='ltr'>τῇδὲ</span> <span class='ocrx_word' id='word_1_136' title='bbox 1667 1952 1806 2023; x_wconf 81' lang='grc' dir='ltr'>οὐρᾷ</span> 
     </span>
    </p>
   </div>
   <div class='ocr_carea' id='block_1_23' title="bbox 230 2016 1807 2101">
    <p class='ocr_par' dir='ltr' id='par_1_23' title="bbox 230 2016 1807 2101">
     <span class='ocr_line' id='line_1_23' title="bbox 230 2016 1807 2101; baseline 0.013 -26"><span class='ocrx_word' id='word_1_137' title='bbox 230 2016 343 2076; x_wconf 73' lang='grc' dir='ltr'>οἷον</span> <span class='ocrx_word' id='word_1_138' title='bbox 382 2025 628 2100; x_wconf 75' lang='grc' dir='ltr'>πηδαλίῳ</span> <span class='ocrx_word' id='word_1_139' title='bbox 650 2030 752 2097; x_wconf 83' lang='grc' dir='ltr'>τὴν</span> <span class='ocrx_word' id='word_1_140' title='bbox 786 2033 988 2101; x_wconf 83' lang='grc' dir='ltr'>πτῆσιν</span> <span class='ocrx_word' id='word_1_141' title='bbox 1018 2033 1228 2087; x_wconf 77' lang='grc' dir='ltr'>ἑαυτῶν</span> <span class='ocrx_word' id='word_1_142' title='bbox 1271 2016 1661 2095; x_wconf 76' lang='grc' dir='ltr'>ἀπευθύνουσι.</span> <span class='ocrx_word' id='word_1_143' title='bbox 1694 2016 1807 2095; x_wconf 62' lang='grc' dir='ltr'><strong>Κάλ</strong></span> 
     </span>
    </p>
   </div>
   <div class='ocr_carea' id='block_1_24' title="bbox 230 2114 1807 2202">
    <p class='ocr_par' dir='ltr' id='par_1_24' title="bbox 230 2114 1807 2202">
     <span class='ocr_line' id='line_1_24' title="bbox 230 2114 1807 2202; baseline 0.011 -33"><span class='ocrx_word' id='word_1_144' title='bbox 230 2114 457 2185; x_wconf 77' lang='grc' dir='ltr'>τοιαύτη</span> <span class='ocrx_word' id='word_1_145' title='bbox 490 2118 589 2185; x_wconf 76' lang='grc' dir='ltr'><strong>μὲν</strong></span> <span class='ocrx_word' id='word_1_146' title='bbox 624 2119 657 2187; x_wconf 79' lang='grc' dir='ltr'><strong>ἡ</strong></span> <span class='ocrx_word' id='word_1_147' title='bbox 694 2122 853 2196; x_wconf 77' lang='grc' dir='ltr'>σοφία</span> <span class='ocrx_word' id='word_1_148' title='bbox 883 2124 978 2178; x_wconf 83' lang='grc' dir='ltr'>τοῦ</span> <span class='ocrx_word' id='word_1_149' title='bbox 1014 2125 1181 2178; x_wconf 81' lang='grc' dir='ltr'>Θεοῦ·</span> <span class='ocrx_word' id='word_1_150' title='bbox 1206 2128 1234 2179; x_wconf 84' lang='grc' dir='ltr'>δ</span> <span class='ocrx_word' id='word_1_151' title='bbox 1262 2129 1320 2182; x_wconf 76' lang='grc' dir='ltr'><strong>δὲ</strong></span> <span class='ocrx_word' id='word_1_152' title='bbox 1355 2132 1689 2202; x_wconf 71' lang='grc' dir='ltr'>μικρόψυχος</span> <span class='ocrx_word' id='word_1_153' title='bbox 1713 2135 1807 2187; x_wconf 71' lang='grc' dir='ltr'><strong>καὶ</strong></span> 
     </span>
    </p>
   </div>
   <div class='ocr_carea' id='block_1_25' title="bbox 230 2208 1807 2295">
    <p class='ocr_par' dir='ltr' id='par_1_25' title="bbox 230 2208 1807 2295">
     <span class='ocr_line' id='line_1_25' title="bbox 230 2208 1807 2295; baseline 0.014 -38"><span class='ocrx_word' id='word_1_154' title='bbox 230 2208 465 2261; x_wconf 84' lang='grc' dir='ltr'>ταπεινά</span> <span class='ocrx_word' id='word_1_155' title='bbox 497 2210 710 2279; x_wconf 81' lang='grc' dir='ltr'>φρονῶν</span> <span class='ocrx_word' id='word_1_156' title='bbox 757 2214 856 2275; x_wconf 82' lang='grc' dir='ltr'><strong>τὰς</strong></span> <span class='ocrx_word' id='word_1_157' title='bbox 900 2215 1009 2269; x_wconf 86' lang='grc' dir='ltr'><strong>τῶν</strong></span> <span class='ocrx_word' id='word_1_158' title='bbox 1058 2217 1273 2286; x_wconf 79' lang='grc' dir='ltr'><strong>ἀλόγων</strong></span> <span class='ocrx_word' id='word_1_159' title='bbox 1307 2223 1554 2291; x_wconf 78' lang='grc' dir='ltr'>κινήσεις</span> <span class='ocrx_word' id='word_1_160' title='bbox 1584 2224 1663 2293; x_wconf 80' lang='grc' dir='ltr'><strong>τῷ</strong></span> <span class='ocrx_word' id='word_1_161' title='bbox 1692 2226 1807 2295; x_wconf 85' lang='grc' dir='ltr'>ἰδίῳ</span> 
     </span>
    </p>
   </div>
   <div class='ocr_carea' id='block_1_26' title="bbox 233 2298 1806 2378">
    <p class='ocr_par' dir='ltr' id='par_1_26' title="bbox 233 2298 1806 2378">
     <span class='ocr_line' id='line_1_26' title="bbox 233 2298 1806 2378; baseline 0.011 -28"><span class='ocrx_word' id='word_1_162' title='bbox 233 2298 425 2369; x_wconf 81' lang='grc' dir='ltr'>σκοπῷ</span> <span class='ocrx_word' id='word_1_163' title='bbox 469 2302 830 2373; x_wconf 76' lang='grc' dir='ltr'>συναρμόζειν</span> <span class='ocrx_word' id='word_1_164' title='bbox 875 2306 1169 2378; x_wconf 72' lang='grc' dir='ltr'>ἐπιχειρεῖ,</span> <span class='ocrx_word' id='word_1_165' title='bbox 1212 2311 1305 2363; x_wconf 76' lang='grc' dir='ltr'>καὶ</span> <span class='ocrx_word' id='word_1_166' title='bbox 1353 2313 1668 2367; x_wconf 86' lang='grc' dir='ltr'>καταλιπὼν</span> <span class='ocrx_word' id='word_1_167' title='bbox 1716 2315 1806 2368; x_wconf 77' lang='grc' dir='ltr'>τὸν</span> 
     </span>
    </p>
   </div>
   <div class='ocr_carea' id='block_1_27' title="bbox 230 2382 1807 2464">
    <p class='ocr_par' dir='ltr' id='par_1_27' title="bbox 230 2382 1807 2464">
     <span class='ocr_line' id='line_1_27' title="bbox 230 2382 1807 2464; baseline 0.012 -22"><span class='ocrx_word' id='word_1_168' title='bbox 230 2382 369 2443; x_wconf 64' lang='grc' dir='ltr'>Θεδν</span> <span class='ocrx_word' id='word_1_169' title='bbox 417 2392 668 2461; x_wconf 79' lang='grc' dir='ltr'>δαίμοσιν</span> <span class='ocrx_word' id='word_1_170' title='bbox 712 2398 1025 2464; x_wconf 79' lang='grc' dir='ltr'>ἐπιϐούλοις</span> <span class='ocrx_word' id='word_1_171' title='bbox 1072 2402 1373 2458; x_wconf 68' lang='grc' dir='ltr'>ἐκδέδωκεν</span> <span class='ocrx_word' id='word_1_172' title='bbox 1432 2405 1648 2460; x_wconf 73' lang='grc' dir='ltr'>ἑαυτόν.</span> <span class='ocrx_word' id='word_1_173' title='bbox 1697 2408 1807 2461; x_wconf 75' lang='grc' dir='ltr'><strong>Καὶ</strong></span> 
     </span>
    </p>
   </div>
   <div class='ocr_carea' id='block_1_28' title="bbox 233 2482 953 2553">
    <p class='ocr_par' dir='ltr' id='par_1_28' title="bbox 233 2482 953 2553">
     <span class='ocr_line' id='line_1_28' title="bbox 233 2482 953 2553; baseline 0.018 -22"><span class='ocrx_word' id='word_1_174' title='bbox 233 2483 367 2549; x_wconf 71' lang='grc' dir='ltr'>περὶ</span> <span class='ocrx_word' id='word_1_175' title='bbox 395 2482 496 2551; x_wconf 83' lang='grc' dir='ltr'>μὲν</span> <span class='ocrx_word' id='word_1_176' title='bbox 523 2486 728 2540; x_wconf 86' lang='grc' dir='ltr'>τούτων</span> <span class='ocrx_word' id='word_1_177' title='bbox 756 2488 953 2553; x_wconf 78' lang='grc' dir='ltr'>οὕτως.</span> 
     </span>
    </p>
   </div>
   <div class='ocr_carea' id='block_1_29' title="bbox 1901 590 3468 659">
    <p class='ocr_par' dir='ltr' id='par_1_29' title="bbox 1901 590 3468 659">
     <span class='ocr_line' id='line_1_29' title="bbox 1901 590 3468 659; baseline -0.001 -15"><span class='ocrx_word' id='word_1_178' title='bbox 1901 605 2029 645; x_wconf 90' lang='lat' dir='ltr'><strong>aves</strong></span> <span class='ocrx_word' id='word_1_179' title='bbox 2077 591 2346 646; x_wconf 88' lang='lat' dir='ltr'><strong>malorum</strong></span> <span class='ocrx_word' id='word_1_180' title='bbox 2408 592 2727 645; x_wconf 76' lang='lat' dir='ltr'><strong>eﬂicacitate</strong></span> <span class='ocrx_word' id='word_1_181' title='bbox 2782 590 3125 645; x_wconf 81' lang='lat' dir='ltr'><strong>fraudulenta</strong></span> <span class='ocrx_word' id='word_1_182' title='bbox 3182 592 3468 659; x_wconf 76' lang='lat' dir='ltr'><strong>geniorum</strong></span> 
     </span>
    </p>
   </div>
   <div class='ocr_carea' id='block_1_30' title="bbox 1836 681 3470 750">
    <p class='ocr_par' dir='ltr' id='par_1_30' title="bbox 1836 681 3470 750">
     <span class='ocr_line' id='line_1_30' title="bbox 1836 681 3470 750; baseline -0.003 -14"><span class='ocrx_word' id='word_1_183' title='bbox 1836 744 1839 746; x_wconf 7' lang='grc' dir='ltr'><strong>ς</strong></span> <span class='ocrx_word' id='word_1_184' title='bbox 1902 683 2028 737; x_wconf 85' lang='lat' dir='ltr'><strong>hinc</strong></span> <span class='ocrx_word' id='word_1_185' title='bbox 2053 683 2181 738; x_wconf 90' lang='lat' dir='ltr'><strong>inde</strong></span> <span class='ocrx_word' id='word_1_186' title='bbox 2216 684 2440 750; x_wconf 89' lang='lat' dir='ltr'><strong>volant,</strong></span> <span class='ocrx_word' id='word_1_187' title='bbox 2469 684 2579 738; x_wconf 90' lang='lat' dir='ltr'><strong>noli</strong></span> <span class='ocrx_word' id='word_1_188' title='bbox 2607 685 2799 738; x_wconf 87' lang='lat' dir='ltr'><strong>horum</strong></span> <span class='ocrx_word' id='word_1_189' title='bbox 2820 685 3189 748; x_wconf 90' lang='lat' dir='ltr'><strong>dominorum,</strong></span> <span class='ocrx_word' id='word_1_190' title='bbox 3216 697 3244 734; x_wconf 89' lang='lat' dir='ltr'><strong>a</strong></span> <span class='ocrx_word' id='word_1_191' title='bbox 3272 681 3470 750; x_wconf 86' lang='lat' dir='ltr'><strong>quibus</strong></span> 
     </span>
    </p>
   </div>
   <div class='ocr_carea' id='block_1_31' title="bbox 1901 772 3470 843">
    <p class='ocr_par' dir='ltr' id='par_1_31' title="bbox 1901 772 3470 843">
     <span class='ocr_line' id='line_1_31' title="bbox 1901 772 3470 843; baseline -0.003 -15"><span class='ocrx_word' id='word_1_192' title='bbox 1901 775 2196 843; x_wconf 86' lang='lat' dir='ltr'><strong>agitantur,</strong></span> <span class='ocrx_word' id='word_1_193' title='bbox 2233 776 2523 831; x_wconf 79' lang='lat' dir='ltr'><strong>fraudibus</strong></span> <span class='ocrx_word' id='word_1_194' title='bbox 2550 776 2809 831; x_wconf 75' lang='lat' dir='ltr'><strong>inhianalo</strong></span> <span class='ocrx_word' id='word_1_195' title='bbox 2834 776 3102 839; x_wconf 86' lang='lat' dir='ltr'><strong>desidere,</strong></span> <span class='ocrx_word' id='word_1_196' title='bbox 3136 789 3236 827; x_wconf 90' lang='lat' dir='ltr'><strong>nec</strong></span> <span class='ocrx_word' id='word_1_197' title='bbox 3270 778 3323 825; x_wconf 91' lang='lat' dir='ltr'><strong>te</strong></span> <span class='ocrx_word' id='word_1_198' title='bbox 3353 772 3470 825; x_wconf 89' lang='lat' dir='ltr'><strong>dia-</strong></span> 
     </span>
    </p>
   </div>
   <div class='ocr_carea' id='block_1_32' title="bbox 1902 861 3471 935">
    <p class='ocr_par' dir='ltr' id='par_1_32' title="bbox 1902 861 3471 935">
     <span class='ocr_line' id='line_1_32' title="bbox 1902 861 3471 935; baseline -0.004 -17"><span class='ocrx_word' id='word_1_199' title='bbox 1902 864 2095 919; x_wconf 87' lang='lat' dir='ltr'><strong>bolicis</strong></span> <span class='ocrx_word' id='word_1_200' title='bbox 2146 866 2464 933; x_wconf 88' lang='lat' dir='ltr'><strong>imposturis</strong></span> <span class='ocrx_word' id='word_1_201' title='bbox 2510 867 2627 933; x_wconf 86' lang='lat' dir='ltr'><strong>capi</strong></span> <span class='ocrx_word' id='word_1_202' title='bbox 2674 866 2902 935; x_wconf 89' lang='lat' dir='ltr'><strong>patitor.</strong></span> <span class='ocrx_word' id='word_1_203' title='bbox 2956 862 3172 930; x_wconf 81' lang='lat' dir='ltr'><strong>Quippe</strong></span> <span class='ocrx_word' id='word_1_204' title='bbox 3221 861 3471 914; x_wconf 83' lang='lat' dir='ltr'><strong>diabolus</strong></span> 
     </span>
    </p>
   </div>
   <div class='ocr_carea' id='block_1_33' title="bbox 1901 952 3473 1023">
    <p class='ocr_par' dir='ltr' id='par_1_33' title="bbox 1901 952 3473 1023">
     <span class='ocr_line' id='line_1_33' title="bbox 1901 952 3473 1023; baseline -0.005 -13"><span class='ocrx_word' id='word_1_205' title='bbox 1901 957 1993 1010; x_wconf 88' lang='lat' dir='ltr'><strong>ubi</strong></span> <span class='ocrx_word' id='word_1_206' title='bbox 2026 956 2196 1010; x_wconf 89' lang='lat' dir='ltr'><strong>semel</strong></span> <span class='ocrx_word' id='word_1_207' title='bbox 2234 966 2428 1011; x_wconf 81' lang='lat' dir='ltr'><strong>nactus</strong></span> <span class='ocrx_word' id='word_1_208' title='bbox 2468 966 2571 1014; x_wconf 86' lang='lat' dir='ltr'><strong>est.</strong></span> <span class='ocrx_word' id='word_1_209' title='bbox 2600 956 2841 1010; x_wconf 89' lang='lat' dir='ltr'><strong>animum</strong></span> <span class='ocrx_word' id='word_1_210' title='bbox 2883 953 3180 1023; x_wconf 88' lang='lat' dir='ltr'><strong>proclivem</strong></span> <span class='ocrx_word' id='word_1_211' title='bbox 3229 952 3295 1003; x_wconf 90' lang='lat' dir='ltr'><strong>ad</strong></span> <span class='ocrx_word' id='word_1_212' title='bbox 3343 965 3473 1020; x_wconf 84' lang='lat' dir='ltr'><strong>pro-</strong></span> 
     </span>
    </p>
   </div>
   <div class='ocr_carea' id='block_1_34' title="bbox 1903 1042 3475 1118">
    <p class='ocr_par' dir='ltr' id='par_1_34' title="bbox 1903 1042 3475 1118">
     <span class='ocr_line' id='line_1_34' title="bbox 1903 1042 3475 1118; baseline -0.006 -16"><span class='ocrx_word' id='word_1_213' title='bbox 1903 1048 2080 1118; x_wconf 88' lang='lat' dir='ltr'><strong>prium</strong></span> <span class='ocrx_word' id='word_1_214' title='bbox 2111 1049 2415 1112; x_wconf 79' lang='lat' dir='ltr'><strong>interitum,</strong></span> <span class='ocrx_word' id='word_1_215' title='bbox 2444 1048 2701 1101; x_wconf 86' lang='lat' dir='ltr'><strong>omnibus</strong></span> <span class='ocrx_word' id='word_1_216' title='bbox 2735 1061 2802 1100; x_wconf 89' lang='lat' dir='ltr'><strong>eo</strong></span> <span class='ocrx_word' id='word_1_217' title='bbox 2835 1045 3010 1098; x_wconf 85' lang='lat' dir='ltr'><strong>modis</strong></span> <span class='ocrx_word' id='word_1_218' title='bbox 3052 1043 3199 1096; x_wconf 89' lang='lat' dir='ltr'><strong>abuti</strong></span> <span class='ocrx_word' id='word_1_219' title='bbox 3227 1056 3335 1093; x_wconf 90' lang='lat' dir='ltr'><strong>non</strong></span> <span class='ocrx_word' id='word_1_220' title='bbox 3375 1042 3475 1092; x_wconf 89' lang='lat' dir='ltr'><strong>de-</strong></span> 
     </span>
    </p>
   </div>
   <div class='ocr_carea' id='block_1_35' title="bbox 1904 1132 3476 1198">
    <p class='ocr_par' dir='ltr' id='par_1_35' title="bbox 1904 1132 3476 1198">
     <span class='ocr_line' id='line_1_35' title="bbox 1904 1132 3476 1198; baseline -0.007 -4"><span class='ocrx_word' id='word_1_221' title='bbox 1904 1140 2051 1194; x_wconf 91' lang='lat' dir='ltr'><strong>sinit.</strong></span> <span class='ocrx_word' id='word_1_222' title='bbox 2089 1140 2355 1195; x_wconf 81' lang='lat' dir='ltr'><strong>Videmus</strong></span> <span class='ocrx_word' id='word_1_223' title='bbox 2393 1147 2574 1194; x_wconf 87' lang='lat' dir='ltr'><strong>autem</strong></span> <span class='ocrx_word' id='word_1_224' title='bbox 2612 1138 2944 1192; x_wconf 87' lang='lat' dir='ltr'><strong>crocitantes</strong></span> <span class='ocrx_word' id='word_1_225' title='bbox 2985 1150 3177 1189; x_wconf 81' lang='lat' dir='ltr'><strong>corvos</strong></span> <span class='ocrx_word' id='word_1_226' title='bbox 3224 1142 3279 1187; x_wconf 90' lang='lat' dir='ltr'><strong>et</strong></span> <span class='ocrx_word' id='word_1_227' title='bbox 3321 1132 3476 1198; x_wconf 85' lang='lat' dir='ltr'><strong>aqui-</strong></span> 
     </span>
    </p>
   </div>
   <div class='ocr_carea' id='block_1_36' title="bbox 1903 1225 3472 1302">
    <p class='ocr_par' dir='ltr' id='par_1_36' title="bbox 1903 1225 3472 1302">
     <span class='ocr_line' id='line_1_36' title="bbox 1903 1225 3472 1302; baseline -0.006 -18"><span class='ocrx_word' id='word_1_228' title='bbox 1903 1230 1983 1284; x_wconf 88' lang='lat' dir='ltr'><strong>las</strong></span> <span class='ocrx_word' id='word_1_229' title='bbox 2019 1241 2245 1302; x_wconf 82' lang='lat' dir='ltr'><strong>prepter</strong></span> <span class='ocrx_word' id='word_1_230' title='bbox 2278 1230 2516 1297; x_wconf 83' lang='lat' dir='ltr'><strong>inopiam</strong></span> <span class='ocrx_word' id='word_1_231' title='bbox 2554 1229 2659 1283; x_wconf 91' lang='lat' dir='ltr'><strong>cibi</strong></span> <span class='ocrx_word' id='word_1_232' title='bbox 2706 1229 3031 1294; x_wconf 74' lang='lat' dir='ltr'><strong>oberrantes</strong></span> <span class='ocrx_word' id='word_1_233' title='bbox 3082 1225 3232 1279; x_wconf 84' lang='lat' dir='ltr'><strong>cordi</strong></span> <span class='ocrx_word' id='word_1_234' title='bbox 3279 1238 3472 1292; x_wconf 87' lang='lat' dir='ltr'><strong>super-</strong></span> 
     </span>
    </p>
   </div>
   <div class='ocr_carea' id='block_1_37' title="bbox 1905 1313 3475 1391">
    <p class='ocr_par' dir='ltr' id='par_1_37' title="bbox 1905 1313 3475 1391">
     <span class='ocr_line' id='line_1_37' title="bbox 1905 1313 3475 1391; baseline -0.007 -14"><span class='ocrx_word' id='word_1_235' title='bbox 1905 1321 2118 1377; x_wconf 83' lang='lat' dir='ltr'><strong>stilioso</strong></span> <span class='ocrx_word' id='word_1_236' title='bbox 2159 1336 2417 1391; x_wconf 75' lang='lat' dir='ltr'><strong>pavorem</strong></span> <span class='ocrx_word' id='word_1_237' title='bbox 2467 1322 2737 1374; x_wconf 78' lang='lat' dir='ltr'><strong>incutere.</strong></span> <span class='ocrx_word' id='word_1_238' title='bbox 2788 1319 3071 1387; x_wconf 76' lang='lat' dir='ltr'><strong>Tantaque</strong></span> <span class='ocrx_word' id='word_1_239' title='bbox 3115 1315 3251 1369; x_wconf 89' lang='lat' dir='ltr'><strong>adeo</strong></span> <span class='ocrx_word' id='word_1_240' title='bbox 3302 1313 3475 1367; x_wconf 73' lang='lat' dir='ltr'><strong>nostri</strong></span> 
     </span>
    </p>
   </div>
   <div class='ocr_carea' id='block_1_38' title="bbox 1905 1405 3476 1480">
    <p class='ocr_par' dir='ltr' id='par_1_38' title="bbox 1905 1405 3476 1480">
     <span class='ocr_line' id='line_1_38' title="bbox 1905 1405 3476 1480; baseline -0.004 -15"><span class='ocrx_word' id='word_1_241' title='bbox 1905 1412 2080 1466; x_wconf 85' lang='lat' dir='ltr'><strong>hostis</strong></span> <span class='ocrx_word' id='word_1_242' title='bbox 2110 1410 2259 1467; x_wconf 90' lang='lat' dir='ltr'><strong>illius</strong></span> <span class='ocrx_word' id='word_1_243' title='bbox 2282 1421 2365 1466; x_wconf 90' lang='lat' dir='ltr'><strong>est</strong></span> <span class='ocrx_word' id='word_1_244' title='bbox 2387 1413 2442 1466; x_wconf 91' lang='lat' dir='ltr'><strong>in</strong></span> <span class='ocrx_word' id='word_1_245' title='bbox 2468 1411 2748 1465; x_wconf 83' lang='lat' dir='ltr'><strong>hominem</strong></span> <span class='ocrx_word' id='word_1_246' title='bbox 2781 1408 3107 1480; x_wconf 90' lang='lat' dir='ltr'><strong>petulantia,</strong></span> <span class='ocrx_word' id='word_1_247' title='bbox 3132 1415 3192 1461; x_wconf 88' lang='lat' dir='ltr'><strong>ut</strong></span> <span class='ocrx_word' id='word_1_248' title='bbox 3220 1405 3476 1459; x_wconf 87' lang='lat' dir='ltr'><strong>alicunde</strong></span> 
     </span>
    </p>
   </div>
   <div class='ocr_carea' id='block_1_39' title="bbox 1905 1496 3475 1571">
    <p class='ocr_par' dir='ltr' id='par_1_39' title="bbox 1905 1496 3475 1571">
     <span class='ocr_line' id='line_1_39' title="bbox 1905 1496 3475 1571; baseline -0.006 -14"><span class='ocrx_word' id='word_1_249' title='bbox 1905 1517 1963 1558; x_wconf 90' lang='lat' dir='ltr'><strong>se</strong></span> <span class='ocrx_word' id='word_1_250' title='bbox 1990 1502 2229 1557; x_wconf 75' lang='lat' dir='ltr'><strong>offerens</strong></span> <span class='ocrx_word' id='word_1_251' title='bbox 2260 1503 2510 1567; x_wconf 82' lang='lat' dir='ltr'><strong>mustela,</strong></span> <span class='ocrx_word' id='word_1_252' title='bbox 2549 1503 2633 1557; x_wconf 91' lang='lat' dir='ltr'><strong>vel</strong></span> <span class='ocrx_word' id='word_1_253' title='bbox 2671 1511 3023 1571; x_wconf 74' lang='lat' dir='ltr'><strong>prospectans</strong></span> <span class='ocrx_word' id='word_1_254' title='bbox 3064 1502 3237 1561; x_wconf 90' lang='lat' dir='ltr'><strong>canis,</strong></span> <span class='ocrx_word' id='word_1_255' title='bbox 3287 1497 3372 1551; x_wconf 91' lang='lat' dir='ltr'><strong>vel</strong></span> <span class='ocrx_word' id='word_1_256' title='bbox 3407 1496 3475 1549; x_wconf 87' lang='lat' dir='ltr'><strong>ab</strong></span> 
     </span>
    </p>
   </div>
   <div class='ocr_carea' id='block_1_40' title="bbox 1906 1582 3474 1656">
    <p class='ocr_par' dir='ltr' id='par_1_40' title="bbox 1906 1582 3474 1656">
     <span class='ocr_line' id='line_1_40' title="bbox 1906 1582 3474 1656; baseline -0.008 -12"><span class='ocrx_word' id='word_1_257' title='bbox 1906 1598 2030 1644; x_wconf 90' lang='lat' dir='ltr'><strong>ortu</strong></span> <span class='ocrx_word' id='word_1_258' title='bbox 2085 1587 2384 1643; x_wconf 83' lang='lat' dir='ltr'><strong>adventans</strong></span> <span class='ocrx_word' id='word_1_259' title='bbox 2433 1589 2597 1642; x_wconf 86' lang='lat' dir='ltr'><strong>homo</strong></span> <span class='ocrx_word' id='word_1_260' title='bbox 2645 1602 2893 1656; x_wconf 84' lang='lat' dir='ltr'><strong>magnam</strong></span> <span class='ocrx_word' id='word_1_261' title='bbox 2937 1586 2991 1638; x_wconf 90' lang='lat' dir='ltr'><strong>in</strong></span> <span class='ocrx_word' id='word_1_262' title='bbox 3022 1584 3102 1637; x_wconf 90' lang='lat' dir='ltr'><strong>eis</strong></span> <span class='ocrx_word' id='word_1_263' title='bbox 3128 1582 3474 1637; x_wconf 82' lang='lat' dir='ltr'><strong>formidinem</strong></span> 
     </span>
    </p>
   </div>
   <div class='ocr_carea' id='block_1_41' title="bbox 1906 1671 3479 1749">
    <p class='ocr_par' dir='ltr' id='par_1_41' title="bbox 1906 1671 3479 1749">
     <span class='ocr_line' id='line_1_41' title="bbox 1906 1671 3479 1749; baseline -0.007 -14"><span class='ocrx_word' id='word_1_264' title='bbox 1906 1680 2143 1735; x_wconf 81' lang='lat' dir='ltr'><strong>excitent</strong></span> <span class='ocrx_word' id='word_1_265' title='bbox 2183 1681 2235 1733; x_wconf 91' lang='lat' dir='ltr'><strong>in</strong></span> <span class='ocrx_word' id='word_1_266' title='bbox 2282 1696 2421 1749; x_wconf 90' lang='lat' dir='ltr'><strong>quos</strong></span> <span class='ocrx_word' id='word_1_267' title='bbox 2470 1680 2611 1734; x_wconf 82' lang='lat' dir='ltr'><strong>forte</strong></span> <span class='ocrx_word' id='word_1_268' title='bbox 2636 1679 2968 1733; x_wconf 84' lang='lat' dir='ltr'><strong>inciderunt.</strong></span> <span class='ocrx_word' id='word_1_269' title='bbox 3029 1674 3171 1740; x_wconf 84' lang='lat' dir='ltr'><strong>Quid</strong></span> <span class='ocrx_word' id='word_1_270' title='bbox 3209 1671 3479 1743; x_wconf 85' lang='lat' dir='ltr'><strong>ejusmodi</strong></span> 
     </span>
    </p>
   </div>
   <div class='ocr_carea' id='block_1_42' title="bbox 1907 1765 3484 1841">
    <p class='ocr_par' dir='ltr' id='par_1_42' title="bbox 1907 1765 3484 1841">
     <span class='ocr_line' id='line_1_42' title="bbox 1907 1765 3484 1841; baseline -0.008 -14"><span class='ocrx_word' id='word_1_271' title='bbox 1907 1774 2018 1827; x_wconf 89' lang='lat' dir='ltr'><strong>vita</strong></span> <span class='ocrx_word' id='word_1_272' title='bbox 2072 1772 2443 1827; x_wconf 81' lang='lat' dir='ltr'><strong>miserabilius</strong></span> <span class='ocrx_word' id='word_1_273' title='bbox 2498 1785 2620 1827; x_wconf 89' lang='lat' dir='ltr'><strong>esse</strong></span> <span class='ocrx_word' id='word_1_274' title='bbox 2662 1770 2873 1841; x_wconf 91' lang='lat' dir='ltr'><strong>possit,</strong></span> <span class='ocrx_word' id='word_1_275' title='bbox 2913 1768 2970 1823; x_wconf 86' lang='lat' dir='ltr'><strong>in</strong></span> <span class='ocrx_word' id='word_1_276' title='bbox 3013 1782 3119 1837; x_wconf 90' lang='lat' dir='ltr'><strong>qua</strong></span> <span class='ocrx_word' id='word_1_277' title='bbox 3176 1765 3360 1819; x_wconf 86' lang='lat' dir='ltr'><strong>omnia</strong></span> <span class='ocrx_word' id='word_1_278' title='bbox 3390 1778 3484 1816; x_wconf 89' lang='lat' dir='ltr'><strong>su-</strong></span> 
     </span>
    </p>
   </div>
   <div class='ocr_carea' id='block_1_43' title="bbox 1911 1856 3481 1932">
    <p class='ocr_par' dir='ltr' id='par_1_43' title="bbox 1911 1856 3481 1932">
     <span class='ocr_line' id='line_1_43' title="bbox 1911 1856 3481 1932; baseline -0.006 -17"><span class='ocrx_word' id='word_1_279' title='bbox 1911 1871 2095 1932; x_wconf 87' lang='lat' dir='ltr'><strong>specta</strong></span> <span class='ocrx_word' id='word_1_280' title='bbox 2127 1860 2237 1917; x_wconf 88' lang='lat' dir='ltr'><strong>sint</strong></span> <span class='ocrx_word' id='word_1_281' title='bbox 2266 1871 2321 1915; x_wconf 91' lang='lat' dir='ltr'><strong>et</strong></span> <span class='ocrx_word' id='word_1_282' title='bbox 2374 1862 2594 1931; x_wconf 85' lang='lat' dir='ltr'><strong>negotia</strong></span> <span class='ocrx_word' id='word_1_283' title='bbox 2642 1858 2855 1930; x_wconf 68' lang='lat' dir='ltr'><strong>quaevis</strong></span> <span class='ocrx_word' id='word_1_284' title='bbox 2893 1859 2962 1913; x_wconf 90' lang='lat' dir='ltr'><strong>ab</strong></span> <span class='ocrx_word' id='word_1_285' title='bbox 3009 1858 3261 1913; x_wconf 87' lang='lat' dir='ltr'><strong>omnibus</strong></span> <span class='ocrx_word' id='word_1_286' title='bbox 3308 1856 3481 1920; x_wconf 86' lang='lat' dir='ltr'><strong>impe-</strong></span> 
     </span>
    </p>
   </div>
   <div class='ocr_carea' id='block_1_44' title="bbox 1911 1943 3482 2022">
    <p class='ocr_par' dir='ltr' id='par_1_44' title="bbox 1911 1943 3482 2022">
     <span class='ocr_line' id='line_1_44' title="bbox 1911 1943 3482 2022; baseline -0.007 -13"><span class='ocrx_word' id='word_1_287' title='bbox 1911 1954 2174 2009; x_wconf 80' lang='lat' dir='ltr'><strong>diantur?</strong></span> <span class='ocrx_word' id='word_1_288' title='bbox 2239 1952 2425 2008; x_wconf 86' lang='lat' dir='ltr'><strong>Potius</strong></span> <span class='ocrx_word' id='word_1_289' title='bbox 2482 1953 2837 2022; x_wconf 88' lang='lat' dir='ltr'><strong>undiquaque</strong></span> <span class='ocrx_word' id='word_1_290' title='bbox 2909 1960 3100 2004; x_wconf 89' lang='lat' dir='ltr'><strong>noster</strong></span> <span class='ocrx_word' id='word_1_291' title='bbox 3156 1949 3370 2002; x_wconf 85' lang='lat' dir='ltr'><strong>animus</strong></span> <span class='ocrx_word' id='word_1_292' title='bbox 3411 1943 3482 1998; x_wconf 89' lang='lat' dir='ltr'><strong>ad</strong></span> 
     </span>
    </p>
   </div>
   <div class='ocr_carea' id='block_1_45' title="bbox 1912 2039 3485 2108">
    <p class='ocr_par' dir='ltr' id='par_1_45' title="bbox 1912 2039 3485 2108">
     <span class='ocr_line' id='line_1_45' title="bbox 1912 2039 3485 2108; baseline -0.006 -9"><span class='ocrx_word' id='word_1_293' title='bbox 1912 2045 2084 2099; x_wconf 89' lang='lat' dir='ltr'><strong>Deum</strong></span> <span class='ocrx_word' id='word_1_294' title='bbox 2116 2044 2454 2099; x_wconf 87' lang='lat' dir='ltr'><strong>revocandus</strong></span> <span class='ocrx_word' id='word_1_295' title='bbox 2475 2052 2579 2098; x_wconf 88' lang='lat' dir='ltr'><strong>est.</strong></span> <span class='ocrx_word' id='word_1_296' title='bbox 2636 2043 2772 2097; x_wconf 81' lang='lat' dir='ltr'><strong>Cum</strong></span> <span class='ocrx_word' id='word_1_297' title='bbox 2810 2057 2938 2098; x_wconf 89' lang='lat' dir='ltr'><strong>aves</strong></span> <span class='ocrx_word' id='word_1_298' title='bbox 2977 2056 3102 2097; x_wconf 87' lang='lat' dir='ltr'><strong>aera</strong></span> <span class='ocrx_word' id='word_1_299' title='bbox 3138 2039 3485 2108; x_wconf 86' lang='lat' dir='ltr'><strong>pervolantes</strong></span> 
     </span>
    </p>
   </div>
   <div class='ocr_carea' id='block_1_46' title="bbox 1915 2128 3483 2209">
    <p class='ocr_par' dir='ltr' id='par_1_46' title="bbox 1915 2128 3483 2209">
     <span class='ocr_line' id='line_1_46' title="bbox 1915 2128 3483 2209; baseline -0.006 -21"><span class='ocrx_word' id='word_1_300' title='bbox 1915 2134 2167 2199; x_wconf 90' lang='lat' dir='ltr'><strong>intueris,</strong></span> <span class='ocrx_word' id='word_1_301' title='bbox 2198 2136 2307 2209; x_wconf 87' lang='lat' dir='ltr'><strong>noli</strong></span> <span class='ocrx_word' id='word_1_302' title='bbox 2340 2134 2566 2204; x_wconf 81' lang='lat' dir='ltr'><strong>ﬁguram</strong></span> <span class='ocrx_word' id='word_1_303' title='bbox 2605 2135 2825 2189; x_wconf 90' lang='lat' dir='ltr'><strong>volatus</strong></span> <span class='ocrx_word' id='word_1_304' title='bbox 2868 2133 3086 2188; x_wconf 87' lang='lat' dir='ltr'><strong>curiose</strong></span> <span class='ocrx_word' id='word_1_305' title='bbox 3125 2128 3483 2200; x_wconf 84' lang='lat' dir='ltr'><strong>perscrutari,</strong></span> 
     </span>
    </p>
   </div>
   <div class='ocr_carea' id='block_1_47' title="bbox 1914 2220 3487 2289">
    <p class='ocr_par' dir='ltr' id='par_1_47' title="bbox 1914 2220 3487 2289">
     <span class='ocr_line' id='line_1_47' title="bbox 1914 2220 3487 2289; baseline -0.008 -7"><span class='ocrx_word' id='word_1_306' title='bbox 1914 2228 2011 2283; x_wconf 88' lang='lat' dir='ltr'><strong>sed</strong></span> <span class='ocrx_word' id='word_1_307' title='bbox 2062 2227 2168 2281; x_wconf 84' lang='lat' dir='ltr'><strong>illis</strong></span> <span class='ocrx_word' id='word_1_308' title='bbox 2219 2227 2381 2281; x_wconf 85' lang='lat' dir='ltr'><strong>rebus</strong></span> <span class='ocrx_word' id='word_1_309' title='bbox 2421 2227 2643 2282; x_wconf 83' lang='lat' dir='ltr'><strong>omissis</strong></span> <span class='ocrx_word' id='word_1_310' title='bbox 2687 2226 3016 2283; x_wconf 86' lang='lat' dir='ltr'><strong>declaratam</strong></span> <span class='ocrx_word' id='word_1_311' title='bbox 3065 2223 3117 2277; x_wconf 91' lang='lat' dir='ltr'><strong>in</strong></span> <span class='ocrx_word' id='word_1_312' title='bbox 3158 2222 3240 2277; x_wconf 89' lang='lat' dir='ltr'><strong>eis</strong></span> <span class='ocrx_word' id='word_1_313' title='bbox 3269 2220 3487 2289; x_wconf 84' lang='lat' dir='ltr'><strong>sapien-</strong></span> 
     </span>
    </p>
   </div>
   <div class='ocr_carea' id='block_1_48' title="bbox 1915 2307 3485 2380">
    <p class='ocr_par' dir='ltr' id='par_1_48' title="bbox 1915 2307 3485 2380">
     <span class='ocr_line' id='line_1_48' title="bbox 1915 2307 3485 2380; baseline -0.006 -11"><span class='ocrx_word' id='word_1_314' title='bbox 1915 2315 2045 2369; x_wconf 87' lang='lat' dir='ltr'><strong>tiam</strong></span> <span class='ocrx_word' id='word_1_315' title='bbox 2079 2313 2352 2370; x_wconf 87' lang='lat' dir='ltr'><strong>Creatoris</strong></span> <span class='ocrx_word' id='word_1_316' title='bbox 2383 2325 2439 2369; x_wconf 89' lang='lat' dir='ltr'><strong>et</strong></span> <span class='ocrx_word' id='word_1_317' title='bbox 2461 2314 2859 2370; x_wconf 87' lang='lat' dir='ltr'><strong>ordinationem</strong></span> <span class='ocrx_word' id='word_1_318' title='bbox 2887 2314 3183 2375; x_wconf 88' lang='lat' dir='ltr'><strong>admirare,</strong></span> <span class='ocrx_word' id='word_1_319' title='bbox 3214 2310 3306 2380; x_wconf 89' lang='lat' dir='ltr'><strong>qui</strong></span> <span class='ocrx_word' id='word_1_320' title='bbox 3339 2307 3485 2362; x_wconf 87' lang='lat' dir='ltr'><strong>scili-</strong></span> 
     </span>
    </p>
   </div>
   <div class='ocr_carea' id='block_1_49' title="bbox 1913 2407 3489 2478">
    <p class='ocr_par' dir='ltr' id='par_1_49' title="bbox 1913 2407 3489 2478">
     <span class='ocr_line' id='line_1_49' title="bbox 1913 2407 3489 2478; baseline -0.006 -16"><span class='ocrx_word' id='word_1_321' title='bbox 1913 2414 2011 2472; x_wconf 57' lang='lat' dir='ltr'><strong>cet,</strong></span> <span class='ocrx_word' id='word_1_322' title='bbox 2034 2407 2126 2461; x_wconf 76' lang='lat' dir='ltr'><strong>fiat</strong></span> <span class='ocrx_word' id='word_1_323' title='bbox 2155 2416 2213 2461; x_wconf 89' lang='lat' dir='ltr'><strong>ut</strong></span> <span class='ocrx_word' id='word_1_324' title='bbox 2231 2416 2437 2463; x_wconf 81' lang='lat' dir='ltr'><strong>tantum</strong></span> <span class='ocrx_word' id='word_1_325' title='bbox 2464 2408 2677 2478; x_wconf 85' lang='lat' dir='ltr'><strong>pondus</strong></span> <span class='ocrx_word' id='word_1_326' title='bbox 2694 2422 2878 2462; x_wconf 90' lang='lat' dir='ltr'><strong>aerem</strong></span> <span class='ocrx_word' id='word_1_327' title='bbox 2907 2414 3173 2476; x_wconf 89' lang='lat' dir='ltr'><strong>permeet,</strong></span> <span class='ocrx_word' id='word_1_328' title='bbox 3199 2418 3308 2472; x_wconf 92' lang='lat' dir='ltr'><strong>quo</strong></span> <span class='ocrx_word' id='word_1_329' title='bbox 3331 2409 3489 2471; x_wconf 80' lang='lat' dir='ltr'><strong>pacto</strong></span> 
     </span>
    </p>
   </div>
   <div class='ocr_carea' id='block_1_50' title="bbox 1915 2490 3493 2564">
    <p class='ocr_par' dir='ltr' id='par_1_50' title="bbox 1915 2490 3493 2564">
     <span class='ocr_line' id='line_1_50' title="bbox 1915 2490 3493 2564; baseline -0.007 -11"><span class='ocrx_word' id='word_1_330' title='bbox 1915 2509 2107 2554; x_wconf 89' lang='lat' dir='ltr'><strong>tenera</strong></span> <span class='ocrx_word' id='word_1_331' title='bbox 2142 2501 2293 2554; x_wconf 67' lang='lat' dir='ltr'><strong>istatc</strong></span> <span class='ocrx_word' id='word_1_332' title='bbox 2324 2500 2468 2554; x_wconf 90' lang='lat' dir='ltr'><strong>aeris</strong></span> <span class='ocrx_word' id='word_1_333' title='bbox 2514 2510 2714 2553; x_wconf 89' lang='lat' dir='ltr'><strong>natura</strong></span> <span class='ocrx_word' id='word_1_334' title='bbox 2760 2500 3045 2553; x_wconf 89' lang='lat' dir='ltr'><strong>volucrum</strong></span> <span class='ocrx_word' id='word_1_335' title='bbox 3089 2496 3189 2549; x_wconf 89' lang='lat' dir='ltr'><strong>alis</strong></span> <span class='ocrx_word' id='word_1_336' title='bbox 3215 2508 3313 2564; x_wconf 92' lang='lat' dir='ltr'><strong>pro</strong></span> <span class='ocrx_word' id='word_1_337' title='bbox 3344 2490 3493 2545; x_wconf 86' lang='lat' dir='ltr'><strong>vehi—</strong></span> 
     </span>
    </p>
   </div>
   <div class='ocr_carea' id='block_1_51' title="bbox 230 2576 3490 2681">
    <p class='ocr_par' dir='ltr' id='par_1_51' title="bbox 230 2576 3490 2681">
     <span class='ocr_line' id='line_1_51' title="bbox 230 2576 3490 2681; baseline 0.002 -50"><span class='ocrx_word' id='word_1_338' title='bbox 230 2576 360 2631; x_wconf 75' lang='lat' dir='ltr'><strong>cnlo</strong></span> <span class='ocrx_word' id='word_1_339' title='bbox 390 2578 482 2681; x_wconf 71' lang='lat' dir='ltr'><strong>sit,</strong></span> <span class='ocrx_word' id='word_1_340' title='bbox 514 2581 624 2681; x_wconf 41' lang='lat' dir='ltr'><strong>‘qui</strong></span> <span class='ocrx_word' id='word_1_341' title='bbox 665 2597 764 2681; x_wconf 75' lang='lat' dir='ltr'><strong>per</strong></span> <span class='ocrx_word' id='word_1_342' title='bbox 797 2584 1005 2639; x_wconf 90' lang='lat' dir='ltr'><strong>alarum</strong></span> <span class='ocrx_word' id='word_1_343' title='bbox 1055 2589 1434 2645; x_wconf 79' lang='lat' dir='ltr'><strong>extensionem</strong></span> <span class='ocrx_word' id='word_1_344' title='bbox 1497 2592 1553 2647; x_wconf 94' lang='lat' dir='ltr'><strong>in</strong></span> <span class='ocrx_word' id='word_1_345' title='bbox 1585 2608 1713 2649; x_wconf 88' lang='lat' dir='ltr'><strong>aere</strong></span> <span class='ocrx_word' id='word_1_346' title='bbox 1774 2604 1967 2650; x_wconf 83' lang='lat' dir='ltr'><strong>natent</strong></span> <span class='ocrx_word' id='word_1_347' title='bbox 2006 2611 2069 2650; x_wconf 90' lang='lat' dir='ltr'><strong>ac</strong></span> <span class='ocrx_word' id='word_1_348' title='bbox 2103 2603 2265 2650; x_wconf 83' lang='lat' dir='ltr'><strong>motu&#39;</strong></span> <span class='ocrx_word' id='word_1_349' title='bbox 2316 2597 2502 2651; x_wconf 69' lang='lat' dir='ltr'><strong>cauda:</strong></span> <span class='ocrx_word' id='word_1_350' title='bbox 2568 2611 2669 2651; x_wconf 87' lang='lat' dir='ltr'><strong>ceu</strong></span> <span class='ocrx_word' id='word_1_351' title='bbox 2714 2595 2851 2650; x_wconf 87' lang='lat' dir='ltr'><strong>clavi</strong></span> <span class='ocrx_word' id='word_1_352' title='bbox 2906 2592 3200 2663; x_wconf 83' lang='lat' dir='ltr'><strong>cujusdam</strong></span> <span class='ocrx_word' id='word_1_353' title='bbox 3250 2589 3490 2642; x_wconf 76' lang='lat' dir='ltr'><strong>volatum</strong></span> 
     </span>
    </p>
   </div>
   <div class='ocr_carea' id='block_1_52' title="bbox 232 2670 3492 2760">
    <p class='ocr_par' dir='ltr' id='par_1_52' title="bbox 232 2670 3492 2760">
     <span class='ocr_line' id='line_1_52' title="bbox 232 2670 3492 2760; baseline 0.003 -40"><span class='ocrx_word' id='word_1_354' title='bbox 232 2682 395 2721; x_wconf 81' lang='lat' dir='ltr'><strong>suum</strong></span> <span class='ocrx_word' id='word_1_355' title='bbox 426 2670 681 2742; x_wconf 88' lang='lat' dir='ltr'><strong>dirigant.</strong></span> <span class='ocrx_word' id='word_1_356' title='bbox 740 2674 801 2730; x_wconf 89' lang='lat' dir='ltr'><strong>In</strong></span> <span class='ocrx_word' id='word_1_357' title='bbox 829 2677 914 2732; x_wconf 87' lang='lat' dir='ltr'><strong>his</strong></span> <span class='ocrx_word' id='word_1_358' title='bbox 948 2678 1094 2733; x_wconf 87' lang='lat' dir='ltr'><strong>enim</strong></span> <span class='ocrx_word' id='word_1_359' title='bbox 1142 2681 1234 2736; x_wconf 91' lang='lat' dir='ltr'><strong>Dei</strong></span> <span class='ocrx_word' id='word_1_360' title='bbox 1303 2684 1572 2753; x_wconf 88' lang='lat' dir='ltr'><strong>sapientia</strong></span> <span class='ocrx_word' id='word_1_361' title='bbox 1614 2687 1972 2758; x_wconf 77' lang='lat' dir='ltr'><strong>conspicitur.</strong></span> <span class='ocrx_word' id='word_1_362' title='bbox 2042 2689 2112 2744; x_wconf 87' lang='lat' dir='ltr'><strong>At</strong></span> <span class='ocrx_word' id='word_1_363' title='bbox 2145 2690 2310 2745; x_wconf 89' lang='lat' dir='ltr'><strong>homo</strong></span> <span class='ocrx_word' id='word_1_364' title='bbox 2367 2691 2638 2760; x_wconf 87' lang='lat' dir='ltr'><strong>quispiam</strong></span> <span class='ocrx_word' id='word_1_365' title='bbox 2702 2688 2886 2758; x_wconf 85' lang='lat' dir='ltr'><strong>pusilli</strong></span> <span class='ocrx_word' id='word_1_366' title='bbox 2925 2685 3096 2741; x_wconf 84' lang='lat' dir='ltr'><strong>animi</strong></span> <span class='ocrx_word' id='word_1_367' title='bbox 3161 2694 3217 2739; x_wconf 90' lang='lat' dir='ltr'><strong>et</strong></span> <span class='ocrx_word' id='word_1_368' title='bbox 3257 2680 3492 2737; x_wconf 82' lang='lat' dir='ltr'><strong>humilia</strong></span> 
     </span>
    </p>
   </div>
   <div class='ocr_carea' id='block_1_53' title="bbox 241 2760 3495 2861">
    <p class='ocr_par' dir='ltr' id='par_1_53' title="bbox 241 2760 3495 2861">
     <span class='ocr_line' id='line_1_53' title="bbox 241 2760 3495 2861; baseline 0.006 -52"><span class='ocrx_word' id='word_1_369' title='bbox 241 2764 452 2861; x_wconf 64' lang='lat' dir='ltr'><strong>taptum</strong></span> <span class='ocrx_word' id='word_1_370' title='bbox 511 2760 815 2861; x_wconf 72' lang='lat' dir='ltr'><strong>respiciens</strong></span> <span class='ocrx_word' id='word_1_371' title='bbox 846 2766 1185 2861; x_wconf 49' lang='lat' dir='ltr'><strong>animalium</strong></span> <span class='ocrx_word' id='word_1_372' title='bbox 1235 2769 1464 2827; x_wconf 88' lang='lat' dir='ltr'><strong>rationis</strong></span> <span class='ocrx_word' id='word_1_373' title='bbox 1502 2775 1810 2842; x_wconf 78' lang='lat' dir='ltr'><strong>expertium</strong></span> <span class='ocrx_word' id='word_1_374' title='bbox 1850 2785 2033 2833; x_wconf 88' lang='lat' dir='ltr'><strong>mutus</strong></span> <span class='ocrx_word' id='word_1_375' title='bbox 2109 2779 2355 2834; x_wconf 89' lang='lat' dir='ltr'><strong>instituto</strong></span> <span class='ocrx_word' id='word_1_376' title='bbox 2393 2794 2494 2834; x_wconf 90' lang='lat' dir='ltr'><strong>suo</strong></span> <span class='ocrx_word' id='word_1_377' title='bbox 2526 2778 2936 2834; x_wconf 78' lang='lat' dir='ltr'><strong>accommodare</strong></span> <span class='ocrx_word' id='word_1_378' title='bbox 2979 2777 3195 2838; x_wconf 83' lang='lat' dir='ltr'><strong>nititur,</strong></span> <span class='ocrx_word' id='word_1_379' title='bbox 3266 2774 3495 2839; x_wconf 70' lang='lat' dir='ltr'><strong>Deoque</strong></span> 
     </span>
    </p>
   </div>
   <div class='ocr_carea' id='block_1_54' title="bbox 235 2848 3496 2941">
    <p class='ocr_par' dir='ltr' id='par_1_54' title="bbox 235 2848 3496 2941">
     <span class='ocr_line' id='line_1_54' title="bbox 235 2848 3496 2941; baseline 0.005 -40"><span class='ocrx_word' id='word_1_380' title='bbox 235 2848 429 2902; x_wconf 67' lang='lat' dir='ltr'><strong>relicto</strong></span> <span class='ocrx_word' id='word_1_381' title='bbox 457 2850 612 2904; x_wconf 86' lang='lat' dir='ltr'><strong>malis</strong></span> <span class='ocrx_word' id='word_1_382' title='bbox 640 2867 698 2906; x_wconf 90' lang='lat' dir='ltr'><strong>se</strong></span> <span class='ocrx_word' id='word_1_383' title='bbox 736 2854 912 2921; x_wconf 84' lang='lat' dir='ltr'><strong>geniis</strong></span> <span class='ocrx_word' id='word_1_384' title='bbox 943 2855 1113 2923; x_wconf 89' lang='lat' dir='ltr'><strong>dedit,</strong></span> <span class='ocrx_word' id='word_1_385' title='bbox 1142 2859 1236 2928; x_wconf 90' lang='lat' dir='ltr'><strong>qul</strong></span> <span class='ocrx_word' id='word_1_386' title='bbox 1295 2876 1489 2933; x_wconf 86' lang='lat' dir='ltr'><strong>reapse</strong></span> <span class='ocrx_word' id='word_1_387' title='bbox 1527 2864 1665 2920; x_wconf 83' lang='lat' dir='ltr'><strong>nihil</strong></span> <span class='ocrx_word' id='word_1_388' title='bbox 1735 2867 1882 2924; x_wconf 81' lang='lat' dir='ltr'><strong>aliud</strong></span> <span class='ocrx_word' id='word_1_389' title='bbox 1921 2879 2248 2941; x_wconf 83' lang='lat' dir='ltr'><strong>suntquam</strong></span> <span class='ocrx_word' id='word_1_390' title='bbox 2274 2871 2647 2927; x_wconf 85' lang='lat' dir='ltr'><strong>insidiatores.</strong></span> <span class='ocrx_word' id='word_1_391' title='bbox 2699 2870 2780 2925; x_wconf 80' lang='lat' dir='ltr'><strong>Ac</strong></span> <span class='ocrx_word' id='word_1_392' title='bbox 2828 2870 2897 2924; x_wconf 87' lang='lat' dir='ltr'><strong>de</strong></span> <span class='ocrx_word' id='word_1_393' title='bbox 2953 2870 3041 2925; x_wconf 86' lang='lat' dir='ltr'><strong>his</strong></span> <span class='ocrx_word' id='word_1_394' title='bbox 3076 2868 3296 2939; x_wconf 88' lang='lat' dir='ltr'><strong>quidem</strong></span> <span class='ocrx_word' id='word_1_395' title='bbox 3330 2867 3496 2921; x_wconf 83' lang='lat' dir='ltr'><strong>rebus</strong></span> 
     </span>
    </p>
   </div>
   <div class='ocr_carea' id='block_1_55' title="bbox 178 2943 1160 3031">
    <p class='ocr_par' dir='ltr' id='par_1_55' title="bbox 178 2943 1160 3031">
     <span class='ocr_line' id='line_1_55' title="bbox 178 2943 1160 3031; baseline 0.015 -38"><span class='ocrx_word' id='word_1_396' title='bbox 178 3025 188 3031; x_wconf 35' lang='lat'>&#39;</span> <span class='ocrx_word' id='word_1_397' title='bbox 233 2944 291 2995; x_wconf 90' lang='lat' dir='ltr'><strong>in</strong></span> <span class='ocrx_word' id='word_1_398' title='bbox 334 2943 482 2998; x_wconf 85' lang='lat' dir='ltr'><strong>hunc</strong></span> <span class='ocrx_word' id='word_1_399' title='bbox 519 2946 741 3001; x_wconf 89' lang='lat' dir='ltr'><strong>modum</strong></span> <span class='ocrx_word' id='word_1_400' title='bbox 778 2949 985 3005; x_wconf 88' lang='lat' dir='ltr'><strong>dictum</strong></span> <span class='ocrx_word' id='word_1_401' title='bbox 1017 2962 1160 3008; x_wconf 85' lang='lat' dir='ltr'><strong>esto.</strong></span> 
     </span>
    </p>
   </div>
   <div class='ocr_carea' id='block_1_56' title="bbox 318 3038 1821 3128">
    <p class='ocr_par' dir='ltr' id='par_1_56' title="bbox 318 3038 1814 3125">
     <span class='ocr_line' id='line_1_56' title="bbox 318 3038 1814 3125; baseline 0.013 -36"><span class='ocrx_word' id='word_1_402' title='bbox 318 3039 379 3090; x_wconf 93' lang='lat'><strong>&#39;0</strong></span> <span class='ocrx_word' id='word_1_403' title='bbox 412 3038 468 3090; x_wconf 75' lang='grc' dir='ltr'><strong>δέ</strong></span> <span class='ocrx_word' id='word_1_404' title='bbox 498 3055 564 3107; x_wconf 86' lang='grc' dir='ltr'><strong>γε</strong></span> <span class='ocrx_word' id='word_1_405' title='bbox 588 3041 906 3111; x_wconf 73' lang='grc' dir='ltr'>διαληφθεὶς</span> <span class='ocrx_word' id='word_1_406' title='bbox 937 3044 1191 3114; x_wconf 84' lang='grc' dir='ltr'>βασιλεὺς</span> <span class='ocrx_word' id='word_1_407' title='bbox 1214 3051 1311 3103; x_wconf 70' lang='grc' dir='ltr'>καὶ</span> <span class='ocrx_word' id='word_1_408' title='bbox 1336 3052 1814 3125; x_wconf 66' lang='grc' dir='ltr'>ἔγγαστριμύθους</span> 
     </span>
    </p>
   </div>
   <div class='ocr_carea' id='block_1_57' title="bbox 1917 3038 3493 3128">
    <p class='ocr_par' dir='ltr' id='par_1_57' title="bbox 1991 3053 3493 3128">
     <span class='ocr_line' id='line_1_57' title="bbox 1991 3053 3493 3128; baseline -0.007 -11"><span class='ocrx_word' id='word_1_409' title='bbox 1991 3058 2149 3128; x_wconf 80' lang='lat'><strong>197</strong></span> <span class='ocrx_word' id='word_1_410' title='bbox 2177 3058 2449 3114; x_wconf 81' lang='lat' dir='ltr'><strong>Caeterum</strong></span> <span class='ocrx_word' id='word_1_411' title='bbox 2505 3056 2602 3118; x_wconf 79' lang='lat' dir='ltr'><strong>hic</strong></span> <span class='ocrx_word' id='word_1_412' title='bbox 2644 3056 2763 3125; x_wconf 89' lang='lat' dir='ltr'><strong>ipse</strong></span> <span class='ocrx_word' id='word_1_413' title='bbox 2813 3068 2906 3109; x_wconf 79' lang='lat' dir='ltr'><strong>rex</strong></span> <span class='ocrx_word' id='word_1_414' title='bbox 2933 3093 2948 3121; x_wconf 94' lang='lat'><strong>,</strong></span> <span class='ocrx_word' id='word_1_415' title='bbox 3001 3068 3110 3123; x_wconf 92' lang='lat' dir='ltr'><strong>quo</strong></span> <span class='ocrx_word' id='word_1_416' title='bbox 3152 3053 3220 3107; x_wconf 88' lang='lat' dir='ltr'><strong>de</strong></span> <span class='ocrx_word' id='word_1_417' title='bbox 3261 3053 3493 3125; x_wconf 80' lang='lat' dir='ltr'><strong>agimus,</strong></span> 
     </span>
    </p>
   </div>
   <div class='ocr_carea' id='block_1_58' title="bbox 233 3128 1816 3215">
    <p class='ocr_par' dir='ltr' id='par_1_58' title="bbox 233 3128 1816 3215">
     <span class='ocr_line' id='line_1_58' title="bbox 233 3128 1816 3215; baseline 0.012 -32"><span class='ocrx_word' id='word_1_418' title='bbox 233 3128 483 3198; x_wconf 75' lang='grc' dir='ltr'>ἐποίησε,</span> <span class='ocrx_word' id='word_1_419' title='bbox 512 3133 608 3185; x_wconf 78' lang='grc' dir='ltr'>καὶ</span> <span class='ocrx_word' id='word_1_420' title='bbox 628 3133 877 3200; x_wconf 79' lang='grc' dir='ltr'>γνώστας</span> <span class='ocrx_word' id='word_1_421' title='bbox 902 3137 1022 3207; x_wconf 72' lang='grc' dir='ltr'>ἦτοι</span> <span class='ocrx_word' id='word_1_422' title='bbox 1051 3139 1280 3208; x_wconf 79' lang='grc' dir='ltr'>μάντεις</span> <span class='ocrx_word' id='word_1_423' title='bbox 1311 3144 1603 3215; x_wconf 66' lang='grc' dir='ltr'>δπλήθυνε,</span> <span class='ocrx_word' id='word_1_424' title='bbox 1629 3148 1727 3201; x_wconf 74' lang='grc' dir='ltr'>καὶ</span> <span class='ocrx_word' id='word_1_425' title='bbox 1754 3147 1816 3201; x_wconf 75' lang='grc' dir='ltr'>τὸ</span> 
     </span>
    </p>
   </div>
   <div class='ocr_carea' id='block_1_59' title="bbox 234 3224 1805 3309">
    <p class='ocr_par' dir='ltr' id='par_1_59' title="bbox 234 3224 1805 3309">
     <span class='ocr_line' id='line_1_59' title="bbox 234 3224 1805 3309; baseline 0.013 -36"><span class='ocrx_word' id='word_1_426' title='bbox 234 3224 460 3276; x_wconf 69' lang='grc' dir='ltr'>πάντων</span> <span class='ocrx_word' id='word_1_427' title='bbox 510 3224 891 3298; x_wconf 73' lang='grc' dir='ltr'>ἀνοσιώτερον,</span> <span class='ocrx_word' id='word_1_428' title='bbox 925 3233 982 3283; x_wconf 77' lang='grc' dir='ltr'>ἐν</span> <span class='ocrx_word' id='word_1_429' title='bbox 1012 3232 1089 3301; x_wconf 82' lang='grc' dir='ltr'>τῷ</span> <span class='ocrx_word' id='word_1_430' title='bbox 1137 3232 1266 3304; x_wconf 87' lang='grc' dir='ltr'>θείῳ</span> <span class='ocrx_word' id='word_1_431' title='bbox 1315 3234 1420 3306; x_wconf 84' lang='grc' dir='ltr'>νεῲ</span> <span class='ocrx_word' id='word_1_432' title='bbox 1448 3236 1508 3289; x_wconf 83' lang='grc' dir='ltr'><strong>τδ</strong></span> <span class='ocrx_word' id='word_1_433' title='bbox 1542 3240 1642 3309; x_wconf 86' lang='grc' dir='ltr'>τῆς</span> <span class='ocrx_word' id='word_1_434' title='bbox 1670 3240 1805 3293; x_wconf 82' lang='grc' dir='ltr'>ἀκο-</span> 
     </span>
    </p>
   </div>
   <div class='ocr_carea' id='block_1_60' title="bbox 233 3315 1821 3398">
    <p class='ocr_par' dir='ltr' id='par_1_60' title="bbox 233 3315 1821 3398">
     <span class='ocr_line' id='line_1_60' title="bbox 233 3315 1821 3398; baseline 0.011 -31"><span class='ocrx_word' id='word_1_435' title='bbox 233 3316 435 3369; x_wconf 59' lang='grc' dir='ltr'>λάστου</span> <span class='ocrx_word' id='word_1_436' title='bbox 471 3315 724 3386; x_wconf 70' lang='grc' dir='ltr'>δαίμονος</span> <span class='ocrx_word' id='word_1_437' title='bbox 766 3320 997 3391; x_wconf 68' lang='grc' dir='ltr'>ἔστησεν</span> <span class='ocrx_word' id='word_1_438' title='bbox 1028 3324 1268 3394; x_wconf 77' lang='grc' dir='ltr'>ἄγαλμα.</span> <span class='ocrx_word' id='word_1_439' title='bbox 1300 3328 1377 3380; x_wconf 80' lang='grc' dir='ltr'><strong>Οὐ</strong></span> <span class='ocrx_word' id='word_1_440' title='bbox 1436 3329 1600 3398; x_wconf 83' lang='grc' dir='ltr'>μόνον</span> <span class='ocrx_word' id='word_1_441' title='bbox 1645 3330 1703 3384; x_wconf 81' lang='grc' dir='ltr'><strong>δὲ</strong></span> <span class='ocrx_word' id='word_1_442' title='bbox 1743 3334 1821 3385; x_wconf 80' lang='grc' dir='ltr'>εί-</span> 
     </span>
    </p>
   </div>
   <div class='ocr_carea' id='block_1_61' title="bbox 234 3402 1815 3493">
    <p class='ocr_par' dir='ltr' id='par_1_61' title="bbox 234 3402 1815 3493">
     <span class='ocr_line' id='line_1_61' title="bbox 234 3402 1815 3493; baseline 0.013 -33"><span class='ocrx_word' id='word_1_443' title='bbox 234 3408 428 3470; x_wconf 83' lang='grc' dir='ltr'>δὼλοις</span> <span class='ocrx_word' id='word_1_444' title='bbox 480 3409 772 3478; x_wconf 82' lang='grc' dir='ltr'>ὲλάτρευεν</span> <span class='ocrx_word' id='word_1_445' title='bbox 817 3415 877 3465; x_wconf 83' lang='grc' dir='ltr'>ὲν</span> <span class='ocrx_word' id='word_1_446' title='bbox 938 3415 1088 3468; x_wconf 76' lang='grc' dir='ltr'>ἔτεσι</span> <span class='ocrx_word' id='word_1_447' title='bbox 1146 3402 1490 3490; x_wconf 85' lang='grc' dir='ltr'>πεντήκοντα</span> <span class='ocrx_word' id='word_1_448' title='bbox 1547 3426 1642 3478; x_wconf 71' lang='grc' dir='ltr'>καὶ</span> <span class='ocrx_word' id='word_1_449' title='bbox 1702 3427 1815 3493; x_wconf 87' lang='grc' dir='ltr'>δύο,</span> 
     </span>
    </p>
   </div>
   <div class='ocr_carea' id='block_1_62' title="bbox 233 3498 1820 3587">
    <p class='ocr_par' dir='ltr' id='par_1_62' title="bbox 233 3498 1820 3587">
     <span class='ocr_line' id='line_1_62' title="bbox 233 3498 1820 3587; baseline 0.01 -32"><span class='ocrx_word' id='word_1_450' title='bbox 233 3501 376 3555; x_wconf 79' lang='grc' dir='ltr'><strong>ἀλλά</strong></span> <span class='ocrx_word' id='word_1_451' title='bbox 411 3502 507 3555; x_wconf 74' lang='grc' dir='ltr'><strong>καὶ</strong></span> <span class='ocrx_word' id='word_1_452' title='bbox 555 3498 693 3571; x_wconf 79' lang='grc' dir='ltr'>αἷμα</span> <span class='ocrx_word' id='word_1_453' title='bbox 743 3506 923 3559; x_wconf 83' lang='grc' dir='ltr'>ἀθῶον</span> <span class='ocrx_word' id='word_1_454' title='bbox 961 3508 1200 3579; x_wconf 74' lang='grc' dir='ltr'>ἐξέχεεν,</span> <span class='ocrx_word' id='word_1_455' title='bbox 1230 3513 1344 3566; x_wconf 83' lang='grc' dir='ltr'>εττε</span> <span class='ocrx_word' id='word_1_456' title='bbox 1378 3516 1680 3587; x_wconf 79' lang='grc' dir='ltr'>προφητῶν</span> <span class='ocrx_word' id='word_1_457' title='bbox 1708 3519 1820 3572; x_wconf 76' lang='grc' dir='ltr'>εἴτε</span> 
     </span>
    </p>
   </div>
   <div class='ocr_carea' id='block_1_63' title="bbox 236 3594 1820 3663">
    <p class='ocr_par' dir='ltr' id='par_1_63' title="bbox 236 3594 1820 3663">
     <span class='ocr_line' id='line_1_63' title="bbox 236 3594 1820 3663; baseline 0.009 -15"><span class='ocrx_word' id='word_1_458' title='bbox 236 3596 337 3648; x_wconf 79' lang='grc' dir='ltr'>καὶ</span> <span class='ocrx_word' id='word_1_459' title='bbox 362 3594 537 3649; x_wconf 76' lang='grc' dir='ltr'>ἄλλων</span> <span class='ocrx_word' id='word_1_460' title='bbox 564 3595 723 3650; x_wconf 85' lang='grc' dir='ltr'>τινῶν</span> <span class='ocrx_word' id='word_1_461' title='bbox 746 3598 1003 3655; x_wconf 83' lang='grc' dir='ltr'>εὐσεϐῶν.</span> <span class='ocrx_word' id='word_1_462' title='bbox 1030 3602 1138 3656; x_wconf 67' lang='grc' dir='ltr'>Καὶ</span> <span class='ocrx_word' id='word_1_463' title='bbox 1168 3605 1332 3657; x_wconf 70' lang='grc' dir='ltr'>αὐτὸν</span> <span class='ocrx_word' id='word_1_464' title='bbox 1372 3606 1430 3659; x_wconf 85' lang='grc' dir='ltr'>δὲ</span> <span class='ocrx_word' id='word_1_465' title='bbox 1460 3607 1551 3660; x_wconf 83' lang='grc' dir='ltr'><strong>τὸν</strong></span> <span class='ocrx_word' id='word_1_466' title='bbox 1588 3608 1820 3663; x_wconf 75' lang='grc' dir='ltr'>Ἡσαΐαν</span> 
     </span>
    </p>
   </div>
   <div class='ocr_carea' id='block_1_64' title="bbox 240 3686 1820 3770">
    <p class='ocr_par' dir='ltr' id='par_1_64' title="bbox 240 3686 1820 3770">
     <span class='ocr_line' id='line_1_64' title="bbox 240 3686 1820 3770; baseline 0.008 -30"><span class='ocrx_word' id='word_1_467' title='bbox 240 3686 437 3756; x_wconf 76' lang='grc' dir='ltr'>ξυλίνῳ</span> <span class='ocrx_word' id='word_1_468' title='bbox 467 3687 681 3756; x_wconf 73' lang='grc' dir='ltr'>λέγουσι</span> <span class='ocrx_word' id='word_1_469' title='bbox 714 3692 908 3758; x_wconf 78' lang='grc' dir='ltr'>πρίσαι</span> <span class='ocrx_word' id='word_1_470' title='bbox 940 3692 1163 3760; x_wconf 52' lang='grc' dir='ltr'>πρνίονιν</span> <span class='ocrx_word' id='word_1_471' title='bbox 1184 3695 1331 3764; x_wconf 78' lang='grc' dir='ltr'>Πλὴν</span> <span class='ocrx_word' id='word_1_472' title='bbox 1358 3690 1448 3759; x_wconf 73' lang='grc' dir='ltr'>ὣς</span> <span class='ocrx_word' id='word_1_473' title='bbox 1468 3715 1611 3769; x_wconf 49' lang='grc' dir='ltr'>φησιν</span> <span class='ocrx_word' id='word_1_474' title='bbox 1633 3700 1820 3770; x_wconf 83' lang='grc' dir='ltr'>Γεώρ-</span> 
     </span>
    </p>
   </div>
   <div class='ocr_carea' id='block_1_65' title="bbox 238 3782 1819 3863">
    <p class='ocr_par' dir='ltr' id='par_1_65' title="bbox 238 3782 1819 3863">
     <span class='ocr_line' id='line_1_65' title="bbox 238 3782 1819 3863; baseline 0.009 -32"><span class='ocrx_word' id='word_1_475' title='bbox 238 3798 383 3848; x_wconf 76' lang='grc' dir='ltr'>γιος,</span> <span class='ocrx_word' id='word_1_476' title='bbox 410 3782 669 3852; x_wconf 74' lang='grc' dir='ltr'>Μαροδὰχ</span> <span class='ocrx_word' id='word_1_477' title='bbox 700 3782 952 3852; x_wconf 72' lang='grc' dir='ltr'>βασιλεὺς</span> <span class='ocrx_word' id='word_1_478' title='bbox 996 3784 1299 3854; x_wconf 80' lang='grc' dir='ltr'>Ἀσσυρίων</span> <span class='ocrx_word' id='word_1_479' title='bbox 1328 3788 1615 3860; x_wconf 83' lang='grc' dir='ltr'>δεσμώτην</span> <span class='ocrx_word' id='word_1_480' title='bbox 1646 3793 1819 3863; x_wconf 77' lang='grc' dir='ltr'>ἤγαγε</span> 
     </span>
    </p>
   </div>
   <div class='ocr_carea' id='block_1_66' title="bbox 237 3875 1821 3953">
    <p class='ocr_par' dir='ltr' id='par_1_66' title="bbox 237 3875 1821 3953">
     <span class='ocr_line' id='line_1_66' title="bbox 237 3875 1821 3953; baseline 0.007 -26"><span class='ocrx_word' id='word_1_481' title='bbox 237 3875 335 3928; x_wconf 80' lang='grc' dir='ltr'><strong>τὸν</strong></span> <span class='ocrx_word' id='word_1_482' title='bbox 379 3877 700 3945; x_wconf 71' lang='grc' dir='ltr'>Μανασσῆν,</span> <span class='ocrx_word' id='word_1_483' title='bbox 740 3893 836 3930; x_wconf 80' lang='grc' dir='ltr'><strong>και</strong></span> <span class='ocrx_word' id='word_1_484' title='bbox 885 3877 1065 3947; x_wconf 71' lang='grc' dir='ltr'>βαλὼν</span> <span class='ocrx_word' id='word_1_485' title='bbox 1115 3882 1173 3933; x_wconf 77' lang='grc' dir='ltr'>ὲν</span> <span class='ocrx_word' id='word_1_486' title='bbox 1214 3882 1434 3953; x_wconf 78' lang='grc' dir='ltr'>φυλακῇ</span> <span class='ocrx_word' id='word_1_487' title='bbox 1476 3883 1628 3953; x_wconf 71' lang='grc' dir='ltr'>ἄρτῳ</span> <span class='ocrx_word' id='word_1_488' title='bbox 1665 3902 1821 3938; x_wconf 89' lang='grc' dir='ltr'>πιτυ-</span> 
     </span>
    </p>
   </div>
   <div class='ocr_carea' id='block_1_67' title="bbox 239 3966 1820 4043">
    <p class='ocr_par' dir='ltr' id='par_1_67' title="bbox 239 3966 1820 4043">
     <span class='ocr_line' id='line_1_67' title="bbox 239 3966 1820 4043; baseline 0.008 -24"><span class='ocrx_word' id='word_1_489' title='bbox 239 3968 376 4038; x_wconf 84' lang='grc' dir='ltr'>ρίνῳ</span> <span class='ocrx_word' id='word_1_490' title='bbox 409 3967 503 4020; x_wconf 70' lang='grc' dir='ltr'>καὶ</span> <span class='ocrx_word' id='word_1_491' title='bbox 533 3966 685 4022; x_wconf 76' lang='grc' dir='ltr'>ὕδατι</span> <span class='ocrx_word' id='word_1_492' title='bbox 717 3972 813 4023; x_wconf 73' lang='grc' dir='ltr'><strong>σὺν</strong></span> <span class='ocrx_word' id='word_1_493' title='bbox 842 3970 953 4034; x_wconf 77' lang='grc' dir='ltr'>ὄξει</span> <span class='ocrx_word' id='word_1_494' title='bbox 980 3972 1229 4043; x_wconf 71' lang='grc' dir='ltr'>ἔτρεφεν.</span> <span class='ocrx_word' id='word_1_495' title='bbox 1285 3974 1374 4038; x_wconf 81' lang='lat'><strong>&#39;0;</strong></span> <span class='ocrx_word' id='word_1_496' title='bbox 1411 3975 1467 4028; x_wconf 77' lang='grc' dir='ltr'><strong>δὲ</strong></span> <span class='ocrx_word' id='word_1_497' title='bbox 1490 3978 1585 4029; x_wconf 76' lang='grc' dir='ltr'>καὶ</span> <span class='ocrx_word' id='word_1_498' title='bbox 1616 3979 1645 4029; x_wconf 82' lang='grc' dir='ltr'>ὁ</span> <span class='ocrx_word' id='word_1_499' title='bbox 1676 3976 1820 4031; x_wconf 81' lang='grc' dir='ltr'>θειό-</span> 
     </span>
    </p>
   </div>
   <div class='ocr_carea' id='block_1_68' title="bbox 240 4057 1821 4133">
    <p class='ocr_par' dir='ltr' id='par_1_68' title="bbox 240 4057 1821 4133">
     <span class='ocr_line' id='line_1_68' title="bbox 240 4057 1821 4133; baseline 0.007 -24"><span class='ocrx_word' id='word_1_500' title='bbox 240 4057 403 4119; x_wconf 82' lang='grc' dir='ltr'>τατός</span> <span class='ocrx_word' id='word_1_501' title='bbox 431 4075 596 4127; x_wconf 64' lang='grc' dir='ltr'>φησιν</span> <span class='ocrx_word' id='word_1_502' title='bbox 630 4060 1003 4126; x_wconf 80' lang='grc' dir='ltr'>Ἀναστάσιος,</span> <span class='ocrx_word' id='word_1_503' title='bbox 1046 4063 1106 4127; x_wconf 79' lang='grc' dir='ltr'><strong>ἐξ</strong></span> <span class='ocrx_word' id='word_1_504' title='bbox 1135 4065 1433 4133; x_wconf 74' lang='grc' dir='ltr'>ἱστορικῶν</span> <span class='ocrx_word' id='word_1_505' title='bbox 1462 4084 1628 4120; x_wconf 88' lang='grc' dir='ltr'>τινων</span> <span class='ocrx_word' id='word_1_506' title='bbox 1659 4066 1821 4120; x_wconf 82' lang='grc' dir='ltr'>τοῦτο</span> 
     </span>
    </p>
   </div>
   <div class='ocr_carea' id='block_1_69' title="bbox 242 4149 1823 4228">
    <p class='ocr_par' dir='ltr' id='par_1_69' title="bbox 242 4149 1823 4228">
     <span class='ocr_line' id='line_1_69' title="bbox 242 4149 1823 4228; baseline 0.006 -25"><span class='ocrx_word' id='word_1_507' title='bbox 242 4149 456 4221; x_wconf 85' lang='grc' dir='ltr'>μαθὼν,</span> <span class='ocrx_word' id='word_1_508' title='bbox 490 4151 581 4203; x_wconf 77' lang='grc' dir='ltr'>καὶ</span> <span class='ocrx_word' id='word_1_509' title='bbox 619 4152 799 4223; x_wconf 78' lang='grc' dir='ltr'>ζωδίῳ</span> <span class='ocrx_word' id='word_1_510' title='bbox 843 4154 1030 4224; x_wconf 81' lang='grc' dir='ltr'>χαλκῷ</span> <span class='ocrx_word' id='word_1_511' title='bbox 1054 4159 1216 4224; x_wconf 49' lang='grc' dir='ltr'>,παρά</span> <span class='ocrx_word' id='word_1_512' title='bbox 1266 4158 1362 4211; x_wconf 82' lang='grc' dir='ltr'>τοῦ</span> <span class='ocrx_word' id='word_1_513' title='bbox 1417 4159 1685 4228; x_wconf 82' lang='grc' dir='ltr'>βασιλέως</span> <span class='ocrx_word' id='word_1_514' title='bbox 1723 4161 1823 4212; x_wconf 82' lang='grc' dir='ltr'><strong>Βα-</strong></span> 
     </span>
    </p>
   </div>
   <div class='ocr_carea' id='block_1_70' title="bbox 238 4243 1820 4315">
    <p class='ocr_par' dir='ltr' id='par_1_70' title="bbox 238 4243 1820 4315">
     <span class='ocr_line' id='line_1_70' title="bbox 238 4243 1820 4315; baseline 0.005 -20"><span class='ocrx_word' id='word_1_515' title='bbox 238 4243 483 4305; x_wconf 69' lang='grc' dir='ltr'>ϐυλῶνος</span> <span class='ocrx_word' id='word_1_516' title='bbox 531 4243 898 4311; x_wconf 73' lang='grc' dir='ltr'>ἐμϐάλλεταιο</span> <span class='ocrx_word' id='word_1_517' title='bbox 954 4246 1071 4299; x_wconf 82' lang='grc' dir='ltr'>ἀλλ’</span> <span class='ocrx_word' id='word_1_518' title='bbox 1126 4247 1274 4301; x_wconf 74' lang='grc' dir='ltr'>ἔνδον</span> <span class='ocrx_word' id='word_1_519' title='bbox 1332 4249 1428 4301; x_wconf 83' lang='grc' dir='ltr'>τοῦ</span> <span class='ocrx_word' id='word_1_520' title='bbox 1495 4251 1691 4315; x_wconf 67' lang='grc' dir='ltr'>ζωδίου</span> <span class='ocrx_word' id='word_1_521' title='bbox 1743 4249 1820 4304; x_wconf 83' lang='grc' dir='ltr'><strong>ῶν</strong></span> 
     </span>
    </p>
   </div>
   <div class='ocr_carea' id='block_1_71' title="bbox 238 4333 1822 4412">
    <p class='ocr_par' dir='ltr' id='par_1_71' title="bbox 238 4333 1822 4412">
     <span class='ocr_line' id='line_1_71' title="bbox 238 4333 1822 4412; baseline 0.006 -27"><span class='ocrx_word' id='word_1_522' title='bbox 238 4335 458 4400; x_wconf 77' lang='grc' dir='ltr'>ἐπέγνω</span> <span class='ocrx_word' id='word_1_523' title='bbox 512 4350 570 4387; x_wconf 89' lang='grc' dir='ltr'><strong>τε</strong></span> <span class='ocrx_word' id='word_1_524' title='bbox 618 4334 707 4387; x_wconf 75' lang='grc' dir='ltr'><strong>τὸν</strong></span> <span class='ocrx_word' id='word_1_525' title='bbox 738 4335 870 4388; x_wconf 72' lang='grc' dir='ltr'>Θεὸν</span> <span class='ocrx_word' id='word_1_526' title='bbox 905 4338 999 4388; x_wconf 76' lang='grc' dir='ltr'>καὶ</span> <span class='ocrx_word' id='word_1_527' title='bbox 1029 4338 1129 4408; x_wconf 87' lang='grc' dir='ltr'>τὴν</span> <span class='ocrx_word' id='word_1_528' title='bbox 1156 4339 1303 4410; x_wconf 80' lang='grc' dir='ltr'>ᾠδὴν</span> <span class='ocrx_word' id='word_1_529' title='bbox 1335 4333 1589 4410; x_wconf 66' lang='grc' dir='ltr'>ἔψαλλεν.</span> <span class='ocrx_word' id='word_1_530' title='bbox 1630 4342 1746 4411; x_wconf 75' lang='grc' dir='ltr'><strong>Ἐφ’</strong></span> <span class='ocrx_word' id='word_1_531' title='bbox 1777 4336 1822 4412; x_wconf 79' lang='grc' dir='ltr'><strong>ᾧ</strong></span> 
     </span>
    </p>
   </div>
   <div class='ocr_carea' id='block_1_72' title="bbox 1918 3144 3498 3220">
    <p class='ocr_par' dir='ltr' id='par_1_72' title="bbox 1918 3144 3498 3220">
     <span class='ocr_line' id='line_1_72' title="bbox 1918 3144 3498 3220; baseline -0.006 -14"><span class='ocrx_word' id='word_1_532' title='bbox 1918 3151 2082 3207; x_wconf 77' lang='lat' dir='ltr'><strong>etiam</strong></span> <span class='ocrx_word' id='word_1_533' title='bbox 2112 3151 2488 3220; x_wconf 86' lang='lat' dir='ltr'><strong>ventriloquos</strong></span> <span class='ocrx_word' id='word_1_534' title='bbox 2517 3148 2760 3203; x_wconf 87' lang='lat' dir='ltr'><strong>instituit</strong></span> <span class='ocrx_word' id='word_1_535' title='bbox 2784 3157 2839 3201; x_wconf 90' lang='lat' dir='ltr'><strong>et</strong></span> <span class='ocrx_word' id='word_1_536' title='bbox 2862 3153 3181 3214; x_wconf 76' lang='lat' dir='ltr'><strong>gnostarum</strong></span> <span class='ocrx_word' id='word_1_537' title='bbox 3211 3144 3329 3199; x_wconf 84' lang='lat' dir='ltr'><strong>sive</strong></span> <span class='ocrx_word' id='word_1_538' title='bbox 3354 3144 3498 3197; x_wconf 58' lang='lat' dir='ltr'><strong>divi«</strong></span> 
     </span>
    </p>
   </div>
   <div class='ocr_carea' id='block_1_73' title="bbox 1920 3237 3501 3309">
    <p class='ocr_par' dir='ltr' id='par_1_73' title="bbox 1920 3237 3501 3309">
     <span class='ocr_line' id='line_1_73' title="bbox 1920 3237 3501 3309; baseline -0.008 -9"><span class='ocrx_word' id='word_1_539' title='bbox 1920 3256 2177 3300; x_wconf 89' lang='lat' dir='ltr'><strong>natorum</strong></span> <span class='ocrx_word' id='word_1_540' title='bbox 2214 3257 2507 3298; x_wconf 87' lang='lat' dir='ltr'><strong>numerum</strong></span> <span class='ocrx_word' id='word_1_541' title='bbox 2560 3241 2751 3305; x_wconf 81' lang='lat' dir='ltr'><strong>auxit;</strong></span> <span class='ocrx_word' id='word_1_542' title='bbox 2803 3238 3057 3309; x_wconf 86' lang='lat' dir='ltr'><strong>quodque</strong></span> <span class='ocrx_word' id='word_1_543' title='bbox 3090 3237 3335 3291; x_wconf 87' lang='lat' dir='ltr'><strong>omnium</strong></span> <span class='ocrx_word' id='word_1_544' title='bbox 3382 3252 3501 3290; x_wconf 74' lang='lat' dir='ltr'><strong>nia-</strong></span> 
     </span>
    </p>
   </div>
   <div class='ocr_carea' id='block_1_74' title="bbox 1919 3328 3500 3405">
    <p class='ocr_par' dir='ltr' id='par_1_74' title="bbox 1919 3328 3500 3405">
     <span class='ocr_line' id='line_1_74' title="bbox 1919 3328 3500 3405; baseline -0.008 -13"><span class='ocrx_word' id='word_1_545' title='bbox 1919 3337 2063 3392; x_wconf 78' lang='lat' dir='ltr'><strong>xime</strong></span> <span class='ocrx_word' id='word_1_546' title='bbox 2101 3336 2327 3405; x_wconf 93' lang='lat' dir='ltr'><strong>impium</strong></span> <span class='ocrx_word' id='word_1_547' title='bbox 2377 3342 2516 3399; x_wconf 89' lang='lat' dir='ltr'><strong>erat,</strong></span> <span class='ocrx_word' id='word_1_548' title='bbox 2551 3331 2844 3402; x_wconf 57' lang='lat' dir='ltr'><strong>impudica</strong></span> <span class='ocrx_word' id='word_1_549' title='bbox 2874 3331 2988 3385; x_wconf 74' lang='lat' dir='ltr'><strong>dea:</strong></span> <span class='ocrx_word' id='word_1_550' title='bbox 3025 3328 3380 3383; x_wconf 81' lang='lat' dir='ltr'><strong>simulacrum</strong></span> <span class='ocrx_word' id='word_1_551' title='bbox 3414 3328 3500 3379; x_wconf 80' lang='lat' dir='ltr'><strong>di-</strong></span> 
     </span>
    </p>
   </div>
   <div class='ocr_carea' id='block_1_75' title="bbox 1917 3417 3501 3502">
    <p class='ocr_par' dir='ltr' id='par_1_75' title="bbox 1917 3417 3501 3502">
     <span class='ocr_line' id='line_1_75' title="bbox 1917 3417 3501 3502; baseline -0.011 -17"><span class='ocrx_word' id='word_1_552' title='bbox 1917 3429 2046 3485; x_wconf 74' lang='lat' dir='ltr'><strong>vino</strong></span> <span class='ocrx_word' id='word_1_553' title='bbox 2074 3428 2130 3482; x_wconf 90' lang='lat' dir='ltr'><strong>in</strong></span> <span class='ocrx_word' id='word_1_554' title='bbox 2161 3427 2366 3502; x_wconf 89' lang='lat' dir='ltr'><strong>templo</strong></span> <span class='ocrx_word' id='word_1_555' title='bbox 2399 3426 2611 3481; x_wconf 78' lang='lat' dir='ltr'><strong>statuit.</strong></span> <span class='ocrx_word' id='word_1_556' title='bbox 2645 3422 2832 3492; x_wconf 89' lang='lat' dir='ltr'><strong>Neque</strong></span> <span class='ocrx_word' id='word_1_557' title='bbox 2861 3429 3074 3476; x_wconf 87' lang='lat' dir='ltr'><strong>tantum</strong></span> <span class='ocrx_word' id='word_1_558' title='bbox 3097 3421 3344 3473; x_wconf 86' lang='lat' dir='ltr'><strong>deastros</strong></span> <span class='ocrx_word' id='word_1_559' title='bbox 3372 3417 3501 3470; x_wconf 85' lang='lat' dir='ltr'><strong>reli-</strong></span> 
     </span>
    </p>
   </div>
   <div class='ocr_carea' id='block_1_76' title="bbox 1919 3514 3496 3593">
    <p class='ocr_par' dir='ltr' id='par_1_76' title="bbox 1919 3514 3496 3593">
     <span class='ocr_line' id='line_1_76' title="bbox 1919 3514 3496 3593; baseline -0.008 -17"><span class='ocrx_word' id='word_1_560' title='bbox 1919 3522 2069 3593; x_wconf 85' lang='lat' dir='ltr'><strong>giose</strong></span> <span class='ocrx_word' id='word_1_561' title='bbox 2090 3520 2256 3574; x_wconf 90' lang='lat' dir='ltr'><strong>coluit</strong></span> <span class='ocrx_word' id='word_1_562' title='bbox 2286 3528 2428 3574; x_wconf 89' lang='lat' dir='ltr'><strong>totos</strong></span> <span class='ocrx_word' id='word_1_563' title='bbox 2454 3517 2848 3588; x_wconf 79' lang='lat' dir='ltr'><strong>quinquaginta</strong></span> <span class='ocrx_word' id='word_1_564' title='bbox 2877 3514 3016 3569; x_wconf 90' lang='lat' dir='ltr'><strong>duos</strong></span> <span class='ocrx_word' id='word_1_565' title='bbox 3043 3526 3238 3577; x_wconf 83' lang='lat' dir='ltr'><strong>annos,</strong></span> <span class='ocrx_word' id='word_1_566' title='bbox 3298 3525 3496 3564; x_wconf 88' lang='lat' dir='ltr'><strong>verum</strong></span> 
     </span>
    </p>
   </div>
   <div class='ocr_carea' id='block_1_77' title="bbox 1919 3610 3501 3683">
    <p class='ocr_par' dir='ltr' id='par_1_77' title="bbox 1919 3610 3501 3683">
     <span class='ocr_line' id='line_1_77' title="bbox 1919 3610 3501 3683; baseline -0.01 -12"><span class='ocrx_word' id='word_1_567' title='bbox 1919 3617 2079 3671; x_wconf 88' lang='lat' dir='ltr'><strong>etiam</strong></span> <span class='ocrx_word' id='word_1_568' title='bbox 2163 3615 2483 3683; x_wconf 89' lang='lat' dir='ltr'><strong>sanguinem</strong></span> <span class='ocrx_word' id='word_1_569' title='bbox 2580 3610 2865 3663; x_wconf 80' lang='lat' dir='ltr'><strong>innoxium</strong></span> <span class='ocrx_word' id='word_1_570' title='bbox 2928 3617 3036 3660; x_wconf 90' lang='lat' dir='ltr'><strong>tam</strong></span> <span class='ocrx_word' id='word_1_571' title='bbox 3097 3614 3284 3659; x_wconf 90' lang='lat' dir='ltr'><strong>vatum</strong></span> <span class='ocrx_word' id='word_1_572' title='bbox 3337 3619 3501 3672; x_wconf 87' lang='lat' dir='ltr'><strong>quam</strong></span> 
     </span>
    </p>
   </div>
   <div class='ocr_carea' id='block_1_78' title="bbox 1920 3694 3503 3773">
    <p class='ocr_par' dir='ltr' id='par_1_78' title="bbox 1920 3694 3503 3773">
     <span class='ocr_line' id='line_1_78' title="bbox 1920 3694 3503 3773; baseline -0.008 -13"><span class='ocrx_word' id='word_1_573' title='bbox 1920 3706 2149 3761; x_wconf 89' lang='lat' dir='ltr'><strong>aliorum</strong></span> <span class='ocrx_word' id='word_1_574' title='bbox 2186 3706 2539 3773; x_wconf 72' lang='lat' dir='ltr'><strong>quorumdam</strong></span> <span class='ocrx_word' id='word_1_575' title='bbox 2572 3702 2788 3772; x_wconf 88' lang='lat' dir='ltr'><strong>piorum</strong></span> <span class='ocrx_word' id='word_1_576' title='bbox 2819 3699 3106 3754; x_wconf 83' lang='lat' dir='ltr'><strong>hominum</strong></span> <span class='ocrx_word' id='word_1_577' title='bbox 3143 3697 3303 3751; x_wconf 79' lang='lat' dir='ltr'><strong>fudit.</strong></span> <span class='ocrx_word' id='word_1_578' title='bbox 3357 3694 3503 3760; x_wconf 85' lang='lat' dir='ltr'><strong>Quin</strong></span> 
     </span>
    </p>
   </div>
   <div class='ocr_carea' id='block_1_79' title="bbox 1921 3789 3504 3867">
    <p class='ocr_par' dir='ltr' id='par_1_79' title="bbox 1921 3789 3504 3867">
     <span class='ocr_line' id='line_1_79' title="bbox 1921 3789 3504 3867; baseline -0.008 -15"><span class='ocrx_word' id='word_1_579' title='bbox 1921 3808 1977 3853; x_wconf 89' lang='lat' dir='ltr'><strong>et</strong></span> <span class='ocrx_word' id='word_1_580' title='bbox 2008 3798 2185 3867; x_wconf 90' lang='lat' dir='ltr'><strong>ipsum</strong></span> <span class='ocrx_word' id='word_1_581' title='bbox 2217 3796 2412 3849; x_wconf 80' lang='lat' dir='ltr'><strong>Isaiam</strong></span> <span class='ocrx_word' id='word_1_582' title='bbox 2450 3792 2742 3862; x_wconf 85' lang='lat' dir='ltr'><strong>perhibent</strong></span> <span class='ocrx_word' id='word_1_583' title='bbox 2785 3791 2852 3844; x_wconf 90' lang='lat' dir='ltr'><strong>ab</strong></span> <span class='ocrx_word' id='word_1_584' title='bbox 2884 3805 2951 3844; x_wconf 91' lang='lat' dir='ltr'><strong>eo</strong></span> <span class='ocrx_word' id='word_1_585' title='bbox 2990 3804 3141 3844; x_wconf 88' lang='lat' dir='ltr'><strong>serra</strong></span> <span class='ocrx_word' id='word_1_586' title='bbox 3173 3789 3349 3859; x_wconf 87' lang='lat' dir='ltr'><strong>lignea</strong></span> <span class='ocrx_word' id='word_1_587' title='bbox 3382 3789 3471 3841; x_wconf 88' lang='lat' dir='ltr'><strong>dis</strong></span> <span class='ocrx_word' id='word_1_588' title='bbox 3498 3816 3504 3822; x_wconf 93' lang='lat'><strong><em>-</em></strong></span> 
     </span>
    </p>
   </div>
   <div class='ocr_carea' id='block_1_80' title="bbox 1922 3879 3509 3951">
    <p class='ocr_par' dir='ltr' id='par_1_80' title="bbox 1922 3879 3509 3951">
     <span class='ocr_line' id='line_1_80' title="bbox 1922 3879 3509 3951; baseline -0.008 -7"><span class='ocrx_word' id='word_1_589' title='bbox 1922 3899 2132 3945; x_wconf 92' lang='lat' dir='ltr'><strong>sectum</strong></span> <span class='ocrx_word' id='word_1_590' title='bbox 2167 3901 2307 3941; x_wconf 89' lang='lat' dir='ltr'><strong>esse.</strong></span> <span class='ocrx_word' id='word_1_591' title='bbox 2364 3884 2471 3939; x_wconf 86' lang='lat' dir='ltr'><strong>Sed</strong></span> <span class='ocrx_word' id='word_1_592' title='bbox 2507 3884 2745 3948; x_wconf 90' lang='lat' dir='ltr'><strong>tandem,</strong></span> <span class='ocrx_word' id='word_1_593' title='bbox 2790 3892 2851 3935; x_wconf 89' lang='lat' dir='ltr'><strong>ut</strong></span> <span class='ocrx_word' id='word_1_594' title='bbox 2879 3879 3147 3951; x_wconf 74' lang='lat' dir='ltr'><strong>Georgius</strong></span> <span class='ocrx_word' id='word_1_595' title='bbox 3178 3890 3368 3933; x_wconf 86' lang='lat' dir='ltr'><strong>auctor</strong></span> <span class='ocrx_word' id='word_1_596' title='bbox 3395 3884 3509 3943; x_wconf 78' lang='lat' dir='ltr'><strong>est,</strong></span> 
     </span>
    </p>
   </div>
   <div class='ocr_carea' id='block_1_81' title="bbox 1923 3972 3501 4047">
    <p class='ocr_par' dir='ltr' id='par_1_81' title="bbox 1923 3972 3501 4047">
     <span class='ocr_line' id='line_1_81' title="bbox 1923 3972 3501 4047; baseline -0.008 -11"><span class='ocrx_word' id='word_1_597' title='bbox 1923 3978 2287 4036; x_wconf 81' lang='lat' dir='ltr'><strong>Marodachus</strong></span> <span class='ocrx_word' id='word_1_598' title='bbox 2321 3991 2418 4031; x_wconf 73' lang='lat' dir='ltr'><strong>rex</strong></span> <span class='ocrx_word' id='word_1_599' title='bbox 2452 3976 2807 4047; x_wconf 79' lang='lat' dir='ltr'><strong>Assyriorum</strong></span> <span class='ocrx_word' id='word_1_600' title='bbox 2841 3972 3143 4027; x_wconf 79' lang='lat' dir='ltr'><strong>Manassem</strong></span> <span class='ocrx_word' id='word_1_601' title='bbox 3175 3974 3243 4026; x_wconf 91' lang='lat' dir='ltr'><strong>ab</strong></span> <span class='ocrx_word' id='word_1_602' title='bbox 3292 3987 3351 4025; x_wconf 88' lang='lat' dir='ltr'><strong>se</strong></span> <span class='ocrx_word' id='word_1_603' title='bbox 3408 3986 3501 4024; x_wconf 90' lang='lat' dir='ltr'><strong>ca-</strong></span> 
     </span>
    </p>
   </div>
   <div class='ocr_carea' id='block_1_82' title="bbox 1921 4062 3506 4141">
    <p class='ocr_par' dir='ltr' id='par_1_82' title="bbox 1921 4062 3506 4141">
     <span class='ocr_line' id='line_1_82' title="bbox 1921 4062 3506 4141; baseline -0.005 -18"><span class='ocrx_word' id='word_1_604' title='bbox 1921 4082 2079 4141; x_wconf 90' lang='lat' dir='ltr'><strong>ptum</strong></span> <span class='ocrx_word' id='word_1_605' title='bbox 2112 4078 2168 4124; x_wconf 90' lang='lat' dir='ltr'><strong>et</strong></span> <span class='ocrx_word' id='word_1_606' title='bbox 2206 4069 2260 4122; x_wconf 91' lang='lat' dir='ltr'><strong>in</strong></span> <span class='ocrx_word' id='word_1_607' title='bbox 2292 4067 2512 4123; x_wconf 87' lang='lat' dir='ltr'><strong>vincula</strong></span> <span class='ocrx_word' id='word_1_608' title='bbox 2544 4067 2857 4135; x_wconf 86' lang='lat' dir='ltr'><strong>conjectum</strong></span> <span class='ocrx_word' id='word_1_609' title='bbox 2895 4064 3142 4129; x_wconf 80' lang='lat' dir='ltr'><strong>abduxit,</strong></span> <span class='ocrx_word' id='word_1_610' title='bbox 3176 4078 3238 4117; x_wconf 90' lang='lat' dir='ltr'><strong>ac</strong></span> <span class='ocrx_word' id='word_1_611' title='bbox 3267 4077 3406 4132; x_wconf 88' lang='lat' dir='ltr'><strong>pane</strong></span> <span class='ocrx_word' id='word_1_612' title='bbox 3437 4062 3506 4116; x_wconf 84' lang='lat' dir='ltr'><strong>de</strong></span> 
     </span>
    </p>
   </div>
   <div class='ocr_carea' id='block_1_83' title="bbox 1922 4153 3508 4229">
    <p class='ocr_par' dir='ltr' id='par_1_83' title="bbox 1922 4153 3508 4229">
     <span class='ocr_line' id='line_1_83' title="bbox 1922 4153 3508 4229; baseline -0.008 -11"><span class='ocrx_word' id='word_1_613' title='bbox 1922 4162 2134 4218; x_wconf 75' lang='lat' dir='ltr'><strong>furfure</strong></span> <span class='ocrx_word' id='word_1_614' title='bbox 2162 4160 2414 4217; x_wconf 82' lang='lat' dir='ltr'><strong>conlecto</strong></span> <span class='ocrx_word' id='word_1_615' title='bbox 2442 4168 2496 4214; x_wconf 90' lang='lat' dir='ltr'><strong>et</strong></span> <span class='ocrx_word' id='word_1_616' title='bbox 2522 4174 2665 4229; x_wconf 88' lang='lat' dir='ltr'><strong>aqua</strong></span> <span class='ocrx_word' id='word_1_617' title='bbox 2698 4165 2853 4213; x_wconf 88' lang='lat' dir='ltr'><strong>aceto</strong></span> <span class='ocrx_word' id='word_1_618' title='bbox 2882 4158 3141 4226; x_wconf 88' lang='lat' dir='ltr'><strong>permista</strong></span> <span class='ocrx_word' id='word_1_619' title='bbox 3165 4154 3319 4208; x_wconf 88' lang='lat' dir='ltr'><strong>aluit.</strong></span> <span class='ocrx_word' id='word_1_620' title='bbox 3351 4153 3508 4207; x_wconf 78' lang='lat' dir='ltr'><strong>Prae-</strong></span> 
     </span>
    </p>
   </div>
   <div class='ocr_carea' id='block_1_84' title="bbox 1925 4248 3504 4314">
    <p class='ocr_par' dir='ltr' id='par_1_84' title="bbox 1925 4248 3504 4314">
     <span class='ocr_line' id='line_1_84' title="bbox 1925 4248 3504 4314; baseline -0.008 -5"><span class='ocrx_word' id='word_1_621' title='bbox 1925 4265 2091 4309; x_wconf 85' lang='lat' dir='ltr'><strong>terea</strong></span> <span class='ocrx_word' id='word_1_622' title='bbox 2111 4248 2332 4309; x_wconf 87' lang='lat' dir='ltr'><strong>divinus</strong></span> <span class='ocrx_word' id='word_1_623' title='bbox 2363 4252 2453 4306; x_wconf 90' lang='lat' dir='ltr'><strong>ille</strong></span> <span class='ocrx_word' id='word_1_624' title='bbox 2481 4249 2809 4311; x_wconf 79' lang='lat' dir='ltr'><strong>Anastasius</strong></span> <span class='ocrx_word' id='word_1_625' title='bbox 2833 4254 3253 4313; x_wconf 88' lang='lat' dir='ltr'><strong>commemorat,</strong></span> <span class='ocrx_word' id='word_1_626' title='bbox 3278 4253 3504 4314; x_wconf 88' lang='lat' dir='ltr'><strong>accepta</strong></span> 
     </span>
    </p>
   </div>
   <div class='ocr_carea' id='block_1_85' title="bbox 1928 4338 3506 4413">
    <p class='ocr_par' dir='ltr' id='par_1_85' title="bbox 1928 4338 3506 4413">
     <span class='ocr_line' id='line_1_85' title="bbox 1928 4338 3506 4413; baseline -0.006 -13"><span class='ocrx_word' id='word_1_627' title='bbox 1928 4345 2072 4400; x_wconf 89' lang='lat' dir='ltr'><strong>haud</strong></span> <span class='ocrx_word' id='word_1_628' title='bbox 2108 4344 2276 4399; x_wconf 89' lang='lat' dir='ltr'><strong>dubie</strong></span> <span class='ocrx_word' id='word_1_629' title='bbox 2324 4341 2640 4413; x_wconf 87' lang='lat' dir='ltr'><strong>hujusmodi</strong></span> <span class='ocrx_word' id='word_1_630' title='bbox 2697 4338 3015 4394; x_wconf 87' lang='lat' dir='ltr'><strong>narratione</strong></span> <span class='ocrx_word' id='word_1_631' title='bbox 3068 4338 3393 4407; x_wconf 87' lang='lat' dir='ltr'><strong>quibusdam</strong></span> <span class='ocrx_word' id='word_1_632' title='bbox 3438 4353 3506 4391; x_wconf 79' lang='lat' dir='ltr'><strong>ex</strong></span> 
     </span>
    </p>
   </div>
   <div class='ocr_carea' id='block_1_86' title="bbox 237 4422 1821 4512">
    <p class='ocr_par' dir='ltr' id='par_1_86' title="bbox 237 4422 1819 4502">
     <span class='ocr_line' id='line_1_86' title="bbox 237 4422 1819 4502; baseline 0.006 -27"><span class='ocrx_word' id='word_1_633' title='bbox 237 4424 335 4502; x_wconf 69' lang='grc' dir='ltr'><strong>καὶ</strong></span> <span class='ocrx_word' id='word_1_634' title='bbox 358 4423 587 4486; x_wconf 82' lang='grc' dir='ltr'>δυνάμει</span> <span class='ocrx_word' id='word_1_635' title='bbox 625 4422 744 4493; x_wconf 79' lang='grc' dir='ltr'>θείᾳ</span> <span class='ocrx_word' id='word_1_636' title='bbox 777 4424 1045 4496; x_wconf 79' lang='grc' dir='ltr'>διερῤάγη</span> <span class='ocrx_word' id='word_1_637' title='bbox 1094 4429 1154 4480; x_wconf 80' lang='grc' dir='ltr'>τὸ</span> <span class='ocrx_word' id='word_1_638' title='bbox 1184 4429 1429 4493; x_wconf 73' lang='grc' dir='ltr'>εἴδωλον,</span> <span class='ocrx_word' id='word_1_639' title='bbox 1456 4433 1553 4483; x_wconf 74' lang='grc' dir='ltr'><strong>καὶ</strong></span> <span class='ocrx_word' id='word_1_640' title='bbox 1584 4432 1819 4500; x_wconf 84' lang='grc' dir='ltr'>ἄγγελος</span> 
     </span>
    </p>
   </div>
   <div class='ocr_carea' id='block_1_87' title="bbox 1917 4422 3505 4512">
    <p class='ocr_par' dir='ltr' id='par_1_87' title="bbox 1922 4428 3505 4512">
     <span class='ocr_line' id='line_1_87' title="bbox 1922 4428 3505 4512; baseline -0.007 -23"><span class='ocrx_word' id='word_1_641' title='bbox 1922 4435 2224 4496; x_wconf 90' lang='lat' dir='ltr'><strong>historicis,</strong></span> <span class='ocrx_word' id='word_1_642' title='bbox 2260 4432 2577 4512; x_wconf 35' lang='lat' dir='ltr'><strong>.Manassem</strong></span> <span class='ocrx_word' id='word_1_643' title='bbox 2610 4432 2666 4484; x_wconf 91' lang='lat' dir='ltr'><strong>in</strong></span> <span class='ocrx_word' id='word_1_644' title='bbox 2690 4431 2897 4484; x_wconf 90' lang='lat' dir='ltr'><strong>animal</strong></span> <span class='ocrx_word' id='word_1_645' title='bbox 2923 4429 3197 4499; x_wconf 81' lang='lat' dir='ltr'><strong>quoddam</strong></span> <span class='ocrx_word' id='word_1_646' title='bbox 3231 4428 3505 4481; x_wconf 87' lang='lat' dir='ltr'><strong>aheneum</strong></span> 
     </span>
    </p>
   </div>
   <div class='ocr_carea' id='block_1_88' title="bbox 236 4513 1821 4593">
    <p class='ocr_par' dir='ltr' id='par_1_88' title="bbox 236 4513 1821 4593">
     <span class='ocr_line' id='line_1_88' title="bbox 236 4513 1821 4593; baseline 0.006 -28"><span class='ocrx_word' id='word_1_647' title='bbox 236 4513 448 4582; x_wconf 79' lang='grc' dir='ltr'>Κυρίου</span> <span class='ocrx_word' id='word_1_648' title='bbox 476 4517 791 4586; x_wconf 84' lang='grc' dir='ltr'>κατήγαγεν</span> <span class='ocrx_word' id='word_1_649' title='bbox 813 4518 973 4569; x_wconf 73' lang='grc' dir='ltr'>αὐτὸν</span> <span class='ocrx_word' id='word_1_650' title='bbox 1002 4520 1082 4583; x_wconf 82' lang='grc' dir='ltr'><strong>είς</strong></span> <span class='ocrx_word' id='word_1_651' title='bbox 1117 4520 1487 4592; x_wconf 81' lang='grc' dir='ltr'>Ἱεροσόλυμα.</span> <span class='ocrx_word' id='word_1_652' title='bbox 1521 4523 1631 4575; x_wconf 72' lang='grc' dir='ltr'><strong>Καὶ</strong></span> <span class='ocrx_word' id='word_1_653' title='bbox 1660 4523 1821 4593; x_wconf 74' lang='grc' dir='ltr'>ἔζησε</span> 
     </span>
    </p>
   </div>
   <div class='ocr_carea' id='block_1_89' title="bbox 235 4606 1822 4685">
    <p class='ocr_par' dir='ltr' id='par_1_89' title="bbox 235 4606 1822 4685">
     <span class='ocr_line' id='line_1_89' title="bbox 235 4606 1822 4685; baseline 0.007 -27"><span class='ocrx_word' id='word_1_654' title='bbox 235 4606 520 4659; x_wconf 50' lang='grc' dir='ltr'>τδκλοιπδν</span> <span class='ocrx_word' id='word_1_655' title='bbox 560 4609 619 4659; x_wconf 82' lang='grc' dir='ltr'>ὲν</span> <span class='ocrx_word' id='word_1_656' title='bbox 669 4609 951 4680; x_wconf 82' lang='grc' dir='ltr'>μετανοίᾳ,</span> <span class='ocrx_word' id='word_1_657' title='bbox 988 4611 1084 4664; x_wconf 75' lang='grc' dir='ltr'><strong>καὶ</strong></span> <span class='ocrx_word' id='word_1_658' title='bbox 1140 4611 1209 4664; x_wconf 79' lang='grc' dir='ltr'>τὰ</span> <span class='ocrx_word' id='word_1_659' title='bbox 1259 4612 1608 4681; x_wconf 79' lang='grc' dir='ltr'>προλαϐόντα</span> <span class='ocrx_word' id='word_1_660' title='bbox 1658 4616 1822 4685; x_wconf 80' lang='grc' dir='ltr'>διωρ-</span> 
     </span>
    </p>
   </div>
   <div class='ocr_carea' id='block_1_90' title="bbox 236 4696 1823 4775">
    <p class='ocr_par' dir='ltr' id='par_1_90' title="bbox 236 4696 1823 4775">
     <span class='ocr_line' id='line_1_90' title="bbox 236 4696 1823 4775; baseline 0.007 -25"><span class='ocrx_word' id='word_1_661' title='bbox 236 4696 473 4752; x_wconf 84' lang='grc' dir='ltr'>θώσατο.</span> <span class='ocrx_word' id='word_1_662' title='bbox 506 4698 755 4753; x_wconf 77' lang='grc' dir='ltr'>Τοσαῦτα</span> <span class='ocrx_word' id='word_1_663' title='bbox 782 4700 839 4752; x_wconf 82' lang='grc' dir='ltr'><strong>δὲ</strong></span> <span class='ocrx_word' id='word_1_664' title='bbox 876 4702 957 4764; x_wconf 82' lang='grc' dir='ltr'><strong>είς</strong></span> <span class='ocrx_word' id='word_1_665' title='bbox 987 4700 1120 4754; x_wconf 81' lang='grc' dir='ltr'>Θεὸν</span> <span class='ocrx_word' id='word_1_666' title='bbox 1155 4703 1585 4775; x_wconf 75' lang='grc' dir='ltr'>ἐπλημμέλησεν</span> <span class='ocrx_word' id='word_1_667' title='bbox 1614 4706 1692 4767; x_wconf 82' lang='grc' dir='ltr'>ὡς</span> <span class='ocrx_word' id='word_1_668' title='bbox 1723 4708 1823 4761; x_wconf 78' lang='grc' dir='ltr'>καὶ</span> 
     </span>
    </p>
   </div>
   <div class='ocr_carea' id='block_1_91' title="bbox 133 4790 1826 4858">
    <p class='ocr_par' dir='ltr' id='par_1_91' title="bbox 133 4790 1826 4858">
     <span class='ocr_line' id='line_1_91' title="bbox 133 4790 1826 4858; baseline 0.007 -17"><span class='ocrx_word' id='word_1_669' title='bbox 133 4838 137 4841; x_wconf 90' lang='grc'>.</span> <span class='ocrx_word' id='word_1_670' title='bbox 232 4790 330 4844; x_wconf 77' lang='grc' dir='ltr'><strong>τδν</strong></span> <span class='ocrx_word' id='word_1_671' title='bbox 361 4790 637 4845; x_wconf 85' lang='grc' dir='ltr'>θειότατον</span> <span class='ocrx_word' id='word_1_672' title='bbox 692 4791 1044 4849; x_wconf 82' lang='grc' dir='ltr'>Ἀναστάσιον</span> <span class='ocrx_word' id='word_1_673' title='bbox 1080 4794 1255 4858; x_wconf 73' lang='grc' dir='ltr'>οὓτως</span> <span class='ocrx_word' id='word_1_674' title='bbox 1292 4796 1470 4849; x_wconf 71' lang='grc' dir='ltr'>εἰπεῖν</span> <span class='ocrx_word' id='word_1_675' title='bbox 1505 4812 1520 4828; x_wconf 77' lang='grc' dir='ltr'><strong><em>ο</em></strong></span> <span class='ocrx_word' id='word_1_676' title='bbox 1560 4816 1580 4849; x_wconf 75' lang='grc' dir='ltr'><strong>ι</strong></span> <span class='ocrx_word' id='word_1_677' title='bbox 1620 4799 1681 4851; x_wconf 87' lang='grc' dir='ltr'><strong>Εἰ</strong></span> <span class='ocrx_word' id='word_1_678' title='bbox 1704 4801 1826 4853; x_wconf 86' lang='grc' dir='ltr'><strong>Μα-</strong></span> 
     </span>
    </p>
   </div>
   <div class='ocr_carea' id='block_1_92' title="bbox 236 4883 1823 4955">
    <p class='ocr_par' dir='ltr' id='par_1_92' title="bbox 236 4883 1823 4955">
     <span class='ocr_line' id='line_1_92' title="bbox 236 4883 1823 4955; baseline 0.006 -19"><span class='ocrx_word' id='word_1_679' title='bbox 236 4884 446 4953; x_wconf 85' lang='grc' dir='ltr'>νασσῆν</span> <span class='ocrx_word' id='word_1_680' title='bbox 475 4883 677 4937; x_wconf 79' lang='grc' dir='ltr'>ἔσωσεν</span> <span class='ocrx_word' id='word_1_681' title='bbox 727 4886 755 4937; x_wconf 90' lang='grc' dir='ltr'>ὁ</span> <span class='ocrx_word' id='word_1_682' title='bbox 800 4884 1177 4955; x_wconf 48' lang='grc' dir='ltr'>Θεὸς,ντολμῶ</span> <span class='ocrx_word' id='word_1_683' title='bbox 1228 4890 1408 4942; x_wconf 83' lang='grc' dir='ltr'>εἰπεῖν</span> <span class='ocrx_word' id='word_1_684' title='bbox 1454 4890 1532 4952; x_wconf 83' lang='grc' dir='ltr'><strong>ὡς</strong></span> <span class='ocrx_word' id='word_1_685' title='bbox 1580 4893 1677 4944; x_wconf 71' lang='grc' dir='ltr'>καὶ</span> <span class='ocrx_word' id='word_1_686' title='bbox 1730 4892 1823 4946; x_wconf 73' lang='grc' dir='ltr'>τὸν</span> 
     </span>
    </p>
   </div>
   <div class='ocr_carea' id='block_1_93' title="bbox 234 4975 1816 5051">
    <p class='ocr_par' dir='ltr' id='par_1_93' title="bbox 234 4975 1816 5051">
     <span class='ocr_line' id='line_1_93' title="bbox 234 4975 1816 5051; baseline 0.003 -21"><span class='ocrx_word' id='word_1_687' title='bbox 234 4975 485 5030; x_wconf 88' lang='grc' dir='ltr'>διάϐολον</span> <span class='ocrx_word' id='word_1_688' title='bbox 541 4976 744 5028; x_wconf 72' lang='grc' dir='ltr'>ἔσωσεν</span> <span class='ocrx_word' id='word_1_689' title='bbox 784 4976 871 5040; x_wconf 81' lang='grc' dir='ltr'><strong>ἂν,</strong></span> <span class='ocrx_word' id='word_1_690' title='bbox 908 4977 1068 5047; x_wconf 79' lang='grc' dir='ltr'>εἴπερ</span> <span class='ocrx_word' id='word_1_691' title='bbox 1097 4979 1427 5049; x_wconf 69' lang='grc' dir='ltr'>ἐπιστρέψαι</span> <span class='ocrx_word' id='word_1_692' title='bbox 1463 4980 1759 5051; x_wconf 75' lang='grc' dir='ltr'>ἠθέλησεν.</span> <span class='ocrx_word' id='word_1_693' title='bbox 1798 5002 1816 5034; x_wconf 75' lang='grc' dir='ltr'><strong>ι</strong></span> 
     </span>
    </p>
   </div>
   <div class='ocr_carea' id='block_1_94' title="bbox 1929 4519 3507 4596">
    <p class='ocr_par' dir='ltr' id='par_1_94' title="bbox 1929 4519 3507 4596">
     <span class='ocr_line' id='line_1_94' title="bbox 1929 4519 3507 4596; baseline -0.006 -14"><span class='ocrx_word' id='word_1_694' title='bbox 1929 4543 1959 4582; x_wconf 86' lang='lat' dir='ltr'><strong>a</strong></span> <span class='ocrx_word' id='word_1_695' title='bbox 1999 4540 2121 4596; x_wconf 83' lang='lat' dir='ltr'><strong>rege</strong></span> <span class='ocrx_word' id='word_1_696' title='bbox 2153 4524 2451 4595; x_wconf 85' lang='lat' dir='ltr'><strong>Babylonio</strong></span> <span class='ocrx_word' id='word_1_697' title='bbox 2486 4523 2809 4578; x_wconf 91' lang='lat' dir='ltr'><strong>conclusum</strong></span> <span class='ocrx_word' id='word_1_698' title='bbox 2842 4522 3012 4576; x_wconf 85' lang='lat' dir='ltr'><strong>fuisse</strong></span> <span class='ocrx_word' id='word_1_699' title='bbox 3040 4540 3054 4587; x_wconf 90' lang='lat'><strong>;</strong></span> <span class='ocrx_word' id='word_1_700' title='bbox 3112 4521 3165 4574; x_wconf 94' lang='lat' dir='ltr'><strong>in</strong></span> <span class='ocrx_word' id='word_1_701' title='bbox 3203 4536 3312 4590; x_wconf 94' lang='lat' dir='ltr'><strong>quo</strong></span> <span class='ocrx_word' id='word_1_702' title='bbox 3347 4519 3507 4573; x_wconf 84' lang='lat' dir='ltr'><strong>dein—</strong></span> 
     </span>
    </p>
   </div>
   <div class='ocr_carea' id='block_1_95' title="bbox 1928 4608 3504 4687">
    <p class='ocr_par' dir='ltr' id='par_1_95' title="bbox 1928 4608 3504 4687">
     <span class='ocr_line' id='line_1_95' title="bbox 1928 4608 3504 4687; baseline -0.008 -14"><span class='ocrx_word' id='word_1_703' title='bbox 1928 4633 2059 4687; x_wconf 89' lang='lat' dir='ltr'><strong>ceps</strong></span> <span class='ocrx_word' id='word_1_704' title='bbox 2098 4618 2269 4671; x_wconf 90' lang='lat' dir='ltr'><strong>Deum</strong></span> <span class='ocrx_word' id='word_1_705' title='bbox 2312 4614 2535 4684; x_wconf 82' lang='lat' dir='ltr'><strong>agnovit</strong></span> <span class='ocrx_word' id='word_1_706' title='bbox 2563 4621 2613 4667; x_wconf 90' lang='lat' dir='ltr'><strong>et</strong></span> <span class='ocrx_word' id='word_1_707' title='bbox 2646 4627 2869 4668; x_wconf 88' lang='lat' dir='ltr'><strong>carmen</strong></span> <span class='ocrx_word' id='word_1_708' title='bbox 2915 4610 3052 4665; x_wconf 91' lang='lat' dir='ltr'><strong>illud</strong></span> <span class='ocrx_word' id='word_1_709' title='bbox 3087 4626 3246 4665; x_wconf 89' lang='lat' dir='ltr'><strong>suum</strong></span> <span class='ocrx_word' id='word_1_710' title='bbox 3277 4608 3504 4663; x_wconf 90' lang='lat' dir='ltr'><strong>cecinit.</strong></span> 
     </span>
    </p>
   </div>
   <div class='ocr_carea' id='block_1_96' title="bbox 1929 4701 3513 4777">
    <p class='ocr_par' dir='ltr' id='par_1_96' title="bbox 1929 4701 3513 4777">
     <span class='ocr_line' id='line_1_96' title="bbox 1929 4701 3513 4777; baseline -0.004 -18"><span class='ocrx_word' id='word_1_711' title='bbox 1929 4708 2273 4777; x_wconf 83' lang='lat' dir='ltr'><strong>Quapmpter</strong></span> <span class='ocrx_word' id='word_1_712' title='bbox 2305 4704 2492 4759; x_wconf 86' lang='lat' dir='ltr'><strong>divina</strong></span> <span class='ocrx_word' id='word_1_713' title='bbox 2524 4703 2575 4758; x_wconf 91' lang='lat' dir='ltr'><strong>vi</strong></span> <span class='ocrx_word' id='word_1_714' title='bbox 2606 4702 2905 4764; x_wconf 82' lang='lat' dir='ltr'><strong>simulacro</strong></span> <span class='ocrx_word' id='word_1_715' title='bbox 2936 4710 3099 4771; x_wconf 90' lang='lat' dir='ltr'><strong>rupto</strong></span> <span class='ocrx_word' id='word_1_716' title='bbox 3129 4701 3354 4775; x_wconf 68' lang='lat' dir='ltr'><strong>angelus</strong></span> <span class='ocrx_word' id='word_1_717' title='bbox 3384 4713 3513 4753; x_wconf 90' lang='lat' dir='ltr'><strong>eum</strong></span> 
     </span>
    </p>
   </div>
   <div class='ocr_carea' id='block_1_97' title="bbox 1927 4791 3507 4867">
    <p class='ocr_par' dir='ltr' id='par_1_97' title="bbox 1927 4791 3507 4867">
     <span class='ocr_line' id='line_1_97' title="bbox 1927 4791 3507 4867; baseline -0.006 -17"><span class='ocrx_word' id='word_1_718' title='bbox 1927 4796 2299 4867; x_wconf 77' lang='lat' dir='ltr'><strong>Hierosolyma</strong></span> <span class='ocrx_word' id='word_1_719' title='bbox 2340 4794 2578 4859; x_wconf 83' lang='lat' dir='ltr'><strong>reduxit,</strong></span> <span class='ocrx_word' id='word_1_720' title='bbox 2620 4791 2710 4847; x_wconf 90' lang='lat' dir='ltr'><strong>ubi</strong></span> <span class='ocrx_word' id='word_1_721' title='bbox 2759 4792 3021 4860; x_wconf 81' lang='lat' dir='ltr'><strong>deinceps</strong></span> <span class='ocrx_word' id='word_1_722' title='bbox 3048 4791 3100 4843; x_wconf 93' lang='lat' dir='ltr'><strong>in</strong></span> <span class='ocrx_word' id='word_1_723' title='bbox 3131 4797 3507 4843; x_wconf 87' lang='lat' dir='ltr'><strong>anteactorum</strong></span> 
     </span>
    </p>
   </div>
   <div class='ocr_carea' id='block_1_98' title="bbox 1925 4878 3511 4961">
    <p class='ocr_par' dir='ltr' id='par_1_98' title="bbox 1925 4878 3511 4961">
     <span class='ocr_line' id='line_1_98' title="bbox 1925 4878 3511 4961; baseline -0.008 -17"><span class='ocrx_word' id='word_1_724' title='bbox 1925 4888 2250 4961; x_wconf 72' lang='lat' dir='ltr'><strong>pmnitentia</strong></span> <span class='ocrx_word' id='word_1_725' title='bbox 2293 4887 2427 4941; x_wconf 76' lang='lat' dir='ltr'><strong>vixit</strong></span> <span class='ocrx_word' id='word_1_726' title='bbox 2476 4894 2532 4939; x_wconf 92' lang='lat' dir='ltr'><strong>et</strong></span> <span class='ocrx_word' id='word_1_727' title='bbox 2564 4885 2746 4954; x_wconf 88' lang='lat' dir='ltr'><strong>priora</strong></span> <span class='ocrx_word' id='word_1_728' title='bbox 2781 4882 2981 4936; x_wconf 88' lang='lat' dir='ltr'><strong>delicta</strong></span> <span class='ocrx_word' id='word_1_729' title='bbox 3014 4880 3351 4935; x_wconf 80' lang='lat' dir='ltr'><strong>emendavit.</strong></span> <span class='ocrx_word' id='word_1_730' title='bbox 3403 4878 3511 4932; x_wconf 83' lang='lat' dir='ltr'><strong>Tot</strong></span> 
     </span>
    </p>
   </div>
   <div class='ocr_carea' id='block_1_99' title="bbox 1927 4973 3507 5048">
    <p class='ocr_par' dir='ltr' id='par_1_99' title="bbox 1927 4973 3507 5048">
     <span class='ocr_line' id='line_1_99' title="bbox 1927 4973 3507 5048; baseline -0.007 -13"><span class='ocrx_word' id='word_1_731' title='bbox 1927 4992 2108 5035; x_wconf 88' lang='lat' dir='ltr'><strong>autem</strong></span> <span class='ocrx_word' id='word_1_732' title='bbox 2164 4988 2423 5048; x_wconf 88' lang='lat' dir='ltr'><strong>tantaque</strong></span> <span class='ocrx_word' id='word_1_733' title='bbox 2484 4977 2731 5031; x_wconf 87' lang='lat' dir='ltr'><strong>lacinora</strong></span> <span class='ocrx_word' id='word_1_734' title='bbox 2764 4974 3067 5029; x_wconf 81' lang='lat' dir='ltr'><strong>&#39;Manasses</strong></span> <span class='ocrx_word' id='word_1_735' title='bbox 3115 4973 3386 5043; x_wconf 83' lang='lat' dir='ltr'><strong>patravit,</strong></span> <span class='ocrx_word' id='word_1_736' title='bbox 3446 4981 3507 5025; x_wconf 89' lang='lat' dir='ltr'><strong>ut</strong></span> 
     </span>
    </p>
   </div>
   <div class='ocr_carea' id='block_1_100' title="bbox 237 5069 3507 5142">
    <p class='ocr_par' dir='ltr' id='par_1_100' title="bbox 237 5069 3507 5142">
     <span class='ocr_line' id='line_1_100' title="bbox 237 5069 3507 5142; baseline -0.002 -16"><span class='ocrx_word' id='word_1_737' title='bbox 237 5072 467 5126; x_wconf 80' lang='lat' dir='ltr'><strong>divinus</strong></span> <span class='ocrx_word' id='word_1_738' title='bbox 514 5070 602 5126; x_wconf 89' lang='lat' dir='ltr'><strong>ille</strong></span> <span class='ocrx_word' id='word_1_739' title='bbox 655 5072 980 5128; x_wconf 81' lang='lat' dir='ltr'><strong>Anastasius</strong></span> <span class='ocrx_word' id='word_1_740' title='bbox 1033 5073 1219 5128; x_wconf 91' lang='lat' dir='ltr'><strong>dicere</strong></span> <span class='ocrx_word' id='word_1_741' title='bbox 1272 5090 1383 5130; x_wconf 91' lang='lat' dir='ltr'><strong>non</strong></span> <span class='ocrx_word' id='word_1_742' title='bbox 1440 5077 1812 5133; x_wconf 86' lang='lat' dir='ltr'><strong>dubitaverit:</strong></span> <span class='ocrx_word' id='word_1_743' title='bbox 1862 5077 2283 5132; x_wconf 70' lang='lat' dir='ltr'><strong>«SiManassem</strong></span> <span class='ocrx_word' id='word_1_744' title='bbox 2345 5075 2487 5129; x_wconf 82' lang='lat' dir='ltr'><strong>Deus</strong></span> <span class='ocrx_word' id='word_1_745' title='bbox 2543 5073 2805 5138; x_wconf 87' lang='lat' dir='ltr'><strong>servavit,</strong></span> <span class='ocrx_word' id='word_1_746' title='bbox 2839 5072 3092 5142; x_wconf 88' lang='lat' dir='ltr'><strong>equidem</strong></span> <span class='ocrx_word' id='word_1_747' title='bbox 3120 5070 3294 5124; x_wconf 83' lang='lat' dir='ltr'><strong>ausim</strong></span> <span class='ocrx_word' id='word_1_748' title='bbox 3324 5069 3507 5123; x_wconf 82' lang='lat' dir='ltr'><strong>dicere</strong></span> 
     </span>
    </p>
   </div>
   <div class='ocr_carea' id='block_1_101' title="bbox 238 5163 2717 5252">
    <p class='ocr_par' dir='ltr' id='par_1_101' title="bbox 238 5163 2717 5252">
     <span class='ocr_line' id='line_1_101' title="bbox 238 5163 2717 5252; baseline -0 -31"><span class='ocrx_word' id='word_1_749' title='bbox 238 5167 389 5236; x_wconf 86' lang='lat' dir='ltr'><strong>quod</strong></span> <span class='ocrx_word' id='word_1_750' title='bbox 436 5164 600 5221; x_wconf 88' lang='lat' dir='ltr'><strong>etiam</strong></span> <span class='ocrx_word' id='word_1_751' title='bbox 633 5163 911 5220; x_wconf 89' lang='lat' dir='ltr'><strong>diabolum</strong></span> <span class='ocrx_word' id='word_1_752' title='bbox 943 5167 1123 5237; x_wconf 85' lang='lat' dir='ltr'><strong>ipsum</strong></span> <span class='ocrx_word' id='word_1_753' title='bbox 1170 5165 1492 5227; x_wconf 72' lang='lat' dir='ltr'><strong>servatur-us</strong></span> <span class='ocrx_word' id='word_1_754' title='bbox 1521 5171 1725 5240; x_wconf 82' lang='lat' dir='ltr'><strong>fuerit,</strong></span> <span class='ocrx_word' id='word_1_755' title='bbox 1774 5172 1817 5228; x_wconf 90' lang='lat' dir='ltr'><strong>si</strong></span> <span class='ocrx_word' id='word_1_756' title='bbox 1860 5173 2063 5229; x_wconf 86' lang='lat' dir='ltr'><strong>reverti</strong></span> <span class='ocrx_word' id='word_1_757' title='bbox 2100 5173 2166 5227; x_wconf 89' lang='lat' dir='ltr'><strong>ad</strong></span> <span class='ocrx_word' id='word_1_758' title='bbox 2201 5172 2371 5252; x_wconf 74' lang='lat' dir='ltr'><strong>Deum</strong></span> <span class='ocrx_word' id='word_1_759' title='bbox 2400 5169 2717 5225; x_wconf 63' lang='lat' dir='ltr'><strong>voluisset.»</strong></span> 
     </span>
    </p>
   </div>
   <div class='ocr_carea' id='block_1_102' title="bbox 312 5256 1821 5337">
    <p class='ocr_par' dir='ltr' id='par_1_102' title="bbox 312 5256 1821 5337">
     <span class='ocr_line' id='line_1_102' title="bbox 312 5256 1821 5337; baseline 0.006 -24"><span class='ocrx_word' id='word_1_760' title='bbox 312 5256 472 5313; x_wconf 74' lang='grc' dir='ltr'>Μετί</span> <span class='ocrx_word' id='word_1_761' title='bbox 520 5258 576 5310; x_wconf 79' lang='grc' dir='ltr'><strong>δὲ</strong></span> <span class='ocrx_word' id='word_1_762' title='bbox 628 5259 929 5329; x_wconf 86' lang='grc' dir='ltr'>Μανασσῆν</span> <span class='ocrx_word' id='word_1_763' title='bbox 978 5261 1339 5319; x_wconf 72' lang='grc' dir='ltr'>ἐϐασίλευσεν</span> <span class='ocrx_word' id='word_1_764' title='bbox 1383 5266 1612 5337; x_wconf 79' lang='grc' dir='ltr'>’Λμμὼς</span> <span class='ocrx_word' id='word_1_765' title='bbox 1644 5270 1672 5321; x_wconf 81' lang='grc' dir='ltr'>ὁ</span> <span class='ocrx_word' id='word_1_766' title='bbox 1706 5269 1821 5330; x_wconf 83' lang='grc' dir='ltr'>υίὸς</span> 
     </span>
    </p>
   </div>
   <div class='ocr_carea' id='block_1_103' title="bbox 239 5342 1822 5431">
    <p class='ocr_par' dir='ltr' id='par_1_103' title="bbox 239 5342 1822 5431">
     <span class='ocr_line' id='line_1_103' title="bbox 239 5342 1822 5431; baseline 0.005 -26"><span class='ocrx_word' id='word_1_767' title='bbox 239 5349 437 5405; x_wconf 72' lang='grc' dir='ltr'>αὑτοῦ.</span> <span class='ocrx_word' id='word_1_768' title='bbox 482 5342 657 5412; x_wconf 74' lang='grc' dir='ltr'>Οὗτος</span> <span class='ocrx_word' id='word_1_769' title='bbox 705 5350 804 5419; x_wconf 80' lang='grc' dir='ltr'><strong>τὴν</strong></span> <span class='ocrx_word' id='word_1_770' title='bbox 861 5351 961 5421; x_wconf 82' lang='grc' dir='ltr'><strong>μὲν</strong></span> <span class='ocrx_word' id='word_1_771' title='bbox 1006 5352 1285 5423; x_wconf 75' lang='grc' dir='ltr'>πατρικὴν</span> <span class='ocrx_word' id='word_1_772' title='bbox 1325 5356 1583 5413; x_wconf 78' lang='grc' dir='ltr'>ἀσέϐειαν</span> <span class='ocrx_word' id='word_1_773' title='bbox 1616 5362 1822 5431; x_wconf 80' lang='grc' dir='ltr'>ἐμιμή-</span> 
     </span>
    </p>
   </div>
   <div class='ocr_carea' id='block_1_104' title="bbox 241 5440 1821 5521">
    <p class='ocr_par' dir='ltr' id='par_1_104' title="bbox 241 5440 1821 5521">
     <span class='ocr_line' id='line_1_104' title="bbox 241 5440 1821 5521; baseline 0.007 -27"><span class='ocrx_word' id='word_1_774' title='bbox 241 5456 400 5500; x_wconf 84' lang='grc' dir='ltr'>σατο.</span> <span class='ocrx_word' id='word_1_775' title='bbox 437 5441 497 5493; x_wconf 86' lang='grc' dir='ltr'><strong>οὐ</strong></span> <span class='ocrx_word' id='word_1_776' title='bbox 560 5440 667 5509; x_wconf 84' lang='grc' dir='ltr'><strong>μὴν</strong></span> <span class='ocrx_word' id='word_1_777' title='bbox 699 5441 756 5494; x_wconf 78' lang='grc' dir='ltr'><strong>δὲ</strong></span> <span class='ocrx_word' id='word_1_778' title='bbox 793 5441 892 5510; x_wconf 82' lang='grc' dir='ltr'>τὴν</span> <span class='ocrx_word' id='word_1_779' title='bbox 927 5443 1247 5511; x_wconf 89' lang='grc' dir='ltr'>μετάνοιαν.</span> <span class='ocrx_word' id='word_1_780' title='bbox 1281 5447 1467 5512; x_wconf 74' lang='grc' dir='ltr'>’Ἄξιον</span> <span class='ocrx_word' id='word_1_781' title='bbox 1497 5451 1553 5504; x_wconf 83' lang='grc' dir='ltr'>δὲ</span> <span class='ocrx_word' id='word_1_782' title='bbox 1586 5452 1821 5521; x_wconf 76' lang='grc' dir='ltr'>ζητῆσαι</span> 
     </span>
    </p>
   </div>
   <div class='ocr_carea' id='block_1_105' title="bbox 238 5530 1821 5614">
    <p class='ocr_par' dir='ltr' id='par_1_105' title="bbox 238 5530 1821 5614">
     <span class='ocr_line' id='line_1_105' title="bbox 238 5530 1821 5614; baseline 0.004 -25"><span class='ocrx_word' id='word_1_783' title='bbox 238 5534 334 5589; x_wconf 84' lang='grc' dir='ltr'>διὰ</span> <span class='ocrx_word' id='word_1_784' title='bbox 361 5532 417 5584; x_wconf 84' lang='grc' dir='ltr'><strong>τί</strong></span> <span class='ocrx_word' id='word_1_785' title='bbox 445 5530 539 5584; x_wconf 82' lang='grc' dir='ltr'>τοῦ</span> <span class='ocrx_word' id='word_1_786' title='bbox 593 5532 690 5601; x_wconf 75' lang='grc' dir='ltr'>μὲν</span> <span class='ocrx_word' id='word_1_787' title='bbox 723 5532 994 5604; x_wconf 81' lang='grc' dir='ltr'>Μανασσῆ</span> <span class='ocrx_word' id='word_1_788' title='bbox 1034 5537 1136 5605; x_wconf 83' lang='grc' dir='ltr'>τὴν</span> <span class='ocrx_word' id='word_1_789' title='bbox 1165 5540 1505 5612; x_wconf 74' lang='grc' dir='ltr'>ἐπιστροφὴν</span> <span class='ocrx_word' id='word_1_790' title='bbox 1533 5544 1821 5614; x_wconf 80' lang='grc' dir='ltr'>ἀνέμεινεν</span> 
     </span>
    </p>
   </div>
   <div class='ocr_carea' id='block_1_106' title="bbox 240 5620 1817 5700">
    <p class='ocr_par' dir='ltr' id='par_1_106' title="bbox 240 5620 1817 5700">
     <span class='ocr_line' id='line_1_106' title="bbox 240 5620 1817 5700; baseline 0.001 -26"><span class='ocrx_word' id='word_1_791' title='bbox 240 5625 272 5677; x_wconf 80' lang='grc' dir='ltr'>δ</span> <span class='ocrx_word' id='word_1_792' title='bbox 300 5622 455 5684; x_wconf 73' lang='grc' dir='ltr'>Θεὸς,</span> <span class='ocrx_word' id='word_1_793' title='bbox 488 5620 584 5673; x_wconf 83' lang='grc' dir='ltr'>τοῦ</span> <span class='ocrx_word' id='word_1_794' title='bbox 629 5621 685 5673; x_wconf 81' lang='grc' dir='ltr'>δὲ</span> <span class='ocrx_word' id='word_1_795' title='bbox 714 5620 834 5674; x_wconf 84' lang='grc' dir='ltr'>υἱοῦ</span> <span class='ocrx_word' id='word_1_796' title='bbox 878 5623 1309 5696; x_wconf 24' lang='grc' dir='ltr'>αὐτοῦτἋμμὼς</span> <span class='ocrx_word' id='word_1_797' title='bbox 1358 5630 1501 5700; x_wconf 74' lang='grc' dir='ltr'>οὐχὶ,</span> <span class='ocrx_word' id='word_1_798' title='bbox 1538 5631 1658 5684; x_wconf 81' lang='grc' dir='ltr'>ἀλλ’</span> <span class='ocrx_word' id='word_1_799' title='bbox 1698 5635 1817 5688; x_wconf 81' lang='grc' dir='ltr'><strong>ἐθέ-</strong></span> 
     </span>
    </p>
   </div>
   <div class='ocr_carea' id='block_1_107' title="bbox 243 5710 1816 5798">
    <p class='ocr_par' dir='ltr' id='par_1_107' title="bbox 243 5710 1816 5798">
     <span class='ocr_line' id='line_1_107' title="bbox 243 5710 1816 5798; baseline 0.008 -33"><span class='ocrx_word' id='word_1_800' title='bbox 243 5730 401 5785; x_wconf 77' lang='grc' dir='ltr'>ρισεν</span> <span class='ocrx_word' id='word_1_801' title='bbox 448 5710 613 5766; x_wconf 61' lang='grc' dir='ltr'>αὑτὸν</span> <span class='ocrx_word' id='word_1_802' title='bbox 672 5711 768 5782; x_wconf 80' lang='grc' dir='ltr'><strong>ἐτη</strong></span> <span class='ocrx_word' id='word_1_803' title='bbox 825 5711 920 5767; x_wconf 87' lang='grc' dir='ltr'><strong>δύο</strong></span> <span class='ocrx_word' id='word_1_804' title='bbox 975 5714 1397 5786; x_wconf 84' lang='grc' dir='ltr'>βασιλεύσαντα.</span> <span class='ocrx_word' id='word_1_805' title='bbox 1446 5724 1584 5792; x_wconf 73' lang='grc' dir='ltr'>Φησὶ</span> <span class='ocrx_word' id='word_1_806' title='bbox 1620 5726 1726 5795; x_wconf 83' lang='grc' dir='ltr'>γὰρ</span> <span class='ocrx_word' id='word_1_807' title='bbox 1784 5729 1816 5798; x_wconf 82' lang='grc' dir='ltr'>ὴ</span> 
     </span>
    </p>
   </div>
   <div class='ocr_carea' id='block_1_108' title="bbox 240 5804 1819 5878">
    <p class='ocr_par' dir='ltr' id='par_1_108' title="bbox 240 5804 1819 5878">
     <span class='ocr_line' id='line_1_108' title="bbox 240 5804 1819 5878; baseline 0 -19"><span class='ocrx_word' id='word_1_808' title='bbox 240 5806 283 5859; x_wconf 86' lang='grc' dir='ltr'>Γ</span> <span class='ocrx_word' id='word_1_809' title='bbox 288 5804 459 5876; x_wconf 53' lang='lat' dir='ltr'><strong>puga-3],</strong></span> <span class='ocrx_word' id='word_1_810' title='bbox 492 5821 510 5857; x_wconf 76' lang='grc' dir='ltr'><strong>ι</strong></span> <span class='ocrx_word' id='word_1_811' title='bbox 550 5805 660 5860; x_wconf 74' lang='grc' dir='ltr'><strong>Καὶ</strong></span> <span class='ocrx_word' id='word_1_812' title='bbox 689 5804 1089 5877; x_wconf 72' lang='grc' dir='ltr'>παρελογίσατο</span> <span class='ocrx_word' id='word_1_813' title='bbox 1126 5807 1353 5878; x_wconf 79' lang='grc' dir='ltr'>’Δμμὼς</span> <span class='ocrx_word' id='word_1_814' title='bbox 1410 5813 1669 5878; x_wconf 82' lang='grc' dir='ltr'>λογισμὸν</span> <span class='ocrx_word' id='word_1_815' title='bbox 1723 5834 1819 5871; x_wconf 79' lang='grc' dir='ltr'>πο-</span> 
     </span>
    </p>
   </div>
   <div class='ocr_carea' id='block_1_109' title="bbox 2004 5260 3501 5330">
    <p class='ocr_par' dir='ltr' id='par_1_109' title="bbox 2004 5260 3501 5330">
     <span class='ocr_line' id='line_1_109' title="bbox 2004 5260 3501 5330; baseline -0.006 -9"><span class='ocrx_word' id='word_1_816' title='bbox 2004 5268 2135 5321; x_wconf 90' lang='lat' dir='ltr'><strong>Post</strong></span> <span class='ocrx_word' id='word_1_817' title='bbox 2186 5265 2494 5319; x_wconf 85' lang='lat' dir='ltr'><strong>Mauassem</strong></span> <span class='ocrx_word' id='word_1_818' title='bbox 2548 5266 2785 5318; x_wconf 82' lang='lat' dir='ltr'><strong>Amosus</strong></span> <span class='ocrx_word' id='word_1_819' title='bbox 2846 5261 2991 5316; x_wconf 84' lang='lat' dir='ltr'><strong>ﬁlius</strong></span> <span class='ocrx_word' id='word_1_820' title='bbox 3038 5261 3161 5330; x_wconf 89' lang='lat' dir='ltr'><strong>ejus</strong></span> <span class='ocrx_word' id='word_1_821' title='bbox 3210 5260 3501 5329; x_wconf 88' lang='lat' dir='ltr'><strong>imperium</strong></span> 
     </span>
    </p>
   </div>
   <div class='ocr_carea' id='block_1_110' title="bbox 1929 5339 3505 5428">
    <p class='ocr_par' dir='ltr' id='par_1_110' title="bbox 1929 5339 3505 5428">
     <span class='ocr_line' id='line_1_110' title="bbox 1929 5339 3505 5428; baseline -0.007 -13"><span class='ocrx_word' id='word_1_822' title='bbox 1929 5339 2187 5415; x_wconf 71' lang='lat' dir='ltr'><strong>obtinuit.</strong></span> <span class='ocrx_word' id='word_1_823' title='bbox 2228 5358 2277 5412; x_wconf 91' lang='lat' dir='ltr'><strong>ls</strong></span> <span class='ocrx_word' id='word_1_824' title='bbox 2302 5366 2583 5428; x_wconf 87' lang='lat' dir='ltr'><strong>paternam</strong></span> <span class='ocrx_word' id='word_1_825' title='bbox 2614 5354 2833 5425; x_wconf 89' lang='lat' dir='ltr'><strong>quidem</strong></span> <span class='ocrx_word' id='word_1_826' title='bbox 2872 5355 3205 5424; x_wconf 86' lang='lat' dir='ltr'><strong>impietatem</strong></span> <span class='ocrx_word' id='word_1_827' title='bbox 3227 5360 3313 5406; x_wconf 88' lang='lat' dir='ltr'><strong>est</strong></span> <span class='ocrx_word' id='word_1_828' title='bbox 3332 5367 3505 5405; x_wconf 67' lang='lat' dir='ltr'><strong>armu-</strong></span> 
     </span>
    </p>
   </div>
   <div class='ocr_carea' id='block_1_111' title="bbox 1923 5443 3503 5520">
    <p class='ocr_par' dir='ltr' id='par_1_111' title="bbox 1923 5443 3503 5520">
     <span class='ocr_line' id='line_1_111' title="bbox 1923 5443 3503 5520; baseline -0.009 -13"><span class='ocrx_word' id='word_1_829' title='bbox 1923 5453 2086 5515; x_wconf 87' lang='lat' dir='ltr'><strong>latus,</strong></span> <span class='ocrx_word' id='word_1_830' title='bbox 2116 5459 2173 5505; x_wconf 88' lang='lat' dir='ltr'><strong>at</strong></span> <span class='ocrx_word' id='word_1_831' title='bbox 2204 5466 2315 5506; x_wconf 91' lang='lat' dir='ltr'><strong>non</strong></span> <span class='ocrx_word' id='word_1_832' title='bbox 2342 5447 2747 5520; x_wconf 67' lang='lat' dir='ltr'><strong>paenitentiam.</strong></span> <span class='ocrx_word' id='word_1_833' title='bbox 2808 5445 2997 5500; x_wconf 85' lang='lat' dir='ltr'><strong>Fuerit</strong></span> <span class='ocrx_word' id='word_1_834' title='bbox 3046 5458 3224 5499; x_wconf 91' lang='lat' dir='ltr'><strong>autem</strong></span> <span class='ocrx_word' id='word_1_835' title='bbox 3261 5443 3503 5512; x_wconf 87' lang='lat' dir='ltr'><strong>pretium</strong></span> 
     </span>
    </p>
   </div>
   <div class='ocr_carea' id='block_1_112' title="bbox 1924 5534 3502 5619">
    <p class='ocr_par' dir='ltr' id='par_1_112' title="bbox 1924 5534 3502 5619">
     <span class='ocr_line' id='line_1_112' title="bbox 1924 5534 3502 5619; baseline -0.008 -21"><span class='ocrx_word' id='word_1_836' title='bbox 1924 5558 2105 5613; x_wconf 62' lang='lat' dir='ltr'><strong>opera;</strong></span> <span class='ocrx_word' id='word_1_837' title='bbox 2130 5544 2409 5619; x_wconf 88' lang='lat' dir='ltr'><strong>inquirere</strong></span> <span class='ocrx_word' id='word_1_838' title='bbox 2432 5540 2793 5613; x_wconf 88' lang='lat' dir='ltr'><strong>quamobrem</strong></span> <span class='ocrx_word' id='word_1_839' title='bbox 2821 5539 2964 5593; x_wconf 91' lang='lat' dir='ltr'><strong>Deus</strong></span> <span class='ocrx_word' id='word_1_840' title='bbox 2990 5536 3257 5591; x_wconf 69' lang='lat' dir='ltr'><strong>Manassis</strong></span> <span class='ocrx_word' id='word_1_841' title='bbox 3280 5534 3502 5606; x_wconf 90' lang='lat' dir='ltr'><strong>quidem</strong></span> 
     </span>
    </p>
   </div>
   <div class='ocr_carea' id='block_1_113' title="bbox 1924 5622 3505 5705">
    <p class='ocr_par' dir='ltr' id='par_1_113' title="bbox 1924 5622 3505 5705">
     <span class='ocr_line' id='line_1_113' title="bbox 1924 5622 3505 5705; baseline -0.007 -14"><span class='ocrx_word' id='word_1_842' title='bbox 1924 5636 2299 5705; x_wconf 65' lang='lat' dir='ltr'><strong>paenitentiam</strong></span> <span class='ocrx_word' id='word_1_843' title='bbox 2352 5631 2787 5705; x_wconf 82' lang='lat' dir='ltr'><strong>exspectaverit,</strong></span> <span class='ocrx_word' id='word_1_844' title='bbox 2856 5622 2948 5686; x_wconf 80' lang='lat' dir='ltr'><strong>scd</strong></span> <span class='ocrx_word' id='word_1_845' title='bbox 3008 5649 3117 5686; x_wconf 92' lang='lat' dir='ltr'><strong>non</strong></span> <span class='ocrx_word' id='word_1_846' title='bbox 3166 5631 3355 5685; x_wconf 88' lang='lat' dir='ltr'><strong>itidem</strong></span> <span class='ocrx_word' id='word_1_847' title='bbox 3406 5627 3505 5681; x_wconf 78' lang='lat' dir='ltr'><strong>lilii</strong></span> 
     </span>
    </p>
   </div>
   <div class='ocr_carea' id='block_1_114' title="bbox 1922 5722 3516 5798">
    <p class='ocr_par' dir='ltr' id='par_1_114' title="bbox 1922 5722 3516 5798">
     <span class='ocr_line' id='line_1_114' title="bbox 1922 5722 3516 5798; baseline -0.005 -17"><span class='ocrx_word' id='word_1_848' title='bbox 1922 5744 2141 5798; x_wconf 87' lang='lat' dir='ltr'><strong>quoque</strong></span> <span class='ocrx_word' id='word_1_849' title='bbox 2186 5728 2360 5798; x_wconf 81' lang='lat' dir='ltr'><strong>ipsius</strong></span> <span class='ocrx_word' id='word_1_850' title='bbox 2388 5724 2608 5791; x_wconf 80' lang='lat' dir='ltr'><strong>Amosi,</strong></span> <span class='ocrx_word' id='word_1_851' title='bbox 2660 5740 2823 5794; x_wconf 88' lang='lat' dir='ltr'><strong>quem</strong></span> <span class='ocrx_word' id='word_1_852' title='bbox 2891 5725 3052 5779; x_wconf 88' lang='lat' dir='ltr'><strong>annis</strong></span> <span class='ocrx_word' id='word_1_853' title='bbox 3085 5722 3299 5777; x_wconf 83' lang='lat' dir='ltr'><strong>duobus</strong></span> <span class='ocrx_word' id='word_1_854' title='bbox 3331 5735 3516 5786; x_wconf 54' lang='lat' dir='ltr'><strong>regno</strong></span> 
     </span>
    </p>
   </div>
   <div class='ocr_carea' id='block_1_115' title="bbox 1922 5816 3513 5878">
    <p class='ocr_par' dir='ltr' id='par_1_115' title="bbox 1922 5816 3513 5878">
     <span class='ocr_line' id='line_1_115' title="bbox 1922 5816 3513 5878; baseline -0.005 -3"><span class='ocrx_word' id='word_1_855' title='bbox 1922 5820 2173 5878; x_wconf 77' lang='lat' dir='ltr'><strong>potitum.</strong></span> <span class='ocrx_word' id='word_1_856' title='bbox 2203 5828 2262 5875; x_wconf 89' lang='lat' dir='ltr'><strong>ut</strong></span> <span class='ocrx_word' id='word_1_857' title='bbox 2287 5834 2455 5877; x_wconf 82' lang='lat' dir='ltr'><strong>sacrae</strong></span> <span class='ocrx_word' id='word_1_858' title='bbox 2482 5817 2699 5875; x_wconf 84' lang='lat' dir='ltr'><strong>Litterae</strong></span> <span class='ocrx_word' id='word_1_859' title='bbox 2724 5817 3041 5878; x_wconf 76' lang='lat' dir='ltr'><strong>loquuntur.</strong></span> <span class='ocrx_word' id='word_1_860' title='bbox 3076 5816 3249 5870; x_wconf 81' lang='lat' dir='ltr'><strong>instar</strong></span> <span class='ocrx_word' id='word_1_861' title='bbox 3274 5821 3513 5867; x_wconf 55' lang='lat' dir='ltr'><strong>malum?</strong></span> 
     </span>
    </p>
   </div>
  </div>
