  <div class='ocr_page' id='page_1' title='image "/cluster/home/n/w/nwhite01/storage/ocr_20150623/158/nnc1.0046980636/226.png"; bbox 0 0 4212 6448; ppageno 0'>
   <div class='ocr_carea' id='block_1_1' title="bbox 247 413 353 477">
    <p class='ocr_par' dir='ltr' id='par_1_1' title="bbox 247 413 353 477">
     <span class='ocr_line' id='line_1_1' title="bbox 247 413 353 477; baseline -0.047 1"><span class='ocrx_word' id='word_1_1' title='bbox 247 413 353 477; x_wconf 78' lang='grc'><strong>377</strong></span> 
     </span>
    </p>
   </div>
   <div class='ocr_carea' id='block_1_2' title="bbox 1486 399 2267 474">
    <p class='ocr_par' dir='ltr' id='par_1_2' title="bbox 1486 399 2267 474">
     <span class='ocr_line' id='line_1_2' title="bbox 1486 399 2267 474; baseline 0.001 -2"><span class='ocrx_word' id='word_1_2' title='bbox 1486 413 1889 474; x_wconf 69' lang='lat' dir='ltr'><strong>ANNALIUM</strong></span> <span class='ocrx_word' id='word_1_3' title='bbox 1933 413 2123 472; x_wconf 69' lang='lat' dir='ltr'><strong>rans</strong></span> <span class='ocrx_word' id='word_1_4' title='bbox 2162 399 2267 473; x_wconf 75' lang='lat' dir='ltr'><strong>It.’</strong></span> 
     </span>
    </p>
   </div>
   <div class='ocr_carea' id='block_1_3' title="bbox 3385 425 3488 484">
    <p class='ocr_par' dir='ltr' id='par_1_3' title="bbox 3385 425 3488 484">
     <span class='ocr_line' id='line_1_3' title="bbox 3385 425 3488 484; baseline 0 -1"><span class='ocrx_word' id='word_1_5' title='bbox 3385 425 3488 484; x_wconf 72' lang='lat'><strong>378</strong></span> 
     </span>
    </p>
   </div>
   <div class='ocr_carea' id='block_1_4' title="bbox 247 522 1829 597">
    <p class='ocr_par' dir='ltr' id='par_1_4' title="bbox 247 522 1812 593">
     <span class='ocr_line' id='line_1_4' title="bbox 247 522 1812 593; baseline 0 -17"><span class='ocrx_word' id='word_1_6' title='bbox 247 540 464 592; x_wconf 86' lang='grc' dir='ltr'>σχουσι,</span> <span class='ocrx_word' id='word_1_7' title='bbox 500 526 602 592; x_wconf 80' lang='grc' dir='ltr'>τὴν</span> <span class='ocrx_word' id='word_1_8' title='bbox 631 522 725 575; x_wconf 78' lang='grc' dir='ltr'>τοῦ</span> <span class='ocrx_word' id='word_1_9' title='bbox 759 524 1002 586; x_wconf 79' lang='grc' dir='ltr'><strong>Μωσέως</strong></span> <span class='ocrx_word' id='word_1_10' title='bbox 1045 524 1376 577; x_wconf 73' lang='grc' dir='ltr'><strong>ἐπικτῶνται</strong></span> <span class='ocrx_word' id='word_1_11' title='bbox 1409 527 1775 593; x_wconf 74' lang='grc' dir='ltr'>πεντατευχον</span> <span class='ocrx_word' id='word_1_12' title='bbox 1801 541 1812 554; x_wconf 92' lang='grc'><strong>·</strong></span> 
     </span>
    </p>
   </div>
   <div class='ocr_carea' id='block_1_5' title="bbox 1906 522 3494 597">
    <p class='ocr_par' dir='ltr' id='par_1_5' title="bbox 1920 523 3494 597">
     <span class='ocr_line' id='line_1_5' title="bbox 1920 523 3494 597; baseline 0.007 -22"><span class='ocrx_word' id='word_1_13' title='bbox 1920 524 2232 577; x_wconf 81' lang='lat' dir='ltr'><strong>senioribus</strong></span> <span class='ocrx_word' id='word_1_14' title='bbox 2262 523 2440 578; x_wconf 81' lang='lat' dir='ltr'><strong>educti</strong></span> <span class='ocrx_word' id='word_1_15' title='bbox 2482 524 2710 580; x_wconf 85' lang='lat' dir='ltr'><strong>fuissent</strong></span> <span class='ocrx_word' id='word_1_16' title='bbox 2738 529 2960 597; x_wconf 79' lang='lat' dir='ltr'><strong>quinam</strong></span> <span class='ocrx_word' id='word_1_17' title='bbox 2997 531 3062 584; x_wconf 92' lang='lat' dir='ltr'><strong>iis</strong></span> <span class='ocrx_word' id='word_1_18' title='bbox 3098 531 3150 584; x_wconf 91' lang='lat' dir='ltr'><strong>in</strong></span> <span class='ocrx_word' id='word_1_19' title='bbox 3188 534 3316 586; x_wconf 83' lang='lat' dir='ltr'><strong>locis</strong></span> <span class='ocrx_word' id='word_1_20' title='bbox 3347 535 3494 587; x_wconf 76' lang='lat' dir='ltr'><strong>Deus</strong></span> 
     </span>
    </p>
   </div>
   <div class='ocr_carea' id='block_1_6' title="bbox 245 613 1818 681">
    <p class='ocr_par' dir='ltr' id='par_1_6' title="bbox 245 613 1818 681">
     <span class='ocr_line' id='line_1_6' title="bbox 245 613 1818 681; baseline -0.002 -15"><span class='ocrx_word' id='word_1_21' title='bbox 245 616 344 666; x_wconf 80' lang='grc' dir='ltr'>καὶ</span> <span class='ocrx_word' id='word_1_22' title='bbox 394 613 536 665; x_wconf 72' lang='grc' dir='ltr'>οὕτω</span> <span class='ocrx_word' id='word_1_23' title='bbox 587 614 680 664; x_wconf 70' lang='grc' dir='ltr'>τὸν</span> <span class='ocrx_word' id='word_1_24' title='bbox 733 613 990 681; x_wconf 72' lang='grc' dir='ltr'>ἀληθινὸν</span> <span class='ocrx_word' id='word_1_25' title='bbox 1018 614 1151 666; x_wconf 78' lang='grc' dir='ltr'>Θεὸν</span> <span class='ocrx_word' id='word_1_26' title='bbox 1198 614 1513 678; x_wconf 77' lang='grc' dir='ltr'><strong>ἐπιγνόντες</strong></span> <span class='ocrx_word' id='word_1_27' title='bbox 1560 613 1818 674; x_wconf 73' lang='grc' dir='ltr'>ἀϐλαϐεῖς</span> 
     </span>
    </p>
   </div>
   <div class='ocr_carea' id='block_1_7' title="bbox 245 704 1819 774">
    <p class='ocr_par' dir='ltr' id='par_1_7' title="bbox 245 704 1819 774">
     <span class='ocr_line' id='line_1_7' title="bbox 245 704 1819 774; baseline -0.002 -18"><span class='ocrx_word' id='word_1_28' title='bbox 245 704 342 756; x_wconf 80' lang='grc' dir='ltr'>τοῦ</span> <span class='ocrx_word' id='word_1_29' title='bbox 376 704 564 756; x_wconf 85' lang='grc' dir='ltr'>λοιποῦ</span> <span class='ocrx_word' id='word_1_30' title='bbox 595 704 1022 774; x_wconf 77' lang='grc' dir='ltr'>διετηρήθησαν,</span> <span class='ocrx_word' id='word_1_31' title='bbox 1054 705 1102 757; x_wconf 83' lang='grc' dir='ltr'><strong>εί</strong></span> <span class='ocrx_word' id='word_1_32' title='bbox 1130 709 1224 758; x_wconf 83' lang='grc' dir='ltr'>καὶ</span> <span class='ocrx_word' id='word_1_33' title='bbox 1251 707 1329 767; x_wconf 84' lang='grc' dir='ltr'><strong>είς</strong></span> <span class='ocrx_word' id='word_1_34' title='bbox 1360 706 1603 774; x_wconf 70' lang='grc' dir='ltr'>αἱρέσεις</span> <span class='ocrx_word' id='word_1_35' title='bbox 1635 705 1819 756; x_wconf 78' lang='grc' dir='ltr'><strong>ἐντεῦ-</strong></span> 
     </span>
    </p>
   </div>
   <div class='ocr_carea' id='block_1_8' title="bbox 247 794 1818 868">
    <p class='ocr_par' dir='ltr' id='par_1_8' title="bbox 247 794 1818 868">
     <span class='ocr_line' id='line_1_8' title="bbox 247 794 1818 868; baseline 0.001 -21"><span class='ocrx_word' id='word_1_36' title='bbox 247 794 344 847; x_wconf 77' lang='grc' dir='ltr'><strong>θεν</strong></span> <span class='ocrx_word' id='word_1_37' title='bbox 375 794 688 860; x_wconf 80' lang='grc' dir='ltr'><strong>ἐξώκειλαν,</strong></span> <span class='ocrx_word' id='word_1_38' title='bbox 727 798 823 850; x_wconf 71' lang='grc' dir='ltr'><strong>ἅτε</strong></span> <span class='ocrx_word' id='word_1_39' title='bbox 859 797 934 866; x_wconf 82' lang='grc' dir='ltr'>μὴ</span> <span class='ocrx_word' id='word_1_40' title='bbox 962 799 1086 851; x_wconf 86' lang='grc' dir='ltr'>κατ’</span> <span class='ocrx_word' id='word_1_41' title='bbox 1110 798 1268 868; x_wconf 71' lang='grc' dir='ltr'>ὀρθὸν</span> <span class='ocrx_word' id='word_1_42' title='bbox 1310 799 1468 865; x_wconf 89' lang='grc' dir='ltr'>λόγον</span> <span class='ocrx_word' id='word_1_43' title='bbox 1495 801 1613 860; x_wconf 81' lang='grc' dir='ltr'>ταῖς</span> <span class='ocrx_word' id='word_1_44' title='bbox 1649 799 1818 867; x_wconf 83' lang='grc' dir='ltr'>ίεραῖς</span> 
     </span>
    </p>
   </div>
   <div class='ocr_carea' id='block_1_9' title="bbox 249 885 1820 958">
    <p class='ocr_par' dir='ltr' id='par_1_9' title="bbox 249 885 1820 958">
     <span class='ocr_line' id='line_1_9' title="bbox 249 885 1820 958; baseline 0.002 -20"><span class='ocrx_word' id='word_1_45' title='bbox 249 885 455 955; x_wconf 82' lang='grc' dir='ltr'>βίϐλοις</span> <span class='ocrx_word' id='word_1_46' title='bbox 494 887 879 954; x_wconf 82' lang='grc' dir='ltr'>ὲγκύπτοντες.</span> <span class='ocrx_word' id='word_1_47' title='bbox 914 889 995 942; x_wconf 79' lang='grc' dir='ltr'><strong>Τὰ</strong></span> <span class='ocrx_word' id='word_1_48' title='bbox 1025 888 1079 942; x_wconf 76' lang='grc' dir='ltr'>δὲ</span> <span class='ocrx_word' id='word_1_49' title='bbox 1108 889 1202 958; x_wconf 81' lang='grc' dir='ltr'><strong>ἔτη</strong></span> <span class='ocrx_word' id='word_1_50' title='bbox 1223 891 1334 941; x_wconf 92' lang='grc' dir='ltr'><strong>τῶν</strong></span> <span class='ocrx_word' id='word_1_51' title='bbox 1375 889 1820 958; x_wconf 67' lang='grc' dir='ltr'><strong>βασιλευσάντων</strong></span> 
     </span>
    </p>
   </div>
   <div class='ocr_carea' id='block_1_10' title="bbox 245 978 1815 1051">
    <p class='ocr_par' dir='ltr' id='par_1_10' title="bbox 245 978 1815 1051">
     <span class='ocr_line' id='line_1_10' title="bbox 245 978 1815 1051; baseline 0.002 -24"><span class='ocrx_word' id='word_1_52' title='bbox 245 979 308 1030; x_wconf 77' lang='grc' dir='ltr'>ὲν</span> <span class='ocrx_word' id='word_1_53' title='bbox 335 978 618 1048; x_wconf 63' lang='grc' dir='ltr'>Σαμαρείᾳ</span> <span class='ocrx_word' id='word_1_54' title='bbox 644 985 719 1030; x_wconf 81' lang='grc' dir='ltr'>σν¹</span> <span class='ocrx_word' id='word_1_55' title='bbox 747 979 842 1030; x_wconf 81' lang='grc' dir='ltr'>καὶ</span> <span class='ocrx_word' id='word_1_56' title='bbox 862 985 931 1045; x_wconf 86' lang='grc' dir='ltr'>γ’,</span> <span class='ocrx_word' id='word_1_57' title='bbox 964 981 1026 1032; x_wconf 83' lang='grc' dir='ltr'><strong>ὲκ</strong></span> <span class='ocrx_word' id='word_1_58' title='bbox 1051 981 1326 1051; x_wconf 67' lang='grc' dir='ltr'>διαφόρων</span> <span class='ocrx_word' id='word_1_59' title='bbox 1354 982 1452 1050; x_wconf 79' lang='grc' dir='ltr'>μὲν</span> <span class='ocrx_word' id='word_1_60' title='bbox 1487 982 1815 1048; x_wconf 78' lang='grc' dir='ltr'><strong>γεγονότων,</strong></span> 
     </span>
    </p>
   </div>
   <div class='ocr_carea' id='block_1_11' title="bbox 247 1069 1822 1142">
    <p class='ocr_par' dir='ltr' id='par_1_11' title="bbox 247 1069 1822 1142">
     <span class='ocr_line' id='line_1_11' title="bbox 247 1069 1822 1142; baseline 0.004 -24"><span class='ocrx_word' id='word_1_61' title='bbox 247 1069 468 1120; x_wconf 79' lang='grc' dir='ltr'>πάντων</span> <span class='ocrx_word' id='word_1_62' title='bbox 492 1070 549 1121; x_wconf 84' lang='grc' dir='ltr'>δὲ</span> <span class='ocrx_word' id='word_1_63' title='bbox 580 1070 960 1138; x_wconf 81' lang='grc' dir='ltr'><strong>πεποιηκότων</strong></span> <span class='ocrx_word' id='word_1_64' title='bbox 991 1072 1052 1124; x_wconf 80' lang='grc' dir='ltr'>τὸ</span> <span class='ocrx_word' id='word_1_65' title='bbox 1079 1072 1317 1142; x_wconf 69' lang='grc' dir='ltr'>πονηρὸν</span> <span class='ocrx_word' id='word_1_66' title='bbox 1351 1071 1492 1125; x_wconf 73' lang='grc' dir='ltr'>κατὰ</span> <span class='ocrx_word' id='word_1_67' title='bbox 1515 1074 1615 1142; x_wconf 80' lang='grc' dir='ltr'>τὴν</span> <span class='ocrx_word' id='word_1_68' title='bbox 1641 1073 1822 1141; x_wconf 81' lang='grc' dir='ltr'>ἁμαρ-</span> 
     </span>
    </p>
   </div>
   <div class='ocr_carea' id='block_1_12' title="bbox 249 1158 711 1230">
    <p class='ocr_par' dir='ltr' id='par_1_12' title="bbox 249 1158 711 1230">
     <span class='ocr_line' id='line_1_12' title="bbox 249 1158 711 1230; baseline 0.011 -20"><span class='ocrx_word' id='word_1_69' title='bbox 249 1158 371 1210; x_wconf 84' lang='grc' dir='ltr'>τίαν</span> <span class='ocrx_word' id='word_1_70' title='bbox 408 1160 444 1211; x_wconf 92' lang='lat' dir='ltr'><strong>&#39;l</strong></span> <span class='ocrx_word' id='word_1_71' title='bbox 455 1159 711 1230; x_wconf 72' lang='grc' dir='ltr'>εροϐοάμ.</span> 
     </span>
    </p>
   </div>
   <div class='ocr_carea' id='block_1_13' title="bbox 321 1414 1821 1490">
    <p class='ocr_par' dir='ltr' id='par_1_13' title="bbox 321 1414 1821 1490">
     <span class='ocr_line' id='line_1_13' title="bbox 321 1414 1821 1490; baseline 0.005 -21"><span class='ocrx_word' id='word_1_72' title='bbox 321 1414 434 1486; x_wconf 74' lang='grc' dir='ltr'><strong>Τῆν</strong></span> <span class='ocrx_word' id='word_1_73' title='bbox 459 1418 558 1486; x_wconf 84' lang='grc' dir='ltr'>μὲν</span> <span class='ocrx_word' id='word_1_74' title='bbox 589 1414 680 1472; x_wconf 80' lang='grc' dir='ltr'>οὖν</span> <span class='ocrx_word' id='word_1_75' title='bbox 731 1421 839 1473; x_wconf 73' lang='grc' dir='ltr'><strong>ἀπὸ</strong></span> <span class='ocrx_word' id='word_1_76' title='bbox 875 1422 1136 1490; x_wconf 87' lang='grc' dir='ltr'>Περσίδος</span> <span class='ocrx_word' id='word_1_77' title='bbox 1169 1425 1278 1475; x_wconf 84' lang='grc' dir='ltr'><strong>των</strong></span> <span class='ocrx_word' id='word_1_78' title='bbox 1317 1423 1589 1475; x_wconf 77' lang='grc' dir='ltr'><strong>Ἰουδαίων</strong></span> <span class='ocrx_word' id='word_1_79' title='bbox 1625 1424 1821 1477; x_wconf 72' lang='grc' dir='ltr'>ἐπάνο-</span> 
     </span>
    </p>
   </div>
   <div class='ocr_carea' id='block_1_14' title="bbox 246 1507 1821 1584">
    <p class='ocr_par' dir='ltr' id='par_1_14' title="bbox 246 1507 1821 1584">
     <span class='ocr_line' id='line_1_14' title="bbox 246 1507 1821 1584; baseline 0.006 -25"><span class='ocrx_word' id='word_1_80' title='bbox 246 1507 338 1560; x_wconf 87' lang='grc' dir='ltr'>δον</span> <span class='ocrx_word' id='word_1_81' title='bbox 362 1509 666 1578; x_wconf 79' lang='grc' dir='ltr'>ὲξηγήσατό</span> <span class='ocrx_word' id='word_1_82' title='bbox 690 1529 749 1563; x_wconf 83' lang='grc' dir='ltr'><strong>τε</strong></span> <span class='ocrx_word' id='word_1_83' title='bbox 778 1515 804 1564; x_wconf 89' lang='lat'><strong>6</strong></span> <span class='ocrx_word' id='word_1_84' title='bbox 833 1513 1069 1581; x_wconf 77' lang='grc' dir='ltr'><strong>Ἔσδρας</strong></span> <span class='ocrx_word' id='word_1_85' title='bbox 1098 1515 1192 1566; x_wconf 77' lang='grc' dir='ltr'>καὶ</span> <span class='ocrx_word' id='word_1_86' title='bbox 1224 1516 1625 1584; x_wconf 74' lang='grc' dir='ltr'>συνεγράψατο.</span> <span class='ocrx_word' id='word_1_87' title='bbox 1670 1516 1732 1568; x_wconf 87' lang='lat' dir='ltr'><strong>&#39;H</strong></span> <span class='ocrx_word' id='word_1_88' title='bbox 1762 1516 1821 1568; x_wconf 76' lang='grc' dir='ltr'>δὲ</span> 
     </span>
    </p>
   </div>
   <div class='ocr_carea' id='block_1_15' title="bbox 247 1601 1820 1677">
    <p class='ocr_par' dir='ltr' id='par_1_15' title="bbox 247 1601 1820 1677">
     <span class='ocr_line' id='line_1_15' title="bbox 247 1601 1820 1677; baseline 0.006 -25"><span class='ocrx_word' id='word_1_89' title='bbox 247 1601 528 1669; x_wconf 81' lang='grc' dir='ltr'>πρόφασις</span> <span class='ocrx_word' id='word_1_90' title='bbox 576 1605 672 1672; x_wconf 85' lang='grc' dir='ltr'><strong>τῆς</strong></span> <span class='ocrx_word' id='word_1_91' title='bbox 722 1604 986 1657; x_wconf 76' lang='grc' dir='ltr'>ἐπανόδου</span> <span class='ocrx_word' id='word_1_92' title='bbox 1034 1605 1177 1659; x_wconf 78' lang='grc' dir='ltr'>κατὰ</span> <span class='ocrx_word' id='word_1_93' title='bbox 1204 1605 1297 1658; x_wconf 76' lang='grc' dir='ltr'>τὸν</span> <span class='ocrx_word' id='word_1_94' title='bbox 1341 1607 1605 1674; x_wconf 84' lang='grc' dir='ltr'>Ἰώσηπον</span> <span class='ocrx_word' id='word_1_95' title='bbox 1657 1608 1820 1677; x_wconf 81' lang='grc' dir='ltr'>αὕτη.</span> 
     </span>
    </p>
   </div>
   <div class='ocr_carea' id='block_1_16' title="bbox 248 1692 1820 1765">
    <p class='ocr_par' dir='ltr' id='par_1_16' title="bbox 248 1692 1820 1765">
     <span class='ocr_line' id='line_1_16' title="bbox 248 1692 1820 1765; baseline 0.004 -22"><span class='ocrx_word' id='word_1_96' title='bbox 248 1692 414 1763; x_wconf 75' lang='grc' dir='ltr'>Τρεῖς</span> <span class='ocrx_word' id='word_1_97' title='bbox 459 1695 786 1761; x_wconf 85' lang='grc' dir='ltr'>στρατιῶται</span> <span class='ocrx_word' id='word_1_98' title='bbox 824 1696 1190 1760; x_wconf 75' lang='grc' dir='ltr'><strong>φυλάσσοντες</strong></span> <span class='ocrx_word' id='word_1_99' title='bbox 1219 1697 1311 1750; x_wconf 71' lang='grc' dir='ltr'>τὸν</span> <span class='ocrx_word' id='word_1_100' title='bbox 1348 1697 1595 1765; x_wconf 80' lang='grc' dir='ltr'>βασιλέα,</span> <span class='ocrx_word' id='word_1_101' title='bbox 1630 1701 1687 1749; x_wconf 85' lang='grc' dir='ltr'>ὲν</span> <span class='ocrx_word' id='word_1_102' title='bbox 1737 1693 1820 1760; x_wconf 73' lang='grc' dir='ltr'>οἷς</span> 
     </span>
    </p>
   </div>
   <div class='ocr_carea' id='block_1_17' title="bbox 247 1778 1820 1857">
    <p class='ocr_par' dir='ltr' id='par_1_17' title="bbox 247 1778 1820 1857">
     <span class='ocr_line' id='line_1_17' title="bbox 247 1778 1820 1857; baseline 0.005 -24"><span class='ocrx_word' id='word_1_103' title='bbox 247 1778 319 1852; x_wconf 77' lang='grc' dir='ltr'>ἦν</span> <span class='ocrx_word' id='word_1_104' title='bbox 359 1784 452 1836; x_wconf 82' lang='grc' dir='ltr'><strong>καὶ</strong></span> <span class='ocrx_word' id='word_1_105' title='bbox 484 1784 812 1850; x_wconf 71' lang='grc' dir='ltr'>Ζοροϐάϐελ,</span> <span class='ocrx_word' id='word_1_106' title='bbox 847 1786 1048 1855; x_wconf 72' lang='grc' dir='ltr'>ἤρισαν</span> <span class='ocrx_word' id='word_1_107' title='bbox 1089 1787 1146 1838; x_wconf 86' lang='grc' dir='ltr'>ὲν</span> <span class='ocrx_word' id='word_1_108' title='bbox 1175 1789 1523 1857; x_wconf 84' lang='grc' dir='ltr'>προϐλήματι</span> <span class='ocrx_word' id='word_1_109' title='bbox 1565 1788 1820 1857; x_wconf 82' lang='grc' dir='ltr'>τεθείσης</span> 
     </span>
    </p>
   </div>
   <div class='ocr_carea' id='block_1_18' title="bbox 1923 615 3490 693">
    <p class='ocr_par' dir='ltr' id='par_1_18' title="bbox 1923 615 3490 693">
     <span class='ocr_line' id='line_1_18' title="bbox 1923 615 3490 693; baseline 0.009 -28"><span class='ocrx_word' id='word_1_110' title='bbox 1923 617 2227 682; x_wconf 89' lang='lat' dir='ltr'><strong>antiquitus</strong></span> <span class='ocrx_word' id='word_1_111' title='bbox 2258 615 2355 668; x_wconf 74' lang='lat' dir='ltr'><strong>coli</strong></span> <span class='ocrx_word' id='word_1_112' title='bbox 2393 619 2792 685; x_wconf 79' lang='lat' dir='ltr'><strong>consuevisset,</strong></span> <span class='ocrx_word' id='word_1_113' title='bbox 2830 637 2859 673; x_wconf 89' lang='lat' dir='ltr'><strong>a</strong></span> <span class='ocrx_word' id='word_1_114' title='bbox 2889 638 2995 690; x_wconf 88' lang='lat' dir='ltr'><strong>quo</strong></span> <span class='ocrx_word' id='word_1_115' title='bbox 3037 625 3193 677; x_wconf 86' lang='lat' dir='ltr'><strong>malis</strong></span> <span class='ocrx_word' id='word_1_116' title='bbox 3221 627 3490 693; x_wconf 70' lang='lat' dir='ltr'><strong>ejusmodi</strong></span> 
     </span>
    </p>
   </div>
   <div class='ocr_carea' id='block_1_19' title="bbox 1921 704 3490 781">
    <p class='ocr_par' dir='ltr' id='par_1_19' title="bbox 1921 704 3490 781">
     <span class='ocr_line' id='line_1_19' title="bbox 1921 704 3490 781; baseline 0.01 -25"><span class='ocrx_word' id='word_1_117' title='bbox 1921 704 2292 765; x_wconf 75' lang='lat' dir='ltr'><strong>afﬁcerentur,</strong></span> <span class='ocrx_word' id='word_1_118' title='bbox 2327 706 2567 776; x_wconf 89' lang='lat' dir='ltr'><strong>quinque</strong></span> <span class='ocrx_word' id='word_1_119' title='bbox 2611 710 2776 764; x_wconf 78' lang='lat' dir='ltr'><strong>Mosis</strong></span> <span class='ocrx_word' id='word_1_120' title='bbox 2823 714 3096 767; x_wconf 84' lang='lat' dir='ltr'><strong>volumina</strong></span> <span class='ocrx_word' id='word_1_121' title='bbox 3145 729 3490 781; x_wconf 79' lang='lat' dir='ltr'><strong>receperunt,</strong></span> 
     </span>
    </p>
   </div>
   <div class='ocr_carea' id='block_1_20' title="bbox 1921 796 3493 873">
    <p class='ocr_par' dir='ltr' id='par_1_20' title="bbox 1921 796 3493 873">
     <span class='ocr_line' id='line_1_20' title="bbox 1921 796 3493 873; baseline 0.008 -25"><span class='ocrx_word' id='word_1_122' title='bbox 1921 809 2095 863; x_wconf 89' lang='lat' dir='ltr'><strong>coque</strong></span> <span class='ocrx_word' id='word_1_123' title='bbox 2116 796 2276 849; x_wconf 91' lang='lat' dir='ltr'><strong>modo</strong></span> <span class='ocrx_word' id='word_1_124' title='bbox 2298 797 2482 866; x_wconf 80' lang='lat' dir='ltr'><strong>agnito</strong></span> <span class='ocrx_word' id='word_1_125' title='bbox 2505 814 2634 851; x_wconf 89' lang='lat' dir='ltr'><strong>vero</strong></span> <span class='ocrx_word' id='word_1_126' title='bbox 2661 799 2891 855; x_wconf 84' lang='lat' dir='ltr'><strong>Numine</strong></span> <span class='ocrx_word' id='word_1_127' title='bbox 2918 803 3046 856; x_wconf 86' lang='lat' dir='ltr'><strong>nihil</strong></span> <span class='ocrx_word' id='word_1_128' title='bbox 3073 805 3139 857; x_wconf 89' lang='lat' dir='ltr'><strong>ab</strong></span> <span class='ocrx_word' id='word_1_129' title='bbox 3159 820 3224 858; x_wconf 89' lang='lat' dir='ltr'><strong>eo</strong></span> <span class='ocrx_word' id='word_1_130' title='bbox 3249 815 3493 873; x_wconf 82' lang='lat' dir='ltr'><strong>tempore</strong></span> 
     </span>
    </p>
   </div>
   <div class='ocr_carea' id='block_1_21' title="bbox 1923 886 3492 965">
    <p class='ocr_par' dir='ltr' id='par_1_21' title="bbox 1923 886 3492 965">
     <span class='ocr_line' id='line_1_21' title="bbox 1923 886 3492 965; baseline 0.01 -30"><span class='ocrx_word' id='word_1_131' title='bbox 1923 886 2049 937; x_wconf 90' lang='lat' dir='ltr'><strong>mali</strong></span> <span class='ocrx_word' id='word_1_132' title='bbox 2093 889 2338 955; x_wconf 90' lang='lat' dir='ltr'><strong>perpessi</strong></span> <span class='ocrx_word' id='word_1_133' title='bbox 2382 899 2531 953; x_wconf 88' lang='lat' dir='ltr'><strong>sunt,</strong></span> <span class='ocrx_word' id='word_1_134' title='bbox 2567 906 2881 958; x_wconf 82' lang='lat' dir='ltr'><strong>quanquam</strong></span> <span class='ocrx_word' id='word_1_135' title='bbox 2930 893 2982 947; x_wconf 92' lang='lat' dir='ltr'><strong>iu</strong></span> <span class='ocrx_word' id='word_1_136' title='bbox 3022 905 3200 948; x_wconf 80' lang='lat' dir='ltr'><strong>sectas</strong></span> <span class='ocrx_word' id='word_1_137' title='bbox 3229 899 3492 965; x_wconf 83' lang='lat' dir='ltr'><strong>quasdam</strong></span> 
     </span>
    </p>
   </div>
   <div class='ocr_carea' id='block_1_22' title="bbox 1922 970 3494 1052">
    <p class='ocr_par' dir='ltr' id='par_1_22' title="bbox 1922 970 3494 1052">
     <span class='ocr_line' id='line_1_22' title="bbox 1922 970 3494 1052; baseline 0.011 -29"><span class='ocrx_word' id='word_1_138' title='bbox 1922 970 2182 1043; x_wconf 86' lang='lat' dir='ltr'><strong>deinceps</strong></span> <span class='ocrx_word' id='word_1_139' title='bbox 2212 975 2375 1029; x_wconf 86' lang='lat' dir='ltr'><strong>etiam</strong></span> <span class='ocrx_word' id='word_1_140' title='bbox 2421 978 2821 1046; x_wconf 74' lang='lat' dir='ltr'><strong>exorbitarunt,</strong></span> <span class='ocrx_word' id='word_1_141' title='bbox 2859 990 2918 1035; x_wconf 79' lang='grc' dir='ltr'><strong>ιιι</strong></span> <span class='ocrx_word' id='word_1_142' title='bbox 2947 985 3038 1052; x_wconf 86' lang='lat' dir='ltr'><strong>qui</strong></span> <span class='ocrx_word' id='word_1_143' title='bbox 3087 997 3232 1037; x_wconf 80' lang='lat' dir='ltr'><strong>recta</strong></span> <span class='ocrx_word' id='word_1_144' title='bbox 3279 987 3494 1040; x_wconf 85' lang='lat' dir='ltr'><strong>ratione</strong></span> 
     </span>
    </p>
   </div>
   <div class='ocr_carea' id='block_1_23' title="bbox 1920 1064 3496 1141">
    <p class='ocr_par' dir='ltr' id='par_1_23' title="bbox 1920 1064 3496 1141">
     <span class='ocr_line' id='line_1_23' title="bbox 1920 1064 3496 1141; baseline 0.01 -24"><span class='ocrx_word' id='word_1_145' title='bbox 1920 1064 2091 1117; x_wconf 90' lang='lat' dir='ltr'><strong>libros</strong></span> <span class='ocrx_word' id='word_1_146' title='bbox 2117 1080 2301 1120; x_wconf 85' lang='lat' dir='ltr'><strong>sacros</strong></span> <span class='ocrx_word' id='word_1_147' title='bbox 2327 1083 2434 1121; x_wconf 90' lang='lat' dir='ltr'><strong>non</strong></span> <span class='ocrx_word' id='word_1_148' title='bbox 2468 1069 2802 1136; x_wconf 91' lang='lat' dir='ltr'><strong>inspicerent</strong></span> <span class='ocrx_word' id='word_1_149' title='bbox 2827 1088 2888 1126; x_wconf 89' lang='lat' dir='ltr'><strong>ac</strong></span> <span class='ocrx_word' id='word_1_150' title='bbox 2922 1076 3327 1141; x_wconf 69' lang='lat' dir='ltr'><strong>pervolvcrcnt.</strong></span> <span class='ocrx_word' id='word_1_151' title='bbox 3349 1079 3496 1133; x_wconf 82' lang='lat' dir='ltr'><strong>Anni</strong></span> 
     </span>
    </p>
   </div>
   <div class='ocr_carea' id='block_1_24' title="bbox 1923 1156 3493 1231">
    <p class='ocr_par' dir='ltr' id='par_1_24' title="bbox 1923 1156 3493 1231">
     <span class='ocr_line' id='line_1_24' title="bbox 1923 1156 3493 1231; baseline 0.009 -25"><span class='ocrx_word' id='word_1_152' title='bbox 1923 1165 2105 1208; x_wconf 86' lang='lat' dir='ltr'><strong>autem</strong></span> <span class='ocrx_word' id='word_1_153' title='bbox 2162 1156 2376 1210; x_wconf 90' lang='lat' dir='ltr'><strong>illorum</strong></span> <span class='ocrx_word' id='word_1_154' title='bbox 2414 1159 2504 1227; x_wconf 90' lang='lat' dir='ltr'><strong>qui</strong></span> <span class='ocrx_word' id='word_1_155' title='bbox 2552 1159 2816 1213; x_wconf 69' lang='lat' dir='ltr'><strong>Samaria:</strong></span> <span class='ocrx_word' id='word_1_156' title='bbox 2862 1175 3162 1229; x_wconf 73' lang='lat' dir='ltr'><strong>regnarunt</strong></span> <span class='ocrx_word' id='word_1_157' title='bbox 3208 1177 3334 1218; x_wconf 87' lang='lat' dir='ltr'><strong>sunt</strong></span> <span class='ocrx_word' id='word_1_158' title='bbox 3365 1168 3493 1231; x_wconf 73' lang='lat'><strong>255,</strong></span> 
     </span>
    </p>
   </div>
   <div class='ocr_carea' id='block_1_25' title="bbox 1921 1248 3492 1317">
    <p class='ocr_par' dir='ltr' id='par_1_25' title="bbox 1921 1248 3492 1317">
     <span class='ocr_line' id='line_1_25' title="bbox 1921 1248 3492 1317; baseline 0.01 -18"><span class='ocrx_word' id='word_1_159' title='bbox 1921 1263 1986 1300; x_wconf 88' lang='lat' dir='ltr'><strong>ac</strong></span> <span class='ocrx_word' id='word_1_160' title='bbox 2033 1248 2253 1302; x_wconf 84' lang='lat' dir='ltr'><strong>fuerunt</strong></span> <span class='ocrx_word' id='word_1_161' title='bbox 2295 1251 2348 1303; x_wconf 91' lang='lat' dir='ltr'><strong>hi</strong></span> <span class='ocrx_word' id='word_1_162' title='bbox 2383 1252 2615 1306; x_wconf 82' lang='lat' dir='ltr'><strong>diversis</strong></span> <span class='ocrx_word' id='word_1_163' title='bbox 2663 1252 2765 1305; x_wconf 86' lang='lat' dir='ltr'><strong>orti</strong></span> <span class='ocrx_word' id='word_1_164' title='bbox 2811 1255 3052 1317; x_wconf 79' lang='lat' dir='ltr'><strong>familis.</strong></span> <span class='ocrx_word' id='word_1_165' title='bbox 3086 1269 3138 1311; x_wconf 91' lang='lat' dir='ltr'><strong>et</strong></span> <span class='ocrx_word' id='word_1_166' title='bbox 3193 1274 3381 1315; x_wconf 89' lang='lat' dir='ltr'><strong>omnes</strong></span> <span class='ocrx_word' id='word_1_167' title='bbox 3426 1264 3492 1315; x_wconf 84' lang='lat' dir='ltr'><strong>ad</strong></span> 
     </span>
    </p>
   </div>
   <div class='ocr_carea' id='block_1_26' title="bbox 1922 1339 3184 1418">
    <p class='ocr_par' dir='ltr' id='par_1_26' title="bbox 1922 1339 3184 1418">
     <span class='ocr_line' id='line_1_26' title="bbox 1922 1339 3184 1418; baseline 0.009 -27"><span class='ocrx_word' id='word_1_168' title='bbox 1922 1340 2232 1407; x_wconf 77' lang='lat' dir='ltr'><strong>exemplum</strong></span> <span class='ocrx_word' id='word_1_169' title='bbox 2261 1339 2564 1396; x_wconf 69' lang='lat' dir='ltr'><strong>let-obeami</strong></span> <span class='ocrx_word' id='word_1_170' title='bbox 2598 1361 2654 1400; x_wconf 92' lang='lat' dir='ltr'><strong>se</strong></span> <span class='ocrx_word' id='word_1_171' title='bbox 2690 1349 2853 1418; x_wconf 86' lang='lat' dir='ltr'><strong>impie</strong></span> <span class='ocrx_word' id='word_1_172' title='bbox 2885 1360 3184 1418; x_wconf 62' lang='lat' dir='ltr'><strong>gt‘Ssct‘uut.</strong></span> 
     </span>
    </p>
   </div>
   <div class='ocr_carea' id='block_1_27' title="bbox 1990 1430 3494 1510">
    <p class='ocr_par' dir='ltr' id='par_1_27' title="bbox 1990 1430 3494 1510">
     <span class='ocr_line' id='line_1_27' title="bbox 1990 1430 3494 1510; baseline 0.009 -26"><span class='ocrx_word' id='word_1_173' title='bbox 1990 1430 2301 1485; x_wconf 66' lang='lat' dir='ltr'><strong>Juda&#39;orum</strong></span> <span class='ocrx_word' id='word_1_174' title='bbox 2323 1443 2503 1488; x_wconf 91' lang='lat' dir='ltr'><strong>autem</strong></span> <span class='ocrx_word' id='word_1_175' title='bbox 2538 1455 2568 1490; x_wconf 88' lang='lat' dir='ltr'><strong>e</strong></span> <span class='ocrx_word' id='word_1_176' title='bbox 2598 1437 2816 1494; x_wconf 83' lang='lat' dir='ltr'><strong>Perside</strong></span> <span class='ocrx_word' id='word_1_177' title='bbox 2845 1441 3075 1493; x_wconf 78' lang='lat' dir='ltr'><strong>rchtum</strong></span> <span class='ocrx_word' id='word_1_178' title='bbox 3098 1442 3316 1510; x_wconf 78' lang='lat' dir='ltr'><strong>scriptis</strong></span> <span class='ocrx_word' id='word_1_179' title='bbox 3343 1443 3430 1496; x_wconf 83' lang='lat' dir='ltr'><strong>lib:</strong></span> <span class='ocrx_word' id='word_1_180' title='bbox 3449 1443 3494 1498; x_wconf 82' lang='lat' dir='ltr'><strong>is</strong></span> 
     </span>
    </p>
   </div>
   <div class='ocr_carea' id='block_1_28' title="bbox 1925 1521 3494 1599">
    <p class='ocr_par' dir='ltr' id='par_1_28' title="bbox 1925 1521 3494 1599">
     <span class='ocr_line' id='line_1_28' title="bbox 1925 1521 3494 1599; baseline 0.009 -25"><span class='ocrx_word' id='word_1_181' title='bbox 1925 1521 2125 1575; x_wconf 81' lang='lat' dir='ltr'><strong>Esdras</strong></span> <span class='ocrx_word' id='word_1_182' title='bbox 2154 1532 2238 1577; x_wconf 85' lang='lat' dir='ltr'><strong>est</strong></span> <span class='ocrx_word' id='word_1_183' title='bbox 2261 1527 2602 1594; x_wconf 73' lang='lat' dir='ltr'><strong>complexus.</strong></span> <span class='ocrx_word' id='word_1_184' title='bbox 2645 1530 2774 1599; x_wconf 75' lang='lat' dir='ltr'><strong>Ejus</strong></span> <span class='ocrx_word' id='word_1_185' title='bbox 2801 1542 2982 1585; x_wconf 88' lang='lat' dir='ltr'><strong>autem</strong></span> <span class='ocrx_word' id='word_1_186' title='bbox 3018 1534 3346 1587; x_wconf 86' lang='lat' dir='ltr'><strong>reversionis</strong></span> <span class='ocrx_word' id='word_1_187' title='bbox 3380 1535 3494 1588; x_wconf 59' lang='lat' dir='ltr'><strong>haec</strong></span> 
     </span>
    </p>
   </div>
   <div class='ocr_carea' id='block_1_29' title="bbox 1925 1613 3494 1692">
    <p class='ocr_par' dir='ltr' id='par_1_29' title="bbox 1925 1613 3494 1692">
     <span class='ocr_line' id='line_1_29' title="bbox 1925 1613 3494 1692; baseline 0.007 -28"><span class='ocrx_word' id='word_1_188' title='bbox 1925 1613 2031 1665; x_wconf 88' lang='lat' dir='ltr'><strong>fuit</strong></span> <span class='ocrx_word' id='word_1_189' title='bbox 2061 1615 2300 1680; x_wconf 86' lang='lat' dir='ltr'><strong>occasio,</strong></span> <span class='ocrx_word' id='word_1_190' title='bbox 2329 1617 2488 1670; x_wconf 88' lang='lat' dir='ltr'><strong>siculi</strong></span> <span class='ocrx_word' id='word_1_191' title='bbox 2519 1618 2792 1689; x_wconf 82' lang='lat' dir='ltr'><strong>Josephus</strong></span> <span class='ocrx_word' id='word_1_192' title='bbox 2819 1623 3035 1690; x_wconf 83' lang='lat' dir='ltr'><strong>quidem</strong></span> <span class='ocrx_word' id='word_1_193' title='bbox 3063 1624 3337 1675; x_wconf 63' lang='lat' dir='ltr'><strong>metum-ite</strong></span> <span class='ocrx_word' id='word_1_194' title='bbox 3364 1639 3494 1692; x_wconf 91' lang='lat' dir='ltr'><strong>pro-</strong></span> 
     </span>
    </p>
   </div>
   <div class='ocr_carea' id='block_1_30' title="bbox 1923 1703 3494 1783">
    <p class='ocr_par' dir='ltr' id='par_1_30' title="bbox 1923 1703 3494 1783">
     <span class='ocr_line' id='line_1_30' title="bbox 1923 1703 3494 1783; baseline 0.008 -27"><span class='ocrx_word' id='word_1_195' title='bbox 1923 1703 2082 1760; x_wconf 90' lang='lat' dir='ltr'><strong>didit.</strong></span> <span class='ocrx_word' id='word_1_196' title='bbox 2131 1706 2266 1760; x_wconf 79' lang='lat' dir='ltr'><strong>Tres</strong></span> <span class='ocrx_word' id='word_1_197' title='bbox 2316 1710 2538 1772; x_wconf 78' lang='lat' dir='ltr'><strong>mllites,</strong></span> <span class='ocrx_word' id='word_1_198' title='bbox 2586 1712 2850 1765; x_wconf 79' lang='lat' dir='ltr'><strong>satellites</strong></span> <span class='ocrx_word' id='word_1_199' title='bbox 2899 1713 3054 1783; x_wconf 74' lang='lat' dir='ltr'><strong>regii,</strong></span> <span class='ocrx_word' id='word_1_200' title='bbox 3106 1730 3336 1781; x_wconf 85' lang='lat' dir='ltr'><strong>quorum</strong></span> <span class='ocrx_word' id='word_1_201' title='bbox 3374 1725 3494 1768; x_wconf 86' lang='lat' dir='ltr'><strong>erat</strong></span> 
     </span>
    </p>
   </div>
   <div class='ocr_carea' id='block_1_31' title="bbox 1924 1793 3492 1861">
    <p class='ocr_par' dir='ltr' id='par_1_31' title="bbox 1924 1793 3492 1861">
     <span class='ocr_line' id='line_1_31' title="bbox 1924 1793 3492 1861; baseline 0.007 -15"><span class='ocrx_word' id='word_1_202' title='bbox 1924 1793 1977 1848; x_wconf 93' lang='lat' dir='ltr'><strong>in</strong></span> <span class='ocrx_word' id='word_1_203' title='bbox 2015 1811 2241 1850; x_wconf 87' lang='lat' dir='ltr'><strong>nmuero</strong></span> <span class='ocrx_word' id='word_1_204' title='bbox 2288 1798 2678 1861; x_wconf 84' lang='lat' dir='ltr'><strong>Zorobabelus,</strong></span> <span class='ocrx_word' id='word_1_205' title='bbox 2720 1803 3126 1856; x_wconf 83' lang='lat' dir='ltr'><strong>contendebant</strong></span> <span class='ocrx_word' id='word_1_206' title='bbox 3181 1804 3325 1856; x_wconf 88' lang='lat' dir='ltr'><strong>inter</strong></span> <span class='ocrx_word' id='word_1_207' title='bbox 3370 1818 3492 1857; x_wconf 90' lang='lat' dir='ltr'><strong>sese</strong></span> 
     </span>
    </p>
   </div>
   <div class='ocr_carea' id='block_1_32' title="bbox 250 1875 1829 1962">
    <p class='ocr_par' dir='ltr' id='par_1_32' title="bbox 250 1875 1819 1953">
     <span class='ocr_line' id='line_1_32' title="bbox 250 1875 1819 1953; baseline 0.006 -29"><span class='ocrx_word' id='word_1_208' title='bbox 250 1876 575 1943; x_wconf 79' lang='grc' dir='ltr'>συμφωνίας</span> <span class='ocrx_word' id='word_1_209' title='bbox 611 1875 834 1943; x_wconf 76' lang='grc' dir='ltr'>αἰτῆσαι</span> <span class='ocrx_word' id='word_1_210' title='bbox 876 1878 967 1930; x_wconf 74' lang='grc' dir='ltr'>τὸν</span> <span class='ocrx_word' id='word_1_211' title='bbox 1005 1881 1245 1933; x_wconf 85' lang='grc' dir='ltr'>νικῶντα</span> <span class='ocrx_word' id='word_1_212' title='bbox 1293 1881 1437 1949; x_wconf 81' lang='grc' dir='ltr'>ἅπερ</span> <span class='ocrx_word' id='word_1_213' title='bbox 1483 1881 1548 1932; x_wconf 85' lang='grc' dir='ltr'><strong>ἂν</strong></span> <span class='ocrx_word' id='word_1_214' title='bbox 1591 1882 1819 1953; x_wconf 75' lang='grc' dir='ltr'>ἐθελήσῃ</span> 
     </span>
    </p>
   </div>
   <div class='ocr_carea' id='block_1_33' title="bbox 1906 1875 3494 1962">
    <p class='ocr_par' dir='ltr' id='par_1_33' title="bbox 1929 1889 3494 1962">
     <span class='ocr_line' id='line_1_33' title="bbox 1929 1889 3494 1962; baseline 0.003 -22"><span class='ocrx_word' id='word_1_215' title='bbox 1929 1900 2023 1954; x_wconf 80' lang='lat' dir='ltr'><strong>per</strong></span> <span class='ocrx_word' id='word_1_216' title='bbox 2053 1889 2393 1942; x_wconf 86' lang='lat' dir='ltr'><strong>occasionem</strong></span> <span class='ocrx_word' id='word_1_217' title='bbox 2423 1891 2566 1958; x_wconf 85' lang='lat' dir='ltr'><strong>pacti</strong></span> <span class='ocrx_word' id='word_1_218' title='bbox 2597 1892 2874 1955; x_wconf 88' lang='lat' dir='ltr'><strong>convcuti,</strong></span> <span class='ocrx_word' id='word_1_219' title='bbox 2909 1903 2965 1944; x_wconf 83' lang='grc' dir='ltr'><strong>ιιι</strong></span> <span class='ocrx_word' id='word_1_220' title='bbox 2988 1895 3075 1960; x_wconf 89' lang='lat' dir='ltr'><strong>qtti</strong></span> <span class='ocrx_word' id='word_1_221' title='bbox 3120 1893 3360 1954; x_wconf 78' lang='lat' dir='ltr'><strong>vicisset,</strong></span> <span class='ocrx_word' id='word_1_222' title='bbox 3393 1909 3494 1962; x_wconf 78' lang='lat' dir='ltr'><strong>po-</strong></span> 
     </span>
    </p>
   </div>
   <div class='ocr_carea' id='block_1_34' title="bbox 250 1964 1820 2042">
    <p class='ocr_par' dir='ltr' id='par_1_34' title="bbox 250 1964 1820 2042">
     <span class='ocr_line' id='line_1_34' title="bbox 250 1964 1820 2042; baseline 0.007 -29"><span class='ocrx_word' id='word_1_223' title='bbox 250 1964 402 2032; x_wconf 72' lang='grc' dir='ltr'>παρὰ</span> <span class='ocrx_word' id='word_1_224' title='bbox 431 1964 522 2016; x_wconf 80' lang='grc' dir='ltr'>τοῦ</span> <span class='ocrx_word' id='word_1_225' title='bbox 561 1964 842 2032; x_wconf 76' lang='grc' dir='ltr'>βασιλέως.</span> <span class='ocrx_word' id='word_1_226' title='bbox 879 1969 987 2020; x_wconf 68' lang='grc' dir='ltr'><strong>Τοῦ</strong></span> <span class='ocrx_word' id='word_1_227' title='bbox 1013 1969 1196 2021; x_wconf 84' lang='grc' dir='ltr'>τοίνυν</span> <span class='ocrx_word' id='word_1_228' title='bbox 1227 1971 1346 2032; x_wconf 75' lang='grc' dir='ltr'>ἐνὸς</span> <span class='ocrx_word' id='word_1_229' title='bbox 1376 1973 1626 2034; x_wconf 76' lang='grc' dir='ltr'>εἰπόντος</span> <span class='ocrx_word' id='word_1_230' title='bbox 1662 1973 1820 2042; x_wconf 80' lang='grc' dir='ltr'>νικᾷν</span> 
     </span>
    </p>
   </div>
   <div class='ocr_carea' id='block_1_35' title="bbox 246 2050 1820 2131">
    <p class='ocr_par' dir='ltr' id='par_1_35' title="bbox 246 2050 1820 2131">
     <span class='ocr_line' id='line_1_35' title="bbox 246 2050 1820 2131; baseline 0.008 -27"><span class='ocrx_word' id='word_1_231' title='bbox 246 2053 341 2105; x_wconf 78' lang='grc' dir='ltr'><strong>τὸν</strong></span> <span class='ocrx_word' id='word_1_232' title='bbox 363 2050 524 2130; x_wconf 76' lang='grc' dir='ltr'>οἶνον,</span> <span class='ocrx_word' id='word_1_233' title='bbox 567 2057 662 2109; x_wconf 83' lang='grc' dir='ltr'>καὶ</span> <span class='ocrx_word' id='word_1_234' title='bbox 691 2056 785 2110; x_wconf 80' lang='grc' dir='ltr'>τοῦ</span> <span class='ocrx_word' id='word_1_235' title='bbox 812 2058 1001 2125; x_wconf 81' lang='grc' dir='ltr'>ἑτέρου</span> <span class='ocrx_word' id='word_1_236' title='bbox 1036 2061 1129 2111; x_wconf 72' lang='grc' dir='ltr'>τὸν</span> <span class='ocrx_word' id='word_1_237' title='bbox 1168 2059 1417 2128; x_wconf 82' lang='grc' dir='ltr'><strong>βασιλέα,</strong></span> <span class='ocrx_word' id='word_1_238' title='bbox 1445 2064 1473 2113; x_wconf 97' lang='lat'><strong>6</strong></span> <span class='ocrx_word' id='word_1_239' title='bbox 1517 2063 1820 2131; x_wconf 80' lang='grc' dir='ltr'>Ζοροϐάϐελ</span> 
     </span>
    </p>
   </div>
   <div class='ocr_carea' id='block_1_36' title="bbox 247 2141 1820 2223">
    <p class='ocr_par' dir='ltr' id='par_1_36' title="bbox 247 2141 1820 2223">
     <span class='ocr_line' id='line_1_36' title="bbox 247 2141 1820 2223; baseline 0.004 -27"><span class='ocrx_word' id='word_1_240' title='bbox 247 2141 370 2198; x_wconf 73' lang='grc' dir='ltr'>εἷπε</span> <span class='ocrx_word' id='word_1_241' title='bbox 400 2149 557 2217; x_wconf 77' lang='grc' dir='ltr'>νικᾷν</span> <span class='ocrx_word' id='word_1_242' title='bbox 583 2149 680 2210; x_wconf 84' lang='grc' dir='ltr'><strong>τὰς</strong></span> <span class='ocrx_word' id='word_1_243' title='bbox 715 2153 1005 2217; x_wconf 82' lang='grc' dir='ltr'>γυναῖκας,</span> <span class='ocrx_word' id='word_1_244' title='bbox 1040 2152 1136 2202; x_wconf 73' lang='grc' dir='ltr'>καὶ</span> <span class='ocrx_word' id='word_1_245' title='bbox 1171 2153 1309 2220; x_wconf 79' lang='grc' dir='ltr'>ὑπὲρ</span> <span class='ocrx_word' id='word_1_246' title='bbox 1338 2153 1516 2204; x_wconf 82' lang='grc' dir='ltr'>πάντα</span> <span class='ocrx_word' id='word_1_247' title='bbox 1554 2155 1650 2222; x_wconf 74' lang='grc' dir='ltr'>τὴν</span> <span class='ocrx_word' id='word_1_248' title='bbox 1687 2156 1820 2223; x_wconf 75' lang='grc' dir='ltr'>ἀλή-</span> 
     </span>
    </p>
   </div>
   <div class='ocr_carea' id='block_1_37' title="bbox 248 2235 1823 2312">
    <p class='ocr_par' dir='ltr' id='par_1_37' title="bbox 248 2235 1823 2312">
     <span class='ocr_line' id='line_1_37' title="bbox 248 2235 1823 2312; baseline 0.006 -24"><span class='ocrx_word' id='word_1_249' title='bbox 248 2235 429 2291; x_wconf 87' lang='grc' dir='ltr'>θειαν.</span> <span class='ocrx_word' id='word_1_250' title='bbox 488 2241 598 2292; x_wconf 80' lang='grc' dir='ltr'><strong>Καὶ</strong></span> <span class='ocrx_word' id='word_1_251' title='bbox 671 2243 794 2292; x_wconf 75' lang='grc' dir='ltr'>ἐπεὶ</span> <span class='ocrx_word' id='word_1_252' title='bbox 860 2240 1037 2295; x_wconf 83' lang='grc' dir='ltr'>ταῦτα</span> <span class='ocrx_word' id='word_1_253' title='bbox 1096 2242 1332 2311; x_wconf 75' lang='grc' dir='ltr'>εἰρηκὼς</span> <span class='ocrx_word' id='word_1_254' title='bbox 1391 2244 1667 2312; x_wconf 81' lang='grc' dir='ltr'>νενίκηκε,</span> <span class='ocrx_word' id='word_1_255' title='bbox 1725 2247 1823 2298; x_wconf 77' lang='grc' dir='ltr'>καὶ</span> 
     </span>
    </p>
   </div>
   <div class='ocr_carea' id='block_1_38' title="bbox 245 2329 1822 2404">
    <p class='ocr_par' dir='ltr' id='par_1_38' title="bbox 245 2329 1822 2404">
     <span class='ocr_line' id='line_1_38' title="bbox 245 2329 1822 2404; baseline 0.005 -23"><span class='ocrx_word' id='word_1_256' title='bbox 245 2329 484 2400; x_wconf 72' lang='grc' dir='ltr'>ἧκουσεν</span> <span class='ocrx_word' id='word_1_257' title='bbox 548 2334 874 2403; x_wconf 75' lang='grc' dir='ltr'>αἰτήσασθαι</span> <span class='ocrx_word' id='word_1_258' title='bbox 927 2335 962 2389; x_wconf 80' lang='grc' dir='ltr'>ἃ</span> <span class='ocrx_word' id='word_1_259' title='bbox 1025 2335 1310 2403; x_wconf 75' lang='grc' dir='ltr'>βούλεται,</span> <span class='ocrx_word' id='word_1_260' title='bbox 1370 2336 1604 2404; x_wconf 71' lang='grc' dir='ltr'>ἠξίωσεν</span> <span class='ocrx_word' id='word_1_261' title='bbox 1661 2338 1822 2389; x_wconf 69' lang='grc' dir='ltr'>αὐτὸν</span> 
     </span>
    </p>
   </div>
   <div class='ocr_carea' id='block_1_39' title="bbox 244 2422 1818 2497">
    <p class='ocr_par' dir='ltr' id='par_1_39' title="bbox 244 2422 1818 2497">
     <span class='ocr_line' id='line_1_39' title="bbox 244 2422 1818 2497; baseline 0.002 -21"><span class='ocrx_word' id='word_1_262' title='bbox 244 2422 521 2492; x_wconf 79' lang='grc' dir='ltr'>ἀφεθῆναι</span> <span class='ocrx_word' id='word_1_263' title='bbox 577 2424 673 2494; x_wconf 80' lang='grc' dir='ltr'><strong>τὴν</strong></span> <span class='ocrx_word' id='word_1_264' title='bbox 731 2426 1131 2494; x_wconf 86' lang='grc' dir='ltr'>αίχμαλωσίαν.</span> <span class='ocrx_word' id='word_1_265' title='bbox 1201 2430 1264 2480; x_wconf 85' lang='grc' dir='ltr'>Ὀ</span> <span class='ocrx_word' id='word_1_266' title='bbox 1327 2427 1390 2497; x_wconf 79' lang='grc' dir='ltr'>δὴ</span> <span class='ocrx_word' id='word_1_267' title='bbox 1446 2428 1541 2480; x_wconf 74' lang='grc' dir='ltr'>καὶ</span> <span class='ocrx_word' id='word_1_268' title='bbox 1594 2428 1818 2495; x_wconf 84' lang='grc' dir='ltr'>γέγονε·</span> 
     </span>
    </p>
   </div>
   <div class='ocr_carea' id='block_1_40' title="bbox 246 2516 1822 2591">
    <p class='ocr_par' dir='ltr' id='par_1_40' title="bbox 246 2516 1822 2591">
     <span class='ocr_line' id='line_1_40' title="bbox 246 2516 1822 2591; baseline 0.004 -25"><span class='ocrx_word' id='word_1_269' title='bbox 246 2516 550 2584; x_wconf 83' lang='grc' dir='ltr'>τηνικαῦτα</span> <span class='ocrx_word' id='word_1_270' title='bbox 579 2520 674 2570; x_wconf 82' lang='grc' dir='ltr'><strong>καὶ</strong></span> <span class='ocrx_word' id='word_1_271' title='bbox 717 2521 824 2588; x_wconf 71' lang='grc' dir='ltr'><strong>γὰρ</strong></span> <span class='ocrx_word' id='word_1_272' title='bbox 856 2519 1193 2587; x_wconf 73' lang='grc' dir='ltr'>ἐπληροῦντο</span> <span class='ocrx_word' id='word_1_273' title='bbox 1232 2521 1301 2572; x_wconf 72' lang='grc' dir='ltr'>τὰ</span> <span class='ocrx_word' id='word_1_274' title='bbox 1338 2526 1378 2573; x_wconf 83' lang='lat' dir='ltr'><strong>o&#39;</strong></span> <span class='ocrx_word' id='word_1_275' title='bbox 1407 2519 1503 2591; x_wconf 80' lang='grc' dir='ltr'><strong>ἔτη</strong></span> <span class='ocrx_word' id='word_1_276' title='bbox 1536 2522 1636 2589; x_wconf 77' lang='grc' dir='ltr'><strong>τῆς</strong></span> <span class='ocrx_word' id='word_1_277' title='bbox 1669 2520 1822 2580; x_wconf 82' lang='grc' dir='ltr'>θείας</span> 
     </span>
    </p>
   </div>
   <div class='ocr_carea' id='block_1_41' title="bbox 245 2605 1823 2681">
    <p class='ocr_par' dir='ltr' id='par_1_41' title="bbox 245 2605 1823 2681">
     <span class='ocr_line' id='line_1_41' title="bbox 245 2605 1823 2681; baseline 0.004 -25"><span class='ocrx_word' id='word_1_278' title='bbox 245 2605 443 2674; x_wconf 75' lang='grc' dir='ltr'>ὀργῆς.</span> <span class='ocrx_word' id='word_1_279' title='bbox 475 2608 690 2681; x_wconf 25' lang='grc' dir='ltr'>Καὶιοί</span> <span class='ocrx_word' id='word_1_280' title='bbox 755 2609 857 2677; x_wconf 82' lang='grc' dir='ltr'>μὲν</span> <span class='ocrx_word' id='word_1_281' title='bbox 915 2610 1325 2679; x_wconf 73' lang='grc' dir='ltr'>οἰκοδομοῦντες</span> <span class='ocrx_word' id='word_1_282' title='bbox 1367 2613 1460 2665; x_wconf 66' lang='grc' dir='ltr'>τὸν</span> <span class='ocrx_word' id='word_1_283' title='bbox 1505 2612 1631 2664; x_wconf 65' lang='grc' dir='ltr'>ναδν</span> <span class='ocrx_word' id='word_1_284' title='bbox 1681 2607 1823 2680; x_wconf 84' lang='grc' dir='ltr'>ἦσαν</span> 
     </span>
    </p>
   </div>
   <div class='ocr_carea' id='block_1_42' title="bbox 246 2697 1824 2772">
    <p class='ocr_par' dir='ltr' id='par_1_42' title="bbox 246 2697 1824 2772">
     <span class='ocr_line' id='line_1_42' title="bbox 246 2697 1824 2772; baseline 0.005 -25"><span class='ocrx_word' id='word_1_285' title='bbox 246 2697 557 2765; x_wconf 82' lang='grc' dir='ltr'>Ζοροϐάϐελ</span> <span class='ocrx_word' id='word_1_286' title='bbox 603 2699 698 2752; x_wconf 77' lang='grc' dir='ltr'><strong>καὶ</strong></span> <span class='ocrx_word' id='word_1_287' title='bbox 760 2701 968 2770; x_wconf 76' lang='grc' dir='ltr'>Ἰησοῦς</span> <span class='ocrx_word' id='word_1_288' title='bbox 1021 2703 1049 2753; x_wconf 94' lang='lat'><strong>6</strong></span> <span class='ocrx_word' id='word_1_289' title='bbox 1078 2702 1174 2754; x_wconf 84' lang='grc' dir='ltr'>τοῦ</span> <span class='ocrx_word' id='word_1_290' title='bbox 1224 2703 1493 2768; x_wconf 81' lang='grc' dir='ltr'>Ἰωσεδὲκ,</span> <span class='ocrx_word' id='word_1_291' title='bbox 1531 2704 1824 2772; x_wconf 77' lang='grc' dir='ltr'>οἰκοδομη-</span> 
     </span>
    </p>
   </div>
   <div class='ocr_carea' id='block_1_43' title="bbox 247 2786 1824 2864">
    <p class='ocr_par' dir='ltr' id='par_1_43' title="bbox 247 2786 1824 2864">
     <span class='ocr_line' id='line_1_43' title="bbox 247 2786 1824 2864; baseline 0.004 -24"><span class='ocrx_word' id='word_1_292' title='bbox 247 2786 414 2856; x_wconf 77' lang='grc' dir='ltr'>θῆναι</span> <span class='ocrx_word' id='word_1_293' title='bbox 443 2788 498 2840; x_wconf 83' lang='grc' dir='ltr'><strong>δὲ</strong></span> <span class='ocrx_word' id='word_1_294' title='bbox 524 2790 552 2841; x_wconf 89' lang='lat'><strong>6</strong></span> <span class='ocrx_word' id='word_1_295' title='bbox 572 2790 814 2854; x_wconf 81' lang='grc' dir='ltr'>τοιοῦτος</span> <span class='ocrx_word' id='word_1_296' title='bbox 853 2791 1056 2858; x_wconf 79' lang='grc' dir='ltr'>ἔφθασε</span> <span class='ocrx_word' id='word_1_297' title='bbox 1083 2792 1215 2856; x_wconf 83' lang='grc' dir='ltr'>ναὸς</span> <span class='ocrx_word' id='word_1_298' title='bbox 1252 2795 1351 2863; x_wconf 79' lang='grc' dir='ltr'>τὴν</span> <span class='ocrx_word' id='word_1_299' title='bbox 1394 2795 1661 2864; x_wconf 75' lang='grc' dir='ltr'>δευτέραν</span> <span class='ocrx_word' id='word_1_300' title='bbox 1691 2795 1824 2847; x_wconf 74' lang='grc' dir='ltr'><strong>ταὺ-</strong></span> 
     </span>
    </p>
   </div>
   <div class='ocr_carea' id='block_1_44' title="bbox 246 2876 1824 2952">
    <p class='ocr_par' dir='ltr' id='par_1_44' title="bbox 246 2876 1824 2952">
     <span class='ocr_line' id='line_1_44' title="bbox 246 2876 1824 2952; baseline 0.006 -25"><span class='ocrx_word' id='word_1_301' title='bbox 246 2891 354 2944; x_wconf 74' lang='grc' dir='ltr'>την</span> <span class='ocrx_word' id='word_1_302' title='bbox 421 2876 708 2946; x_wconf 79' lang='grc' dir='ltr'>οἰκοδομὴν</span> <span class='ocrx_word' id='word_1_303' title='bbox 738 2877 795 2929; x_wconf 75' lang='grc' dir='ltr'>ὲν</span> <span class='ocrx_word' id='word_1_304' title='bbox 835 2879 1052 2947; x_wconf 76' lang='grc' dir='ltr'>χρόνοις</span> <span class='ocrx_word' id='word_1_305' title='bbox 1102 2885 1199 2949; x_wconf 81' lang='grc' dir='ltr'>μς⁹</span> <span class='ocrx_word' id='word_1_306' title='bbox 1255 2882 1343 2933; x_wconf 84' lang='grc' dir='ltr'><strong>διὰ</strong></span> <span class='ocrx_word' id='word_1_307' title='bbox 1395 2881 1456 2934; x_wconf 84' lang='grc' dir='ltr'><strong>τὸ</strong></span> <span class='ocrx_word' id='word_1_308' title='bbox 1504 2883 1656 2952; x_wconf 74' lang='grc' dir='ltr'>παρὰ</span> <span class='ocrx_word' id='word_1_309' title='bbox 1714 2885 1824 2938; x_wconf 87' lang='grc' dir='ltr'><strong>τῶν</strong></span> 
     </span>
    </p>
   </div>
   <div class='ocr_carea' id='block_1_45' title="bbox 249 2967 1824 3043">
    <p class='ocr_par' dir='ltr' id='par_1_45' title="bbox 249 2967 1824 3043">
     <span class='ocr_line' id='line_1_45' title="bbox 249 2967 1824 3043; baseline 0.008 -27"><span class='ocrx_word' id='word_1_310' title='bbox 249 2967 638 3032; x_wconf 82' lang='grc' dir='ltr'>γειτονοὺντων</span> <span class='ocrx_word' id='word_1_311' title='bbox 679 2969 884 3040; x_wconf 78' lang='grc' dir='ltr'>ταύτην</span> <span class='ocrx_word' id='word_1_312' title='bbox 923 2971 1260 3024; x_wconf 71' lang='grc' dir='ltr'>κωλύεσθαι*</span> <span class='ocrx_word' id='word_1_313' title='bbox 1310 2974 1342 3042; x_wconf 81' lang='grc' dir='ltr'><strong>ἡ</strong></span> <span class='ocrx_word' id='word_1_314' title='bbox 1378 2974 1486 3043; x_wconf 86' lang='grc' dir='ltr'>γὰρ</span> <span class='ocrx_word' id='word_1_315' title='bbox 1535 2975 1728 3043; x_wconf 85' lang='grc' dir='ltr'>πρώτη</span> <span class='ocrx_word' id='word_1_316' title='bbox 1765 2976 1824 3029; x_wconf 78' lang='grc' dir='ltr'>ὲν</span> 
     </span>
    </p>
   </div>
   <div class='ocr_carea' id='block_1_46' title="bbox 170 3056 1825 3134">
    <p class='ocr_par' dir='ltr' id='par_1_46' title="bbox 170 3056 1825 3134">
     <span class='ocr_line' id='line_1_46' title="bbox 170 3056 1825 3134; baseline 0.007 -28"><span class='ocrx_word' id='word_1_317' title='bbox 170 3056 178 3061; x_wconf 89' lang='grc'><em>”</em></span> <span class='ocrx_word' id='word_1_318' title='bbox 247 3058 466 3126; x_wconf 79' lang='grc' dir='ltr'>χρόνοις</span> <span class='ocrx_word' id='word_1_319' title='bbox 492 3058 664 3111; x_wconf 86' lang='grc' dir='ltr'>είκοσι</span> <span class='ocrx_word' id='word_1_320' title='bbox 686 3059 902 3127; x_wconf 79' lang='grc' dir='ltr'>ἐγένετο</span> <span class='ocrx_word' id='word_1_321' title='bbox 928 3061 1079 3129; x_wconf 85' lang='grc' dir='ltr'><strong>παρὰ</strong></span> <span class='ocrx_word' id='word_1_322' title='bbox 1105 3062 1472 3131; x_wconf 82' lang='grc' dir='ltr'>Σολομῶντος,</span> <span class='ocrx_word' id='word_1_323' title='bbox 1491 3065 1568 3128; x_wconf 87' lang='grc' dir='ltr'>ὼς</span> <span class='ocrx_word' id='word_1_324' title='bbox 1591 3066 1825 3134; x_wconf 80' lang='grc' dir='ltr'>Ἔσδρας</span> 
     </span>
    </p>
   </div>
   <div class='ocr_carea' id='block_1_47' title="bbox 251 3150 1825 3221">
    <p class='ocr_par' dir='ltr' id='par_1_47' title="bbox 251 3150 1825 3221">
     <span class='ocr_line' id='line_1_47' title="bbox 251 3150 1825 3221; baseline 0.006 -20"><span class='ocrx_word' id='word_1_325' title='bbox 251 3150 484 3218; x_wconf 75' lang='grc' dir='ltr'>ἱστορεῖ.</span> <span class='ocrx_word' id='word_1_326' title='bbox 519 3150 629 3202; x_wconf 78' lang='grc' dir='ltr'><strong>Καὶ</strong></span> <span class='ocrx_word' id='word_1_327' title='bbox 669 3154 768 3221; x_wconf 76' lang='grc' dir='ltr'>τὴν</span> <span class='ocrx_word' id='word_1_328' title='bbox 815 3153 1001 3221; x_wconf 83' lang='grc' dir='ltr'>μέντοι</span> <span class='ocrx_word' id='word_1_329' title='bbox 1041 3154 1149 3206; x_wconf 84' lang='grc' dir='ltr'><strong>ἀπὸ</strong></span> <span class='ocrx_word' id='word_1_330' title='bbox 1180 3155 1502 3218; x_wconf 83' lang='grc' dir='ltr'>Βαϐυλῶνος</span> <span class='ocrx_word' id='word_1_331' title='bbox 1548 3157 1660 3209; x_wconf 86' lang='grc' dir='ltr'><strong>τῶν</strong></span> <span class='ocrx_word' id='word_1_332' title='bbox 1695 3159 1825 3209; x_wconf 81' lang='grc' dir='ltr'>Ἰου-</span> 
     </span>
    </p>
   </div>
   <div class='ocr_carea' id='block_1_48' title="bbox 247 3240 1824 3316">
    <p class='ocr_par' dir='ltr' id='par_1_48' title="bbox 247 3240 1824 3316">
     <span class='ocr_line' id='line_1_48' title="bbox 247 3240 1824 3316; baseline 0.004 -22"><span class='ocrx_word' id='word_1_333' title='bbox 247 3240 419 3294; x_wconf 82' lang='grc' dir='ltr'>δαίων</span> <span class='ocrx_word' id='word_1_334' title='bbox 451 3244 730 3308; x_wconf 75' lang='grc' dir='ltr'>ἐπάνοδον,</span> <span class='ocrx_word' id='word_1_335' title='bbox 759 3247 848 3298; x_wconf 78' lang='grc' dir='ltr'>ναὶ</span> <span class='ocrx_word' id='word_1_336' title='bbox 899 3247 1005 3316; x_wconf 84' lang='grc' dir='ltr'>μὴν</span> <span class='ocrx_word' id='word_1_337' title='bbox 1038 3247 1131 3298; x_wconf 73' lang='grc' dir='ltr'>καὶ</span> <span class='ocrx_word' id='word_1_338' title='bbox 1180 3248 1280 3314; x_wconf 82' lang='grc' dir='ltr'><strong>τὴν</strong></span> <span class='ocrx_word' id='word_1_339' title='bbox 1311 3248 1417 3299; x_wconf 87' lang='grc' dir='ltr'><strong>τῶν</strong></span> <span class='ocrx_word' id='word_1_340' title='bbox 1447 3249 1656 3316; x_wconf 81' lang='grc' dir='ltr'>νεκρῶν</span> <span class='ocrx_word' id='word_1_341' title='bbox 1684 3265 1824 3316; x_wconf 85' lang='grc' dir='ltr'>παγ-</span> 
     </span>
    </p>
   </div>
   <div class='ocr_carea' id='block_1_49' title="bbox 251 3335 1828 3410">
    <p class='ocr_par' dir='ltr' id='par_1_49' title="bbox 251 3335 1828 3410">
     <span class='ocr_line' id='line_1_49' title="bbox 251 3335 1828 3410; baseline 0.003 -24"><span class='ocrx_word' id='word_1_342' title='bbox 251 3335 486 3402; x_wconf 85' lang='grc' dir='ltr'>κόσμιον</span> <span class='ocrx_word' id='word_1_343' title='bbox 522 3335 818 3389; x_wconf 81' lang='grc' dir='ltr'>ἀνάστασιν</span> <span class='ocrx_word' id='word_1_344' title='bbox 846 3338 1222 3405; x_wconf 79' lang='grc' dir='ltr'>αἰνιττόμενος</span> <span class='ocrx_word' id='word_1_345' title='bbox 1251 3341 1278 3391; x_wconf 88' lang='lat'><strong>6</strong></span> <span class='ocrx_word' id='word_1_346' title='bbox 1298 3338 1428 3401; x_wconf 84' lang='grc' dir='ltr'>Θεὸς</span> <span class='ocrx_word' id='word_1_347' title='bbox 1469 3339 1716 3403; x_wconf 80' lang='grc' dir='ltr'>ὑπέδειξε</span> <span class='ocrx_word' id='word_1_348' title='bbox 1750 3343 1828 3410; x_wconf 84' lang='grc' dir='ltr'>τῷ</span> 
     </span>
    </p>
   </div>
   <div class='ocr_carea' id='block_1_50' title="bbox 264 3425 1828 3503">
    <p class='ocr_par' dir='ltr' id='par_1_50' title="bbox 264 3425 1828 3503">
     <span class='ocr_line' id='line_1_50' title="bbox 264 3425 1828 3503; baseline 0.004 -24"><span class='ocrx_word' id='word_1_349' title='bbox 264 3425 532 3496; x_wconf 78' lang='grc' dir='ltr'>Ἰεζεκιὴλ</span> <span class='ocrx_word' id='word_1_350' title='bbox 582 3428 763 3480; x_wconf 84' lang='grc' dir='ltr'>πεδίον</span> <span class='ocrx_word' id='word_1_351' title='bbox 817 3428 1026 3497; x_wconf 78' lang='grc' dir='ltr'>πλῆρες</span> <span class='ocrx_word' id='word_1_352' title='bbox 1076 3429 1250 3482; x_wconf 79' lang='grc' dir='ltr'>ὀστῶν</span> <span class='ocrx_word' id='word_1_353' title='bbox 1296 3431 1530 3500; x_wconf 84' lang='grc' dir='ltr'>νεκρῶν,</span> <span class='ocrx_word' id='word_1_354' title='bbox 1567 3431 1602 3485; x_wconf 78' lang='grc' dir='ltr'>ἃ</span> <span class='ocrx_word' id='word_1_355' title='bbox 1651 3451 1828 3503; x_wconf 87' lang='grc' dir='ltr'>παρα-</span> 
     </span>
    </p>
   </div>
   <div class='ocr_carea' id='block_1_51' title="bbox 248 3514 1827 3592">
    <p class='ocr_par' dir='ltr' id='par_1_51' title="bbox 248 3514 1827 3592">
     <span class='ocr_line' id='line_1_51' title="bbox 248 3514 1827 3592; baseline 0.006 -25"><span class='ocrx_word' id='word_1_356' title='bbox 248 3516 423 3579; x_wconf 73' lang='grc' dir='ltr'>δόξως</span> <span class='ocrx_word' id='word_1_357' title='bbox 455 3514 927 3588; x_wconf 69' lang='grc' dir='ltr'>ἑζωογονήθησαν.</span> <span class='ocrx_word' id='word_1_358' title='bbox 965 3520 1032 3571; x_wconf 86' lang='grc' dir='ltr'><strong>Ὀ</strong></span> <span class='ocrx_word' id='word_1_359' title='bbox 1069 3519 1170 3588; x_wconf 87' lang='grc' dir='ltr'>μὲν</span> <span class='ocrx_word' id='word_1_360' title='bbox 1204 3516 1300 3573; x_wconf 73' lang='grc' dir='ltr'><strong>οὖν</strong></span> <span class='ocrx_word' id='word_1_361' title='bbox 1347 3522 1583 3592; x_wconf 85' lang='grc' dir='ltr'>Ἔσδρας</span> <span class='ocrx_word' id='word_1_362' title='bbox 1623 3524 1827 3591; x_wconf 75' lang='grc' dir='ltr'>εὐφυὴς</span> 
     </span>
    </p>
   </div>
   <div class='ocr_carea' id='block_1_52' title="bbox 250 3606 1828 3682">
    <p class='ocr_par' dir='ltr' id='par_1_52' title="bbox 250 3606 1828 3682">
     <span class='ocr_line' id='line_1_52' title="bbox 250 3606 1828 3682; baseline 0.004 -22"><span class='ocrx_word' id='word_1_363' title='bbox 250 3606 329 3660; x_wconf 82' lang='grc' dir='ltr'>ὢν</span> <span class='ocrx_word' id='word_1_364' title='bbox 384 3610 722 3678; x_wconf 81' lang='grc' dir='ltr'>προεκόμισε</span> <span class='ocrx_word' id='word_1_365' title='bbox 775 3611 893 3663; x_wconf 87' lang='grc' dir='ltr'>τότε</span> <span class='ocrx_word' id='word_1_366' title='bbox 941 3610 1030 3664; x_wconf 82' lang='grc' dir='ltr'><strong>τὸν</strong></span> <span class='ocrx_word' id='word_1_367' title='bbox 1089 3612 1274 3680; x_wconf 87' lang='grc' dir='ltr'>νόμον,</span> <span class='ocrx_word' id='word_1_368' title='bbox 1325 3615 1418 3665; x_wconf 74' lang='grc' dir='ltr'>καὶ</span> <span class='ocrx_word' id='word_1_369' title='bbox 1470 3615 1702 3682; x_wconf 81' lang='grc' dir='ltr'>ἀνέγνω,</span> <span class='ocrx_word' id='word_1_370' title='bbox 1734 3617 1828 3667; x_wconf 79' lang='grc' dir='ltr'>καὶ</span> 
     </span>
    </p>
   </div>
   <div class='ocr_carea' id='block_1_53' title="bbox 249 3695 1829 3770">
    <p class='ocr_par' dir='ltr' id='par_1_53' title="bbox 249 3695 1829 3770">
     <span class='ocr_line' id='line_1_53' title="bbox 249 3695 1829 3770; baseline 0.004 -23"><span class='ocrx_word' id='word_1_371' title='bbox 249 3695 581 3748; x_wconf 69' lang='grc' dir='ltr'>ὑπετύπωσε</span> <span class='ocrx_word' id='word_1_372' title='bbox 624 3697 803 3749; x_wconf 77' lang='grc' dir='ltr'>πάντα</span> <span class='ocrx_word' id='word_1_373' title='bbox 854 3698 924 3750; x_wconf 83' lang='grc' dir='ltr'>τὰ</span> <span class='ocrx_word' id='word_1_374' title='bbox 972 3697 1115 3751; x_wconf 83' lang='grc' dir='ltr'>κατὰ</span> <span class='ocrx_word' id='word_1_375' title='bbox 1149 3699 1209 3750; x_wconf 76' lang='grc' dir='ltr'>τὸ</span> <span class='ocrx_word' id='word_1_376' title='bbox 1248 3700 1415 3770; x_wconf 69' lang='grc' dir='ltr'>ίερδν,</span> <span class='ocrx_word' id='word_1_377' title='bbox 1449 3701 1541 3754; x_wconf 76' lang='grc' dir='ltr'>καὶ</span> <span class='ocrx_word' id='word_1_378' title='bbox 1576 3703 1702 3764; x_wconf 70' lang='grc' dir='ltr'>τοὺς</span> <span class='ocrx_word' id='word_1_379' title='bbox 1734 3702 1829 3753; x_wconf 85' lang='grc' dir='ltr'>λα-</span> 
     </span>
    </p>
   </div>
   <div class='ocr_carea' id='block_1_54' title="bbox 250 3787 1828 3862">
    <p class='ocr_par' dir='ltr' id='par_1_54' title="bbox 250 3787 1828 3862">
     <span class='ocr_line' id='line_1_54' title="bbox 250 3787 1828 3862; baseline 0.005 -24"><span class='ocrx_word' id='word_1_380' title='bbox 250 3787 448 3849; x_wconf 80' lang='grc' dir='ltr'>ϐόντας</span> <span class='ocrx_word' id='word_1_381' title='bbox 508 3789 818 3855; x_wconf 84' lang='grc' dir='ltr'>ἁλλογενεῖς</span> <span class='ocrx_word' id='word_1_382' title='bbox 884 3793 1153 3856; x_wconf 83' lang='grc' dir='ltr'>γυναῖκας</span> <span class='ocrx_word' id='word_1_383' title='bbox 1216 3793 1274 3844; x_wconf 76' lang='grc' dir='ltr'>ἐν</span> <span class='ocrx_word' id='word_1_384' title='bbox 1341 3792 1421 3860; x_wconf 86' lang='grc' dir='ltr'>τῷ</span> <span class='ocrx_word' id='word_1_385' title='bbox 1489 3793 1666 3862; x_wconf 79' lang='grc' dir='ltr'>καιρῴ</span> <span class='ocrx_word' id='word_1_386' title='bbox 1727 3795 1828 3862; x_wconf 82' lang='grc' dir='ltr'><strong>τῆς</strong></span> 
     </span>
    </p>
   </div>
   <div class='ocr_carea' id='block_1_55' title="bbox 250 3880 1828 3951">
    <p class='ocr_par' dir='ltr' id='par_1_55' title="bbox 250 3880 1828 3951">
     <span class='ocr_line' id='line_1_55' title="bbox 250 3880 1828 3951; baseline 0.003 -18"><span class='ocrx_word' id='word_1_387' title='bbox 250 3880 634 3948; x_wconf 72' lang='grc' dir='ltr'>αίχμαλωσίας</span> <span class='ocrx_word' id='word_1_388' title='bbox 677 3881 928 3933; x_wconf 80' lang='grc' dir='ltr'>ἐκϐαλεῖν</span> <span class='ocrx_word' id='word_1_389' title='bbox 973 3882 1262 3951; x_wconf 84' lang='grc' dir='ltr'>πεποίηκε.</span> <span class='ocrx_word' id='word_1_390' title='bbox 1305 3885 1416 3936; x_wconf 78' lang='grc' dir='ltr'><strong>Καὶ</strong></span> <span class='ocrx_word' id='word_1_391' title='bbox 1450 3885 1593 3938; x_wconf 73' lang='grc' dir='ltr'>οὕτω</span> <span class='ocrx_word' id='word_1_392' title='bbox 1626 3885 1828 3948; x_wconf 78' lang='grc' dir='ltr'>πάντες</span> 
     </span>
    </p>
   </div>
   <div class='ocr_carea' id='block_1_56' title="bbox 251 3973 1827 4046">
    <p class='ocr_par' dir='ltr' id='par_1_56' title="bbox 251 3973 1827 4046">
     <span class='ocr_line' id='line_1_56' title="bbox 251 3973 1827 4046; baseline 0.004 -20"><span class='ocrx_word' id='word_1_393' title='bbox 251 3973 685 4043; x_wconf 82' lang='grc' dir='ltr'>καθαρισθέντες</span> <span class='ocrx_word' id='word_1_394' title='bbox 709 3976 972 4045; x_wconf 78' lang='grc' dir='ltr'>ἐποίησαν</span> <span class='ocrx_word' id='word_1_395' title='bbox 999 3976 1059 4028; x_wconf 81' lang='grc' dir='ltr'><strong>τὸ</strong></span> <span class='ocrx_word' id='word_1_396' title='bbox 1094 3977 1306 4046; x_wconf 82' lang='grc' dir='ltr'>Πάσχα.</span> <span class='ocrx_word' id='word_1_397' title='bbox 1360 3977 1519 4031; x_wconf 71' lang='grc' dir='ltr'>Ἀλλὰ</span> <span class='ocrx_word' id='word_1_398' title='bbox 1552 3980 1645 4032; x_wconf 70' lang='grc' dir='ltr'><strong>καὶ</strong></span> <span class='ocrx_word' id='word_1_399' title='bbox 1673 3978 1827 4042; x_wconf 82' lang='grc' dir='ltr'>αὖθις</span> 
     </span>
    </p>
   </div>
   <div class='ocr_carea' id='block_1_57' title="bbox 250 4065 1828 4138">
    <p class='ocr_par' dir='ltr' id='par_1_57' title="bbox 250 4065 1828 4138">
     <span class='ocr_line' id='line_1_57' title="bbox 250 4065 1828 4138; baseline 0.003 -22"><span class='ocrx_word' id='word_1_400' title='bbox 250 4068 524 4132; x_wconf 81' lang='grc' dir='ltr'>γυναῖκας</span> <span class='ocrx_word' id='word_1_401' title='bbox 563 4065 824 4134; x_wconf 81' lang='grc' dir='ltr'>ἑωρακὼς</span> <span class='ocrx_word' id='word_1_402' title='bbox 868 4067 1165 4130; x_wconf 76' lang='grc' dir='ltr'>Ἀζωτίους</span> <span class='ocrx_word' id='word_1_403' title='bbox 1225 4068 1502 4137; x_wconf 87' lang='grc' dir='ltr'>Ἑϐραίοις</span> <span class='ocrx_word' id='word_1_404' title='bbox 1552 4069 1828 4138; x_wconf 81' lang='grc' dir='ltr'>ὲπιμιγεί-</span> 
     </span>
    </p>
   </div>
   <div class='ocr_carea' id='block_1_58' title="bbox 251 4155 1827 4225">
    <p class='ocr_par' dir='ltr' id='par_1_58' title="bbox 251 4155 1827 4225">
     <span class='ocr_line' id='line_1_58' title="bbox 251 4155 1827 4225; baseline 0.002 -17"><span class='ocrx_word' id='word_1_405' title='bbox 251 4172 378 4220; x_wconf 89' lang='grc' dir='ltr'>σας,</span> <span class='ocrx_word' id='word_1_406' title='bbox 412 4157 508 4209; x_wconf 75' lang='grc' dir='ltr'><strong>καὶ</strong></span> <span class='ocrx_word' id='word_1_407' title='bbox 542 4155 839 4225; x_wconf 75' lang='grc' dir='ltr'>θρηνήσας,</span> <span class='ocrx_word' id='word_1_408' title='bbox 873 4157 1061 4209; x_wconf 78' lang='grc' dir='ltr'>ἔπεισε</span> <span class='ocrx_word' id='word_1_409' title='bbox 1095 4158 1186 4209; x_wconf 70' lang='grc' dir='ltr'>τὸν</span> <span class='ocrx_word' id='word_1_410' title='bbox 1229 4157 1355 4209; x_wconf 74' lang='grc' dir='ltr'>λαὸν</span> <span class='ocrx_word' id='word_1_411' title='bbox 1410 4159 1618 4220; x_wconf 80' lang='grc' dir='ltr'>ταύτας</span> <span class='ocrx_word' id='word_1_412' title='bbox 1659 4160 1827 4211; x_wconf 79' lang='grc' dir='ltr'>ἐκϐα-</span> 
     </span>
    </p>
   </div>
   <div class='ocr_carea' id='block_1_59' title="bbox 249 4245 1824 4317">
    <p class='ocr_par' dir='ltr' id='par_1_59' title="bbox 249 4245 1824 4317">
     <span class='ocr_line' id='line_1_59' title="bbox 249 4245 1824 4317; baseline 0.003 -20"><span class='ocrx_word' id='word_1_413' title='bbox 249 4246 370 4297; x_wconf 74' lang='grc' dir='ltr'>λεῖ-ι</span> <span class='ocrx_word' id='word_1_414' title='bbox 415 4245 489 4308; x_wconf 89' lang='grc' dir='ltr'><strong>ώς</strong></span> <span class='ocrx_word' id='word_1_415' title='bbox 529 4247 707 4314; x_wconf 78' lang='grc' dir='ltr'>γάμον</span> <span class='ocrx_word' id='word_1_416' title='bbox 761 4249 1100 4316; x_wconf 77' lang='grc' dir='ltr'>παράνομον.</span> <span class='ocrx_word' id='word_1_417' title='bbox 1135 4250 1372 4316; x_wconf 80' lang='grc' dir='ltr'>Λέγεται</span> <span class='ocrx_word' id='word_1_418' title='bbox 1399 4249 1455 4301; x_wconf 78' lang='grc' dir='ltr'>δὲ</span> <span class='ocrx_word' id='word_1_419' title='bbox 1503 4250 1598 4303; x_wconf 76' lang='grc' dir='ltr'>καὶ</span> <span class='ocrx_word' id='word_1_420' title='bbox 1644 4250 1824 4317; x_wconf 84' lang='grc' dir='ltr'>τοῦτο,</span> 
     </span>
    </p>
   </div>
   <div class='ocr_carea' id='block_1_60' title="bbox 250 4334 1826 4410">
    <p class='ocr_par' dir='ltr' id='par_1_60' title="bbox 250 4334 1826 4410">
     <span class='ocr_line' id='line_1_60' title="bbox 250 4334 1826 4410; baseline 0.003 -20"><span class='ocrx_word' id='word_1_421' title='bbox 250 4340 330 4399; x_wconf 82' lang='grc' dir='ltr'>ὡς</span> <span class='ocrx_word' id='word_1_422' title='bbox 357 4338 404 4389; x_wconf 79' lang='grc' dir='ltr'>εἰ</span> <span class='ocrx_word' id='word_1_423' title='bbox 435 4339 510 4406; x_wconf 81' lang='grc' dir='ltr'>μὴ</span> <span class='ocrx_word' id='word_1_424' title='bbox 539 4334 606 4406; x_wconf 81' lang='grc' dir='ltr'>ἦν</span> <span class='ocrx_word' id='word_1_425' title='bbox 635 4338 664 4390; x_wconf 89' lang='lat'><strong>6</strong></span> <span class='ocrx_word' id='word_1_426' title='bbox 686 4339 943 4407; x_wconf 81' lang='grc' dir='ltr'>Ἔσδρας,</span> <span class='ocrx_word' id='word_1_427' title='bbox 967 4341 1066 4392; x_wconf 77' lang='grc' dir='ltr'>οὐκ</span> <span class='ocrx_word' id='word_1_428' title='bbox 1089 4339 1155 4392; x_wconf 84' lang='grc' dir='ltr'>ἂν</span> <span class='ocrx_word' id='word_1_429' title='bbox 1181 4341 1302 4392; x_wconf 77' lang='grc' dir='ltr'>οὐδὲ</span> <span class='ocrx_word' id='word_1_430' title='bbox 1329 4339 1387 4392; x_wconf 82' lang='grc' dir='ltr'>ἓν</span> <span class='ocrx_word' id='word_1_431' title='bbox 1417 4341 1624 4410; x_wconf 83' lang='grc' dir='ltr'>βιϐλίον</span> <span class='ocrx_word' id='word_1_432' title='bbox 1647 4341 1736 4394; x_wconf 82' lang='grc' dir='ltr'>διὰ.</span> <span class='ocrx_word' id='word_1_433' title='bbox 1761 4359 1826 4409; x_wconf 90' lang='grc' dir='ltr'><strong>γε</strong></span> 
     </span>
    </p>
   </div>
   <div class='ocr_carea' id='block_1_61' title="bbox 252 4429 1828 4503">
    <p class='ocr_par' dir='ltr' id='par_1_61' title="bbox 252 4429 1828 4503">
     <span class='ocr_line' id='line_1_61' title="bbox 252 4429 1828 4503; baseline 0.004 -23"><span class='ocrx_word' id='word_1_434' title='bbox 252 4429 354 4499; x_wconf 79' lang='grc' dir='ltr'>τὴν</span> <span class='ocrx_word' id='word_1_435' title='bbox 393 4431 503 4481; x_wconf 86' lang='grc' dir='ltr'><strong>τών</strong></span> <span class='ocrx_word' id='word_1_436' title='bbox 555 4429 829 4483; x_wconf 81' lang='grc' dir='ltr'>Ἰουδαίων</span> <span class='ocrx_word' id='word_1_437' title='bbox 891 4431 1163 4501; x_wconf 70' lang='grc' dir='ltr'>ρᾳθυμίαν</span> <span class='ocrx_word' id='word_1_438' title='bbox 1194 4433 1288 4485; x_wconf 80' lang='grc' dir='ltr'><strong>καὶ</strong></span> <span class='ocrx_word' id='word_1_439' title='bbox 1333 4433 1431 4502; x_wconf 79' lang='grc' dir='ltr'><strong>τὴν</strong></span> <span class='ocrx_word' id='word_1_440' title='bbox 1469 4432 1828 4503; x_wconf 76' lang='grc' dir='ltr'>πολυχρόνιον</span> 
     </span>
    </p>
   </div>
   <div class='ocr_carea' id='block_1_62' title="bbox 1925 1979 3489 2051">
    <p class='ocr_par' dir='ltr' id='par_1_62' title="bbox 1925 1979 3489 2051">
     <span class='ocr_line' id='line_1_62' title="bbox 1925 1979 3489 2051; baseline 0.003 -21"><span class='ocrx_word' id='word_1_441' title='bbox 1925 1987 2176 2032; x_wconf 83' lang='lat' dir='ltr'><strong>testatem</strong></span> <span class='ocrx_word' id='word_1_442' title='bbox 2222 1979 2444 2033; x_wconf 84' lang='lat' dir='ltr'><strong>haberet</strong></span> <span class='ocrx_word' id='word_1_443' title='bbox 2493 1996 2521 2032; x_wconf 88' lang='lat' dir='ltr'><strong>a</strong></span> <span class='ocrx_word' id='word_1_444' title='bbox 2575 1995 2700 2050; x_wconf 78' lang='lat' dir='ltr'><strong>rege</strong></span> <span class='ocrx_word' id='word_1_445' title='bbox 2747 1981 2970 2051; x_wconf 84' lang='lat' dir='ltr'><strong>petendi</strong></span> <span class='ocrx_word' id='word_1_446' title='bbox 3010 1982 3270 2051; x_wconf 81' lang='lat' dir='ltr'><strong>quidquid</strong></span> <span class='ocrx_word' id='word_1_447' title='bbox 3306 1981 3489 2035; x_wconf 89' lang='lat' dir='ltr'><strong>vellet.</strong></span> 
     </span>
    </p>
   </div>
   <div class='ocr_carea' id='block_1_63' title="bbox 1920 2070 3494 2138">
    <p class='ocr_par' dir='ltr' id='par_1_63' title="bbox 1920 2070 3494 2138">
     <span class='ocr_line' id='line_1_63' title="bbox 1920 2070 3494 2138; baseline 0.002 -13"><span class='ocrx_word' id='word_1_448' title='bbox 1920 2070 2056 2125; x_wconf 89' lang='lat' dir='ltr'><strong>Cum</strong></span> <span class='ocrx_word' id='word_1_449' title='bbox 2089 2071 2254 2138; x_wconf 85' lang='lat' dir='ltr'><strong>igitur</strong></span> <span class='ocrx_word' id='word_1_450' title='bbox 2286 2086 2428 2125; x_wconf 89' lang='lat' dir='ltr'><strong>unus</strong></span> <span class='ocrx_word' id='word_1_451' title='bbox 2463 2073 2690 2125; x_wconf 76' lang='lat' dir='ltr'><strong>dixisset</strong></span> <span class='ocrx_word' id='word_1_452' title='bbox 2723 2074 2944 2126; x_wconf 75' lang='lat' dir='ltr'><strong>vincere</strong></span> <span class='ocrx_word' id='word_1_453' title='bbox 2980 2075 3189 2132; x_wconf 87' lang='lat' dir='ltr'><strong>vinum.</strong></span> <span class='ocrx_word' id='word_1_454' title='bbox 3222 2075 3359 2129; x_wconf 87' lang='lat' dir='ltr'><strong>alter</strong></span> <span class='ocrx_word' id='word_1_455' title='bbox 3405 2091 3494 2128; x_wconf 87' lang='lat' dir='ltr'><strong>re-</strong></span> 
     </span>
    </p>
   </div>
   <div class='ocr_carea' id='block_1_64' title="bbox 1922 2158 3493 2231">
    <p class='ocr_par' dir='ltr' id='par_1_64' title="bbox 1922 2158 3493 2231">
     <span class='ocr_line' id='line_1_64' title="bbox 1922 2158 3493 2231; baseline 0.001 -19"><span class='ocrx_word' id='word_1_456' title='bbox 1922 2176 2067 2231; x_wconf 78' lang='lat' dir='ltr'><strong>gem,</strong></span> <span class='ocrx_word' id='word_1_457' title='bbox 2121 2158 2496 2215; x_wconf 81' lang='lat' dir='ltr'><strong>Zorobabelus</strong></span> <span class='ocrx_word' id='word_1_458' title='bbox 2549 2159 2781 2213; x_wconf 81' lang='lat' dir='ltr'><strong>feminas</strong></span> <span class='ocrx_word' id='word_1_459' title='bbox 2829 2161 3050 2214; x_wconf 75' lang='lat' dir='ltr'><strong>vincere</strong></span> <span class='ocrx_word' id='word_1_460' title='bbox 3107 2161 3314 2221; x_wconf 87' lang='lat' dir='ltr'><strong>statuit,</strong></span> <span class='ocrx_word' id='word_1_461' title='bbox 3367 2170 3493 2214; x_wconf 80' lang='lat' dir='ltr'><strong>ante</strong></span> 
     </span>
    </p>
   </div>
   <div class='ocr_carea' id='block_1_65' title="bbox 1921 2250 3492 2320">
    <p class='ocr_par' dir='ltr' id='par_1_65' title="bbox 1921 2250 3492 2320">
     <span class='ocr_line' id='line_1_65' title="bbox 1921 2250 3492 2320; baseline -0.001 -17"><span class='ocrx_word' id='word_1_462' title='bbox 1921 2255 2102 2305; x_wconf 83' lang='lat' dir='ltr'><strong>omnia</strong></span> <span class='ocrx_word' id='word_1_463' title='bbox 2128 2265 2259 2304; x_wconf 86' lang='lat' dir='ltr'><strong>vero</strong></span> <span class='ocrx_word' id='word_1_464' title='bbox 2282 2251 2586 2306; x_wconf 79' lang='lat' dir='ltr'><strong>veritatem.</strong></span> <span class='ocrx_word' id='word_1_465' title='bbox 2611 2250 2766 2316; x_wconf 87' lang='lat' dir='ltr'><strong>Quod</strong></span> <span class='ocrx_word' id='word_1_466' title='bbox 2790 2252 3010 2304; x_wconf 80' lang='lat' dir='ltr'><strong>verbum</strong></span> <span class='ocrx_word' id='word_1_467' title='bbox 3036 2251 3125 2304; x_wconf 92' lang='lat' dir='ltr'><strong>ubi</strong></span> <span class='ocrx_word' id='word_1_468' title='bbox 3158 2251 3492 2320; x_wconf 86' lang='lat' dir='ltr'><strong>protulisset,</strong></span> 
     </span>
    </p>
   </div>
   <div class='ocr_carea' id='block_1_66' title="bbox 1923 2341 3494 2410">
    <p class='ocr_par' dir='ltr' id='par_1_66' title="bbox 1923 2341 3494 2410">
     <span class='ocr_line' id='line_1_66' title="bbox 1923 2341 3494 2410; baseline 0.001 -16"><span class='ocrx_word' id='word_1_469' title='bbox 1923 2341 2209 2394; x_wconf 89' lang='lat' dir='ltr'><strong>victoriam</strong></span> <span class='ocrx_word' id='word_1_470' title='bbox 2238 2341 2452 2395; x_wconf 75' lang='lat' dir='ltr'><strong>cteteris</strong></span> <span class='ocrx_word' id='word_1_471' title='bbox 2476 2341 2681 2410; x_wconf 85' lang='lat' dir='ltr'><strong>eripuit</strong></span> <span class='ocrx_word' id='word_1_472' title='bbox 2705 2349 3001 2409; x_wconf 89' lang='lat' dir='ltr'><strong>peterequc</strong></span> <span class='ocrx_word' id='word_1_473' title='bbox 3024 2341 3211 2409; x_wconf 83' lang='lat' dir='ltr'><strong>jussus</strong></span> <span class='ocrx_word' id='word_1_474' title='bbox 3238 2352 3321 2395; x_wconf 89' lang='lat' dir='ltr'><strong>est</strong></span> <span class='ocrx_word' id='word_1_475' title='bbox 3351 2343 3494 2410; x_wconf 89' lang='lat' dir='ltr'><strong>quod</strong></span> 
     </span>
    </p>
   </div>
   <div class='ocr_carea' id='block_1_67' title="bbox 1865 2431 3494 2500">
    <p class='ocr_par' dir='ltr' id='par_1_67' title="bbox 1865 2431 3494 2500">
     <span class='ocr_line' id='line_1_67' title="bbox 1865 2431 3494 2500; baseline 0.002 -20"><span class='ocrx_word' id='word_1_476' title='bbox 1865 2475 1870 2480; x_wconf 90' lang='lat'><strong>.</strong></span> <span class='ocrx_word' id='word_1_477' title='bbox 1923 2432 2206 2486; x_wconf 89' lang='lat' dir='ltr'><strong>libuisset.</strong></span> <span class='ocrx_word' id='word_1_478' title='bbox 2245 2431 2406 2500; x_wconf 82' lang='lat'><strong>199</strong></span> <span class='ocrx_word' id='word_1_479' title='bbox 2437 2431 2573 2485; x_wconf 86' lang='lat' dir='ltr'><strong>Tum</strong></span> <span class='ocrx_word' id='word_1_480' title='bbox 2606 2432 2695 2485; x_wconf 85' lang='lat' dir='ltr'><strong>ille</strong></span> <span class='ocrx_word' id='word_1_481' title='bbox 2727 2433 3003 2485; x_wconf 88' lang='lat' dir='ltr'><strong>nationem</strong></span> <span class='ocrx_word' id='word_1_482' title='bbox 3044 2446 3195 2484; x_wconf 89' lang='lat' dir='ltr'><strong>suam</strong></span> <span class='ocrx_word' id='word_1_483' title='bbox 3225 2434 3494 2500; x_wconf 80' lang='lat' dir='ltr'><strong>captivan</strong></span> 
     </span>
    </p>
   </div>
   <div class='ocr_carea' id='block_1_68' title="bbox 1925 2523 3496 2592">
    <p class='ocr_par' dir='ltr' id='par_1_68' title="bbox 1925 2523 3496 2592">
     <span class='ocr_line' id='line_1_68' title="bbox 1925 2523 3496 2592; baseline 0.001 -16"><span class='ocrx_word' id='word_1_484' title='bbox 1925 2523 1979 2576; x_wconf 92' lang='lat' dir='ltr'><strong>in</strong></span> <span class='ocrx_word' id='word_1_485' title='bbox 2031 2524 2340 2577; x_wconf 86' lang='lat' dir='ltr'><strong>libertatem</strong></span> <span class='ocrx_word' id='word_1_486' title='bbox 2377 2523 2592 2578; x_wconf 87' lang='lat' dir='ltr'><strong>restitui</strong></span> <span class='ocrx_word' id='word_1_487' title='bbox 2648 2524 2965 2592; x_wconf 78' lang='lat' dir='ltr'><strong>postulavit,</strong></span> <span class='ocrx_word' id='word_1_488' title='bbox 3013 2523 3179 2592; x_wconf 88' lang='lat' dir='ltr'><strong>idque</strong></span> <span class='ocrx_word' id='word_1_489' title='bbox 3231 2524 3496 2577; x_wconf 87' lang='lat' dir='ltr'><strong>continue</strong></span> 
     </span>
    </p>
   </div>
   <div class='ocr_carea' id='block_1_69' title="bbox 1923 2612 3498 2682">
    <p class='ocr_par' dir='ltr' id='par_1_69' title="bbox 1923 2612 3498 2682">
     <span class='ocr_line' id='line_1_69' title="bbox 1923 2612 3498 2682; baseline 0 -14"><span class='ocrx_word' id='word_1_490' title='bbox 1923 2613 2131 2668; x_wconf 87' lang='lat' dir='ltr'><strong>factum</strong></span> <span class='ocrx_word' id='word_1_491' title='bbox 2164 2623 2285 2669; x_wconf 79' lang='lat' dir='ltr'><strong>est:</strong></span> <span class='ocrx_word' id='word_1_492' title='bbox 2323 2612 2525 2682; x_wconf 87' lang='lat' dir='ltr'><strong>quippe</strong></span> <span class='ocrx_word' id='word_1_493' title='bbox 2571 2621 2682 2667; x_wconf 89' lang='lat' dir='ltr'><strong>tum</strong></span> <span class='ocrx_word' id='word_1_494' title='bbox 2724 2613 2886 2672; x_wconf 80' lang='lat' dir='ltr'><strong>etiam</strong></span> <span class='ocrx_word' id='word_1_495' title='bbox 2919 2612 2983 2666; x_wconf 81' lang='lat'><strong>70</strong></span> <span class='ocrx_word' id='word_1_496' title='bbox 3015 2613 3090 2665; x_wconf 87' lang='lat' dir='ltr'><strong>illi</strong></span> <span class='ocrx_word' id='word_1_497' title='bbox 3131 2614 3256 2666; x_wconf 89' lang='lat' dir='ltr'><strong>anni</strong></span> <span class='ocrx_word' id='word_1_498' title='bbox 3298 2614 3498 2668; x_wconf 70' lang='lat' dir='ltr'><strong>divinae</strong></span> 
     </span>
    </p>
   </div>
   <div class='ocr_carea' id='block_1_70' title="bbox 1924 2703 3498 2774">
    <p class='ocr_par' dir='ltr' id='par_1_70' title="bbox 1924 2703 3498 2774">
     <span class='ocr_line' id='line_1_70' title="bbox 1924 2703 3498 2774; baseline 0.001 -16"><span class='ocrx_word' id='word_1_499' title='bbox 1924 2706 2019 2759; x_wconf 71' lang='lat' dir='ltr'><strong>irae</strong></span> <span class='ocrx_word' id='word_1_500' title='bbox 2067 2703 2323 2773; x_wconf 86' lang='lat' dir='ltr'><strong>completi</strong></span> <span class='ocrx_word' id='word_1_501' title='bbox 2368 2710 2545 2757; x_wconf 87' lang='lat' dir='ltr'><strong>erant.</strong></span> <span class='ocrx_word' id='word_1_502' title='bbox 2598 2703 2968 2756; x_wconf 79' lang='lat' dir='ltr'><strong>Exstruebant</strong></span> <span class='ocrx_word' id='word_1_503' title='bbox 3011 2711 3188 2756; x_wconf 87' lang='lat' dir='ltr'><strong>autem</strong></span> <span class='ocrx_word' id='word_1_504' title='bbox 3235 2703 3498 2774; x_wconf 83' lang='lat' dir='ltr'><strong>deinceps</strong></span> 
     </span>
    </p>
   </div>
   <div class='ocr_carea' id='block_1_71' title="bbox 1925 2793 3496 2863">
    <p class='ocr_par' dir='ltr' id='par_1_71' title="bbox 1925 2793 3496 2863">
     <span class='ocr_line' id='line_1_71' title="bbox 1925 2793 3496 2863; baseline -0.001 -14"><span class='ocrx_word' id='word_1_505' title='bbox 1925 2794 2479 2863; x_wconf 79' lang='lat' dir='ltr'><strong>llierosolymitanum</strong></span> <span class='ocrx_word' id='word_1_506' title='bbox 2533 2793 2795 2860; x_wconf 85' lang='lat' dir='ltr'><strong>templum</strong></span> <span class='ocrx_word' id='word_1_507' title='bbox 2833 2793 3202 2846; x_wconf 86' lang='lat' dir='ltr'><strong>Zorobabelus</strong></span> <span class='ocrx_word' id='word_1_508' title='bbox 3250 2804 3305 2846; x_wconf 87' lang='lat' dir='ltr'><strong>et</strong></span> <span class='ocrx_word' id='word_1_509' title='bbox 3336 2795 3496 2848; x_wconf 82' lang='lat' dir='ltr'><strong>Jesus</strong></span> 
     </span>
    </p>
   </div>
   <div class='ocr_carea' id='block_1_72' title="bbox 1923 2881 3498 2951">
    <p class='ocr_par' dir='ltr' id='par_1_72' title="bbox 1923 2881 3498 2951">
     <span class='ocr_line' id='line_1_72' title="bbox 1923 2881 3498 2951; baseline -0.004 -10"><span class='ocrx_word' id='word_1_510' title='bbox 1923 2884 2174 2941; x_wconf 79' lang='lat' dir='ltr'><strong>Joscdeci</strong></span> <span class='ocrx_word' id='word_1_511' title='bbox 2196 2883 2359 2949; x_wconf 81' lang='lat' dir='ltr'><strong>ﬁlius,</strong></span> <span class='ocrx_word' id='word_1_512' title='bbox 2376 2896 2554 2951; x_wconf 83' lang='lat' dir='ltr'><strong>neque</strong></span> <span class='ocrx_word' id='word_1_513' title='bbox 2583 2881 2770 2951; x_wconf 84' lang='lat' dir='ltr'><strong>perlici</strong></span> <span class='ocrx_word' id='word_1_514' title='bbox 2801 2882 3038 2936; x_wconf 86' lang='lat' dir='ltr'><strong>secunda</strong></span> <span class='ocrx_word' id='word_1_515' title='bbox 3060 2882 3205 2936; x_wconf 67' lang='lat' dir='ltr'><strong>istaec.</strong></span> <span class='ocrx_word' id='word_1_516' title='bbox 3223 2892 3498 2936; x_wconf 87' lang='lat' dir='ltr'><strong>structura</strong></span> 
     </span>
    </p>
   </div>
   <div class='ocr_carea' id='block_1_73' title="bbox 1925 2972 3499 3046">
    <p class='ocr_par' dir='ltr' id='par_1_73' title="bbox 1925 2972 3499 3046">
     <span class='ocr_line' id='line_1_73' title="bbox 1925 2972 3499 3046; baseline -0.003 -16"><span class='ocrx_word' id='word_1_517' title='bbox 1925 2976 2103 3046; x_wconf 90' lang='lat' dir='ltr'><strong>potuit</strong></span> <span class='ocrx_word' id='word_1_518' title='bbox 2131 2983 2258 3029; x_wconf 88' lang='lat' dir='ltr'><strong>ante</strong></span> <span class='ocrx_word' id='word_1_519' title='bbox 2291 2988 2496 3028; x_wconf 88' lang='lat' dir='ltr'><strong>annum</strong></span> <span class='ocrx_word' id='word_1_520' title='bbox 2524 2972 2996 3042; x_wconf 77' lang='lat' dir='ltr'><strong>quadragesimum</strong></span> <span class='ocrx_word' id='word_1_521' title='bbox 3023 2982 3258 3037; x_wconf 77' lang='lat' dir='ltr'><strong>sextum,</strong></span> <span class='ocrx_word' id='word_1_522' title='bbox 3292 2974 3434 3040; x_wconf 89' lang='lat' dir='ltr'><strong>quod</strong></span> <span class='ocrx_word' id='word_1_523' title='bbox 3466 2988 3499 3026; x_wconf 71' lang='grc' dir='ltr'>τι</span> 
     </span>
    </p>
   </div>
   <div class='ocr_carea' id='block_1_74' title="bbox 1931 3062 3500 3136">
    <p class='ocr_par' dir='ltr' id='par_1_74' title="bbox 1931 3062 3500 3136">
     <span class='ocr_line' id='line_1_74' title="bbox 1931 3062 3500 3136; baseline -0.003 -16"><span class='ocrx_word' id='word_1_524' title='bbox 1931 3067 2175 3122; x_wconf 81' lang='lat' dir='ltr'><strong>ﬁnitimis</strong></span> <span class='ocrx_word' id='word_1_525' title='bbox 2221 3065 2536 3119; x_wconf 86' lang='lat' dir='ltr'><strong>nationibus</strong></span> <span class='ocrx_word' id='word_1_526' title='bbox 2586 3062 2963 3136; x_wconf 84' lang='lat' dir='ltr'><strong>impediretur.</strong></span> <span class='ocrx_word' id='word_1_527' title='bbox 3014 3063 3168 3115; x_wconf 86' lang='lat' dir='ltr'><strong>Prior</strong></span> <span class='ocrx_word' id='word_1_528' title='bbox 3194 3077 3323 3116; x_wconf 86' lang='lat' dir='ltr'><strong>vero</strong></span> <span class='ocrx_word' id='word_1_529' title='bbox 3357 3062 3500 3116; x_wconf 88' lang='lat' dir='ltr'><strong>intra</strong></span> 
     </span>
    </p>
   </div>
   <div class='ocr_carea' id='block_1_75' title="bbox 1927 3151 3503 3216">
    <p class='ocr_par' dir='ltr' id='par_1_75' title="bbox 1927 3151 3503 3216">
     <span class='ocr_line' id='line_1_75' title="bbox 1927 3151 3503 3216; baseline -0.003 -6"><span class='ocrx_word' id='word_1_530' title='bbox 1927 3158 2245 3212; x_wconf 86' lang='lat' dir='ltr'><strong>vicesimum</strong></span> <span class='ocrx_word' id='word_1_531' title='bbox 2278 3171 2481 3209; x_wconf 88' lang='lat' dir='ltr'><strong>annum</strong></span> <span class='ocrx_word' id='word_1_532' title='bbox 2515 3171 2545 3208; x_wconf 77' lang='grc' dir='ltr'><strong>ιι</strong></span> <span class='ocrx_word' id='word_1_533' title='bbox 2581 3154 2874 3208; x_wconf 88' lang='lat' dir='ltr'><strong>Solomone</strong></span> <span class='ocrx_word' id='word_1_534' title='bbox 2915 3152 3161 3205; x_wconf 85' lang='lat' dir='ltr'><strong>absoluta</strong></span> <span class='ocrx_word' id='word_1_535' title='bbox 3212 3151 3408 3216; x_wconf 83' lang='lat' dir='ltr'><strong>fuerat,</strong></span> <span class='ocrx_word' id='word_1_536' title='bbox 3443 3161 3503 3206; x_wconf 88' lang='lat' dir='ltr'><strong>ut</strong></span> 
     </span>
    </p>
   </div>
   <div class='ocr_carea' id='block_1_76' title="bbox 1929 3244 3501 3313">
    <p class='ocr_par' dir='ltr' id='par_1_76' title="bbox 1929 3244 3501 3313">
     <span class='ocr_line' id='line_1_76' title="bbox 1929 3244 3501 3313; baseline -0.003 -10"><span class='ocrx_word' id='word_1_537' title='bbox 1929 3249 2130 3303; x_wconf 83' lang='lat' dir='ltr'><strong>Esdras</strong></span> <span class='ocrx_word' id='word_1_538' title='bbox 2177 3255 2590 3302; x_wconf 88' lang='lat' dir='ltr'><strong>commemorat.</strong></span> <span class='ocrx_word' id='word_1_539' title='bbox 2645 3245 2913 3300; x_wconf 72' lang='lat' dir='ltr'><strong>Cteterum</strong></span> <span class='ocrx_word' id='word_1_540' title='bbox 2966 3244 3217 3313; x_wconf 80' lang='lat' dir='ltr'><strong>exemplo</strong></span> <span class='ocrx_word' id='word_1_541' title='bbox 3264 3245 3501 3313; x_wconf 87' lang='lat' dir='ltr'><strong>quedam</strong></span> 
     </span>
    </p>
   </div>
   <div class='ocr_carea' id='block_1_77' title="bbox 1928 3335 3502 3394">
    <p class='ocr_par' dir='ltr' id='par_1_77' title="bbox 1928 3335 3502 3394">
     <span class='ocr_line' id='line_1_77' title="bbox 1928 3335 3502 3394; baseline -0.004 0"><span class='ocrx_word' id='word_1_542' title='bbox 1928 3341 2207 3394; x_wconf 87' lang='lat' dir='ltr'><strong>declarare</strong></span> <span class='ocrx_word' id='word_1_543' title='bbox 2237 3341 2428 3392; x_wconf 88' lang='lat' dir='ltr'><strong>volens</strong></span> <span class='ocrx_word' id='word_1_544' title='bbox 2464 3339 2604 3392; x_wconf 82' lang='lat' dir='ltr'><strong>Deus</strong></span> <span class='ocrx_word' id='word_1_545' title='bbox 2650 3352 2756 3392; x_wconf 91' lang='lat' dir='ltr'><strong>non</strong></span> <span class='ocrx_word' id='word_1_546' title='bbox 2799 3338 2959 3390; x_wconf 89' lang='lat' dir='ltr'><strong>modo</strong></span> <span class='ocrx_word' id='word_1_547' title='bbox 2988 3335 3302 3391; x_wconf 77' lang='lat' dir='ltr'><strong>Judmorum</strong></span> <span class='ocrx_word' id='word_1_548' title='bbox 3335 3351 3365 3389; x_wconf 89' lang='lat' dir='ltr'><strong>e</strong></span> <span class='ocrx_word' id='word_1_549' title='bbox 3397 3335 3502 3389; x_wconf 86' lang='lat' dir='ltr'><strong>Ba-</strong></span> 
     </span>
    </p>
   </div>
   <div class='ocr_carea' id='block_1_78' title="bbox 1929 3427 3502 3500">
    <p class='ocr_par' dir='ltr' id='par_1_78' title="bbox 1929 3427 3502 3500">
     <span class='ocr_line' id='line_1_78' title="bbox 1929 3427 3502 3500; baseline 0.001 -17"><span class='ocrx_word' id='word_1_550' title='bbox 1929 3430 2128 3500; x_wconf 76' lang='lat' dir='ltr'><strong>bylone</strong></span> <span class='ocrx_word' id='word_1_551' title='bbox 2156 3429 2414 3494; x_wconf 86' lang='lat' dir='ltr'><strong>reditum,</strong></span> <span class='ocrx_word' id='word_1_552' title='bbox 2445 3429 2539 3481; x_wconf 91' lang='lat' dir='ltr'><strong>scd</strong></span> <span class='ocrx_word' id='word_1_553' title='bbox 2583 3429 2745 3481; x_wconf 89' lang='lat' dir='ltr'><strong>etiam</strong></span> <span class='ocrx_word' id='word_1_554' title='bbox 2776 3427 3138 3481; x_wconf 82' lang='lat' dir='ltr'><strong>universalem</strong></span> <span class='ocrx_word' id='word_1_555' title='bbox 3171 3444 3234 3482; x_wconf 82' lang='lat' dir='ltr'><strong>ex</strong></span> <span class='ocrx_word' id='word_1_556' title='bbox 3272 3430 3502 3484; x_wconf 86' lang='lat' dir='ltr'><strong>mortuis</strong></span> 
     </span>
    </p>
   </div>
   <div class='ocr_carea' id='block_1_79' title="bbox 1930 3517 3501 3586">
    <p class='ocr_par' dir='ltr' id='par_1_79' title="bbox 1930 3517 3501 3586">
     <span class='ocr_line' id='line_1_79' title="bbox 1930 3517 3501 3586; baseline -0.001 -12"><span class='ocrx_word' id='word_1_557' title='bbox 1930 3521 2411 3584; x_wconf 85' lang='lat' dir='ltr'><strong>resurrectionem,</strong></span> <span class='ocrx_word' id='word_1_558' title='bbox 2447 3517 2760 3572; x_wconf 82' lang='lat' dir='ltr'><strong>Jezechielo</strong></span> <span class='ocrx_word' id='word_1_559' title='bbox 2794 3533 3044 3586; x_wconf 91' lang='lat' dir='ltr'><strong>campum</strong></span> <span class='ocrx_word' id='word_1_560' title='bbox 3084 3519 3303 3572; x_wconf 86' lang='lat' dir='ltr'><strong>ossibus</strong></span> <span class='ocrx_word' id='word_1_561' title='bbox 3334 3519 3501 3573; x_wconf 87' lang='lat' dir='ltr'><strong>cada-</strong></span> 
     </span>
    </p>
   </div>
   <div class='ocr_carea' id='block_1_80' title="bbox 1926 3609 3502 3679">
    <p class='ocr_par' dir='ltr' id='par_1_80' title="bbox 1926 3609 3502 3679">
     <span class='ocr_line' id='line_1_80' title="bbox 1926 3609 3502 3679; baseline 0 -15"><span class='ocrx_word' id='word_1_562' title='bbox 1926 3627 2116 3664; x_wconf 82' lang='lat' dir='ltr'><strong>verum</strong></span> <span class='ocrx_word' id='word_1_563' title='bbox 2145 3613 2363 3677; x_wconf 90' lang='lat' dir='ltr'><strong>plenum</strong></span> <span class='ocrx_word' id='word_1_564' title='bbox 2387 3611 2648 3674; x_wconf 88' lang='lat' dir='ltr'><strong>ostendit,</strong></span> <span class='ocrx_word' id='word_1_565' title='bbox 2669 3623 2789 3679; x_wconf 66' lang='lat' dir='ltr'><strong>qua:</strong></span> <span class='ocrx_word' id='word_1_566' title='bbox 2809 3623 2948 3663; x_wconf 90' lang='lat' dir='ltr'><strong>novo</strong></span> <span class='ocrx_word' id='word_1_567' title='bbox 2975 3618 3026 3662; x_wconf 88' lang='lat' dir='ltr'><strong>et</strong></span> <span class='ocrx_word' id='word_1_568' title='bbox 3052 3609 3316 3663; x_wconf 90' lang='lat' dir='ltr'><strong>inusitato</strong></span> <span class='ocrx_word' id='word_1_569' title='bbox 3341 3612 3502 3664; x_wconf 84' lang='lat' dir='ltr'><strong>modo</strong></span> 
     </span>
    </p>
   </div>
   <div class='ocr_carea' id='block_1_81' title="bbox 1928 3698 3501 3768">
    <p class='ocr_par' dir='ltr' id='par_1_81' title="bbox 1928 3698 3501 3768">
     <span class='ocr_line' id='line_1_81' title="bbox 1928 3698 3501 3768; baseline 0 -14"><span class='ocrx_word' id='word_1_570' title='bbox 1928 3700 2094 3754; x_wconf 88' lang='lat' dir='ltr'><strong>vitam</strong></span> <span class='ocrx_word' id='word_1_571' title='bbox 2128 3700 2548 3768; x_wconf 82' lang='lat' dir='ltr'><strong>ret-upcrabant.</strong></span> <span class='ocrx_word' id='word_1_572' title='bbox 2580 3698 2780 3752; x_wconf 87' lang='lat' dir='ltr'><strong>Esdras</strong></span> <span class='ocrx_word' id='word_1_573' title='bbox 2821 3708 3028 3761; x_wconf 89' lang='lat' dir='ltr'><strong>autem,</strong></span> <span class='ocrx_word' id='word_1_574' title='bbox 3060 3701 3146 3751; x_wconf 89' lang='lat' dir='ltr'><strong>vir</strong></span> <span class='ocrx_word' id='word_1_575' title='bbox 3185 3700 3501 3768; x_wconf 82' lang='lat' dir='ltr'><strong>praestantis</strong></span> 
     </span>
    </p>
   </div>
   <div class='ocr_carea' id='block_1_82' title="bbox 1929 3789 3504 3860">
    <p class='ocr_par' dir='ltr' id='par_1_82' title="bbox 1929 3789 3504 3860">
     <span class='ocr_line' id='line_1_82' title="bbox 1929 3789 3504 3860; baseline 0 -15"><span class='ocrx_word' id='word_1_576' title='bbox 1929 3791 2159 3860; x_wconf 83' lang='lat' dir='ltr'><strong>ingenii,</strong></span> <span class='ocrx_word' id='word_1_577' title='bbox 2193 3792 2370 3859; x_wconf 78' lang='lat' dir='ltr'><strong>legem</strong></span> <span class='ocrx_word' id='word_1_578' title='bbox 2403 3791 2454 3844; x_wconf 94' lang='lat' dir='ltr'><strong>id</strong></span> <span class='ocrx_word' id='word_1_579' title='bbox 2496 3791 2760 3858; x_wconf 85' lang='lat' dir='ltr'><strong>temporis</strong></span> <span class='ocrx_word' id='word_1_580' title='bbox 2793 3789 3040 3856; x_wconf 86' lang='lat' dir='ltr'><strong>protulit,</strong></span> <span class='ocrx_word' id='word_1_581' title='bbox 3075 3804 3247 3858; x_wconf 88' lang='lat' dir='ltr'><strong>eaque</strong></span> <span class='ocrx_word' id='word_1_582' title='bbox 3277 3791 3504 3845; x_wconf 79' lang='lat' dir='ltr'><strong>recitata</strong></span> 
     </span>
    </p>
   </div>
   <div class='ocr_carea' id='block_1_83' title="bbox 1931 3877 3501 3950">
    <p class='ocr_par' dir='ltr' id='par_1_83' title="bbox 1931 3877 3501 3950">
     <span class='ocr_line' id='line_1_83' title="bbox 1931 3877 3501 3950; baseline -0.001 -16"><span class='ocrx_word' id='word_1_583' title='bbox 1931 3881 2117 3950; x_wconf 89' lang='lat' dir='ltr'><strong>templi</strong></span> <span class='ocrx_word' id='word_1_584' title='bbox 2174 3890 2510 3936; x_wconf 88' lang='lat' dir='ltr'><strong>structuram</strong></span> <span class='ocrx_word' id='word_1_585' title='bbox 2567 3881 2878 3934; x_wconf 85' lang='lat' dir='ltr'><strong>universam</strong></span> <span class='ocrx_word' id='word_1_586' title='bbox 2937 3879 3096 3932; x_wconf 88' lang='lat' dir='ltr'><strong>lineis</strong></span> <span class='ocrx_word' id='word_1_587' title='bbox 3149 3877 3501 3933; x_wconf 78' lang='lat' dir='ltr'><strong>deformavit.</strong></span> 
     </span>
    </p>
   </div>
   <div class='ocr_carea' id='block_1_84' title="bbox 1929 3967 3505 4040">
    <p class='ocr_par' dir='ltr' id='par_1_84' title="bbox 1929 3967 3505 4040">
     <span class='ocr_line' id='line_1_84' title="bbox 1929 3967 3505 4040; baseline -0.004 -13"><span class='ocrx_word' id='word_1_588' title='bbox 1929 3973 2124 4027; x_wconf 83' lang='lat' dir='ltr'><strong>Effecit</strong></span> <span class='ocrx_word' id='word_1_589' title='bbox 2155 3973 2318 4026; x_wconf 88' lang='lat' dir='ltr'><strong>etiatn</strong></span> <span class='ocrx_word' id='word_1_590' title='bbox 2357 3978 2416 4025; x_wconf 91' lang='lat' dir='ltr'><strong>ut</strong></span> <span class='ocrx_word' id='word_1_591' title='bbox 2448 3971 2762 4040; x_wconf 88' lang='lat' dir='ltr'><strong>quicunque</strong></span> <span class='ocrx_word' id='word_1_592' title='bbox 2805 3969 3124 4039; x_wconf 72' lang='lat' dir='ltr'><strong>peregrinas</strong></span> <span class='ocrx_word' id='word_1_593' title='bbox 3164 3983 3366 4022; x_wconf 82' lang='lat' dir='ltr'><strong>uxores</strong></span> <span class='ocrx_word' id='word_1_594' title='bbox 3399 3967 3505 4022; x_wconf 86' lang='lat' dir='ltr'><strong>du-</strong></span> 
     </span>
    </p>
   </div>
   <div class='ocr_carea' id='block_1_85' title="bbox 1928 4059 3504 4132">
    <p class='ocr_par' dir='ltr' id='par_1_85' title="bbox 1928 4059 3504 4132">
     <span class='ocr_line' id='line_1_85' title="bbox 1928 4059 3504 4132; baseline -0.004 -14"><span class='ocrx_word' id='word_1_595' title='bbox 1928 4072 2087 4118; x_wconf 87' lang='lat' dir='ltr'><strong>rante</strong></span> <span class='ocrx_word' id='word_1_596' title='bbox 2143 4063 2461 4132; x_wconf 89' lang='lat' dir='ltr'><strong>captivitate</strong></span> <span class='ocrx_word' id='word_1_597' title='bbox 2520 4062 2820 4127; x_wconf 80' lang='lat' dir='ltr'><strong>duxissent,</strong></span> <span class='ocrx_word' id='word_1_598' title='bbox 2873 4059 3330 4124; x_wconf 80' lang='lat' dir='ltr'><strong>excluderentur;</strong></span> <span class='ocrx_word' id='word_1_599' title='bbox 3392 4075 3504 4128; x_wconf 91' lang='lat' dir='ltr'><strong>quo</strong></span> 
     </span>
    </p>
   </div>
   <div class='ocr_carea' id='block_1_86' title="bbox 1929 4149 3504 4226">
    <p class='ocr_par' dir='ltr' id='par_1_86' title="bbox 1929 4149 3504 4226">
     <span class='ocr_line' id='line_1_86' title="bbox 1929 4149 3504 4226; baseline -0.006 -15"><span class='ocrx_word' id='word_1_600' title='bbox 1929 4166 2084 4226; x_wconf 90' lang='lat' dir='ltr'><strong>pacto</strong></span> <span class='ocrx_word' id='word_1_601' title='bbox 2139 4155 2386 4208; x_wconf 87' lang='lat' dir='ltr'><strong>lustratis</strong></span> <span class='ocrx_word' id='word_1_602' title='bbox 2437 4153 2695 4207; x_wconf 89' lang='lat' dir='ltr'><strong>omnibus</strong></span> <span class='ocrx_word' id='word_1_603' title='bbox 2748 4151 2955 4205; x_wconf 87' lang='lat' dir='ltr'><strong>Pascha</strong></span> <span class='ocrx_word' id='word_1_604' title='bbox 3013 4149 3347 4205; x_wconf 87' lang='lat' dir='ltr'><strong>celebratum</strong></span> <span class='ocrx_word' id='word_1_605' title='bbox 3398 4159 3504 4203; x_wconf 86' lang='lat' dir='ltr'><strong>est.</strong></span> 
     </span>
    </p>
   </div>
   <div class='ocr_carea' id='block_1_87' title="bbox 1933 4240 3506 4324">
    <p class='ocr_par' dir='ltr' id='par_1_87' title="bbox 1933 4240 3506 4324">
     <span class='ocr_line' id='line_1_87' title="bbox 1933 4240 3506 4324; baseline -0.006 -22"><span class='ocrx_word' id='word_1_606' title='bbox 1933 4246 2182 4314; x_wconf 88' lang='lat' dir='ltr'><strong>Cumque</strong></span> <span class='ocrx_word' id='word_1_607' title='bbox 2235 4259 2474 4324; x_wconf 51' lang='lat' dir='ltr'><strong>rursum.</strong></span> <span class='ocrx_word' id='word_1_608' title='bbox 2495 4243 2724 4297; x_wconf 84' lang='lat' dir='ltr'><strong>vidisset</strong></span> <span class='ocrx_word' id='word_1_609' title='bbox 2759 4241 3016 4296; x_wconf 67' lang='lat' dir='ltr'><strong>Hebraeos</strong></span> <span class='ocrx_word' id='word_1_610' title='bbox 3066 4240 3330 4309; x_wconf 87' lang='lat' dir='ltr'><strong>quosdam</strong></span> <span class='ocrx_word' id='word_1_611' title='bbox 3379 4254 3506 4294; x_wconf 76' lang='lat' dir='ltr'><strong>cum</strong></span> 
     </span>
    </p>
   </div>
   <div class='ocr_carea' id='block_1_88' title="bbox 1927 4331 3508 4401">
    <p class='ocr_par' dir='ltr' id='par_1_88' title="bbox 1927 4331 3508 4401">
     <span class='ocr_line' id='line_1_88' title="bbox 1927 4331 3508 4401; baseline -0.004 -9"><span class='ocrx_word' id='word_1_612' title='bbox 1927 4339 2135 4392; x_wconf 87' lang='lat' dir='ltr'><strong>Azotiis</strong></span> <span class='ocrx_word' id='word_1_613' title='bbox 2180 4337 2502 4390; x_wconf 88' lang='lat' dir='ltr'><strong>mulieribus</strong></span> <span class='ocrx_word' id='word_1_614' title='bbox 2548 4343 2997 4399; x_wconf 81' lang='lat' dir='ltr'><strong>consuescentes,</strong></span> <span class='ocrx_word' id='word_1_615' title='bbox 3039 4332 3329 4401; x_wconf 87' lang='lat' dir='ltr'><strong>deplorato</strong></span> <span class='ocrx_word' id='word_1_616' title='bbox 3364 4331 3508 4385; x_wconf 82' lang='lat' dir='ltr'><strong>male</strong></span> 
     </span>
    </p>
   </div>
   <div class='ocr_carea' id='block_1_89' title="bbox 1928 4421 3508 4496">
    <p class='ocr_par' dir='ltr' id='par_1_89' title="bbox 1928 4421 3508 4496">
     <span class='ocr_line' id='line_1_89' title="bbox 1928 4421 3508 4496; baseline -0.006 -13"><span class='ocrx_word' id='word_1_617' title='bbox 1928 4439 2120 4484; x_wconf 83' lang='lat' dir='ltr'><strong>auctor</strong></span> <span class='ocrx_word' id='word_1_618' title='bbox 2146 4428 2345 4496; x_wconf 91' lang='lat' dir='ltr'><strong>popttlo</strong></span> <span class='ocrx_word' id='word_1_619' title='bbox 2380 4426 2481 4479; x_wconf 87' lang='lat' dir='ltr'><strong>fttit</strong></span> <span class='ocrx_word' id='word_1_620' title='bbox 2508 4435 2777 4478; x_wconf 89' lang='lat' dir='ltr'><strong>utearum</strong></span> <span class='ocrx_word' id='word_1_621' title='bbox 2804 4422 3061 4492; x_wconf 79' lang='lat' dir='ltr'><strong>conjugie</strong></span> <span class='ocrx_word' id='word_1_622' title='bbox 3096 4431 3352 4489; x_wconf 82' lang='lat' dir='ltr'><strong>tanquam</strong></span> <span class='ocrx_word' id='word_1_623' title='bbox 3387 4421 3508 4474; x_wconf 89' lang='lat' dir='ltr'><strong>ille—</strong></span> 
     </span>
    </p>
   </div>
   <div class='ocr_carea' id='block_1_90' title="bbox 251 4512 1829 4595">
    <p class='ocr_par' dir='ltr' id='par_1_90' title="bbox 251 4518 1828 4591">
     <span class='ocr_line' id='line_1_90' title="bbox 251 4518 1828 4591; baseline 0.002 -19"><span class='ocrx_word' id='word_1_624' title='bbox 251 4519 641 4588; x_wconf 75' lang='grc' dir='ltr'>αἰχμαλωσίαν</span> <span class='ocrx_word' id='word_1_625' title='bbox 673 4519 832 4588; x_wconf 86' lang='grc' dir='ltr'>μέχρι</span> <span class='ocrx_word' id='word_1_626' title='bbox 863 4520 956 4572; x_wconf 79' lang='grc' dir='ltr'>τοῦ</span> <span class='ocrx_word' id='word_1_627' title='bbox 994 4519 1089 4572; x_wconf 85' lang='grc' dir='ltr'>νῦν</span> <span class='ocrx_word' id='word_1_628' title='bbox 1110 4518 1742 4591; x_wconf 76' lang='grc' dir='ltr'>διεσώζετο.1]ροσσχετν</span> <span class='ocrx_word' id='word_1_629' title='bbox 1771 4521 1828 4575; x_wconf 80' lang='grc' dir='ltr'>δὲ</span> 
     </span>
    </p>
   </div>
   <div class='ocr_carea' id='block_1_91' title="bbox 1906 4512 3505 4595">
    <p class='ocr_par' dir='ltr' id='par_1_91' title="bbox 1933 4512 3505 4591">
     <span class='ocr_line' id='line_1_91' title="bbox 1933 4512 3505 4591; baseline -0.005 -17"><span class='ocrx_word' id='word_1_630' title='bbox 1933 4519 2123 4591; x_wconf 75' lang='lat' dir='ltr'><strong>gitime</strong></span> <span class='ocrx_word' id='word_1_631' title='bbox 2155 4516 2823 4585; x_wconf 87' lang='lat' dir='ltr'><strong>valedicerentipsasque</strong></span> <span class='ocrx_word' id='word_1_632' title='bbox 2858 4513 3093 4567; x_wconf 86' lang='lat' dir='ltr'><strong>feminas</strong></span> <span class='ocrx_word' id='word_1_633' title='bbox 3129 4512 3505 4582; x_wconf 87' lang='lat' dir='ltr'><strong>repudiarent.</strong></span> 
     </span>
    </p>
   </div>
   <div class='ocr_carea' id='block_1_92' title="bbox 250 4609 1830 4687">
    <p class='ocr_par' dir='ltr' id='par_1_92' title="bbox 250 4609 1830 4687">
     <span class='ocr_line' id='line_1_92' title="bbox 250 4609 1830 4687; baseline 0.003 -25"><span class='ocrx_word' id='word_1_634' title='bbox 250 4614 406 4678; x_wconf 76' lang='grc' dir='ltr'>ἄξιον</span> <span class='ocrx_word' id='word_1_635' title='bbox 437 4612 533 4666; x_wconf 76' lang='grc' dir='ltr'>καὶ</span> <span class='ocrx_word' id='word_1_636' title='bbox 573 4609 651 4681; x_wconf 83' lang='grc' dir='ltr'>τῷ</span> <span class='ocrx_word' id='word_1_637' title='bbox 707 4611 931 4681; x_wconf 83' lang='grc' dir='ltr'>μεγάλῳ</span> <span class='ocrx_word' id='word_1_638' title='bbox 965 4611 1224 4687; x_wconf 82' lang='grc' dir='ltr'>Κυρίλλῳ</span> <span class='ocrx_word' id='word_1_639' title='bbox 1269 4613 1327 4663; x_wconf 78' lang='grc' dir='ltr'>ἐν</span> <span class='ocrx_word' id='word_1_640' title='bbox 1359 4613 1470 4674; x_wconf 85' lang='grc' dir='ltr'>τοῖς</span> <span class='ocrx_word' id='word_1_641' title='bbox 1521 4613 1663 4666; x_wconf 82' lang='grc' dir='ltr'>κατὰ.</span> <span class='ocrx_word' id='word_1_642' title='bbox 1701 4612 1830 4666; x_wconf 87' lang='grc' dir='ltr'>Ἰου-</span> 
     </span>
    </p>
   </div>
   <div class='ocr_carea' id='block_1_93' title="bbox 250 4703 1829 4775">
    <p class='ocr_par' dir='ltr' id='par_1_93' title="bbox 250 4703 1829 4775">
     <span class='ocr_line' id='line_1_93' title="bbox 250 4703 1829 4775; baseline -0.003 -14"><span class='ocrx_word' id='word_1_643' title='bbox 250 4705 442 4761; x_wconf 79' lang='grc' dir='ltr'>λιανοῦ</span> <span class='ocrx_word' id='word_1_644' title='bbox 493 4705 586 4757; x_wconf 73' lang='grc' dir='ltr'>καὶ</span> <span class='ocrx_word' id='word_1_645' title='bbox 635 4705 759 4756; x_wconf 74' lang='grc' dir='ltr'>τάδε</span> <span class='ocrx_word' id='word_1_646' title='bbox 793 4704 921 4772; x_wconf 77' lang='grc' dir='ltr'>περὶ</span> <span class='ocrx_word' id='word_1_647' title='bbox 946 4703 1138 4756; x_wconf 74' lang='grc' dir='ltr'>τούτου</span> <span class='ocrx_word' id='word_1_648' title='bbox 1187 4703 1487 4775; x_wconf 82' lang='grc' dir='ltr'>διειληφότι</span> <span class='ocrx_word' id='word_1_649' title='bbox 1523 4721 1538 4737; x_wconf 81' lang='grc'><strong><em>⁸</em></strong></span> <span class='ocrx_word' id='word_1_650' title='bbox 1591 4706 1747 4760; x_wconf 74' lang='grc' dir='ltr'>Ἐπεὶ</span> <span class='ocrx_word' id='word_1_651' title='bbox 1771 4707 1829 4760; x_wconf 76' lang='grc' dir='ltr'>δὲ</span> 
     </span>
    </p>
   </div>
   <div class='ocr_carea' id='block_1_94' title="bbox 252 4795 1829 4869">
    <p class='ocr_par' dir='ltr' id='par_1_94' title="bbox 252 4795 1829 4869">
     <span class='ocr_line' id='line_1_94' title="bbox 252 4795 1829 4869; baseline 0 -19"><span class='ocrx_word' id='word_1_652' title='bbox 252 4799 393 4869; x_wconf 77' lang='grc' dir='ltr'>πρὸς</span> <span class='ocrx_word' id='word_1_653' title='bbox 417 4798 516 4866; x_wconf 81' lang='grc' dir='ltr'><strong>τὴν</strong></span> <span class='ocrx_word' id='word_1_654' title='bbox 545 4795 872 4862; x_wconf 81' lang='grc' dir='ltr'>ὲνεγκοῠσαν</span> <span class='ocrx_word' id='word_1_655' title='bbox 903 4795 1306 4866; x_wconf 75' lang='grc' dir='ltr'>ἀπεκομίζοντο</span> <span class='ocrx_word' id='word_1_656' title='bbox 1349 4797 1398 4848; x_wconf 91' lang='grc' dir='ltr'><strong>οί</strong></span> <span class='ocrx_word' id='word_1_657' title='bbox 1449 4796 1694 4850; x_wconf 78' lang='grc' dir='ltr'>Ἰουδαῖοι</span> <span class='ocrx_word' id='word_1_658' title='bbox 1733 4797 1829 4850; x_wconf 72' lang='grc' dir='ltr'>καὶ</span> 
     </span>
    </p>
   </div>
   <div class='ocr_carea' id='block_1_95' title="bbox 252 4887 1831 4960">
    <p class='ocr_par' dir='ltr' id='par_1_95' title="bbox 252 4887 1831 4960">
     <span class='ocr_line' id='line_1_95' title="bbox 252 4887 1831 4960; baseline 0.004 -23"><span class='ocrx_word' id='word_1_659' title='bbox 252 4893 409 4960; x_wconf 72' lang='grc' dir='ltr'>νόμῳ</span> <span class='ocrx_word' id='word_1_660' title='bbox 443 4888 520 4958; x_wconf 79' lang='grc' dir='ltr'>τῷ</span> <span class='ocrx_word' id='word_1_661' title='bbox 549 4889 637 4942; x_wconf 83' lang='grc' dir='ltr'><strong>διὰ.</strong></span> <span class='ocrx_word' id='word_1_662' title='bbox 663 4888 908 4949; x_wconf 81' lang='grc' dir='ltr'>Μωσέως</span> <span class='ocrx_word' id='word_1_663' title='bbox 931 4887 1404 4955; x_wconf 78' lang='grc' dir='ltr'>παιδαγωγεῖσθαι</span> <span class='ocrx_word' id='word_1_664' title='bbox 1438 4889 1601 4942; x_wconf 78' lang='grc' dir='ltr'>πάλιν</span> <span class='ocrx_word' id='word_1_665' title='bbox 1630 4888 1831 4942; x_wconf 75' lang='grc' dir='ltr'>ἐσπού-</span> 
     </span>
    </p>
   </div>
   <div class='ocr_carea' id='block_1_96' title="bbox 250 4979 1829 5050">
    <p class='ocr_par' dir='ltr' id='par_1_96' title="bbox 250 4979 1829 5050">
     <span class='ocr_line' id='line_1_96' title="bbox 250 4979 1829 5050; baseline -0.002 -13"><span class='ocrx_word' id='word_1_666' title='bbox 250 4987 438 5048; x_wconf 74' lang='grc' dir='ltr'>δαζον,</span> <span class='ocrx_word' id='word_1_667' title='bbox 474 4982 596 5033; x_wconf 87' lang='grc' dir='ltr'>τότε</span> <span class='ocrx_word' id='word_1_668' title='bbox 639 4980 702 5050; x_wconf 78' lang='grc' dir='ltr'>δὴ</span> <span class='ocrx_word' id='word_1_669' title='bbox 737 4981 859 5032; x_wconf 87' lang='grc' dir='ltr'>τότε</span> <span class='ocrx_word' id='word_1_670' title='bbox 904 4979 1036 5049; x_wconf 82' lang='grc' dir='ltr'>παρ’</span> <span class='ocrx_word' id='word_1_671' title='bbox 1076 4979 1260 5041; x_wconf 79' lang='grc' dir='ltr'>αὐτοῖς</span> <span class='ocrx_word' id='word_1_672' title='bbox 1287 4979 1502 5049; x_wconf 70' lang='grc' dir='ltr'>ἐδέχετο</span> <span class='ocrx_word' id='word_1_673' title='bbox 1543 4983 1829 5048; x_wconf 78' lang='grc' dir='ltr'>σκῆπτρον</span> 
     </span>
    </p>
   </div>
   <div class='ocr_carea' id='block_1_97' title="bbox 249 5070 1835 5148">
    <p class='ocr_par' dir='ltr' id='par_1_97' title="bbox 249 5070 1835 5148">
     <span class='ocr_line' id='line_1_97' title="bbox 249 5070 1835 5148; baseline -0.006 -18"><span class='ocrx_word' id='word_1_674' title='bbox 249 5075 566 5148; x_wconf 74' lang='grc' dir='ltr'>Ζοροϐάϐελ</span> <span class='ocrx_word' id='word_1_675' title='bbox 599 5075 626 5126; x_wconf 86' lang='lat'><strong>6</strong></span> <span class='ocrx_word' id='word_1_676' title='bbox 678 5071 773 5124; x_wconf 79' lang='grc' dir='ltr'>τοῦ</span> <span class='ocrx_word' id='word_1_677' title='bbox 832 5070 1102 5140; x_wconf 82' lang='grc' dir='ltr'>Σαλαθιὴλ</span> <span class='ocrx_word' id='word_1_678' title='bbox 1143 5073 1206 5122; x_wconf 87' lang='grc' dir='ltr'><strong>ὲκ</strong></span> <span class='ocrx_word' id='word_1_679' title='bbox 1251 5071 1426 5139; x_wconf 72' lang='grc' dir='ltr'>φυλῆς</span> <span class='ocrx_word' id='word_1_680' title='bbox 1462 5070 1655 5132; x_wconf 79' lang='grc' dir='ltr'>Ἰούδα,</span> <span class='ocrx_word' id='word_1_681' title='bbox 1688 5070 1835 5129; x_wconf 53' lang='grc' dir='ltr'>ὥστε,</span> 
     </span>
    </p>
   </div>
   <div class='ocr_carea' id='block_1_98' title="bbox 249 5163 1830 5236">
    <p class='ocr_par' dir='ltr' id='par_1_98' title="bbox 249 5163 1830 5236">
     <span class='ocr_line' id='line_1_98' title="bbox 249 5163 1830 5236; baseline -0.005 -13"><span class='ocrx_word' id='word_1_682' title='bbox 249 5173 300 5223; x_wconf 79' lang='grc' dir='ltr'><strong>εί</strong></span> <span class='ocrx_word' id='word_1_683' title='bbox 342 5170 437 5221; x_wconf 71' lang='grc' dir='ltr'><strong>καὶ</strong></span> <span class='ocrx_word' id='word_1_684' title='bbox 479 5166 776 5236; x_wconf 75' lang='grc' dir='ltr'>καταλῆξαί</span> <span class='ocrx_word' id='word_1_685' title='bbox 822 5180 990 5233; x_wconf 80' lang='grc' dir='ltr'>φησιν</span> <span class='ocrx_word' id='word_1_686' title='bbox 1033 5165 1061 5216; x_wconf 88' lang='grc' dir='ltr'><strong>ὀ</strong></span> <span class='ocrx_word' id='word_1_687' title='bbox 1103 5165 1424 5232; x_wconf 70' lang='grc' dir='ltr'>παράφρων·</span> <span class='ocrx_word' id='word_1_688' title='bbox 1461 5165 1540 5225; x_wconf 91' lang='grc' dir='ltr'>εἰς</span> <span class='ocrx_word' id='word_1_689' title='bbox 1569 5163 1830 5215; x_wconf 85' lang='grc' dir='ltr'>Σεδεκίαν</span> 
     </span>
    </p>
   </div>
   <div class='ocr_carea' id='block_1_99' title="bbox 249 5253 1828 5333">
    <p class='ocr_par' dir='ltr' id='par_1_99' title="bbox 249 5253 1828 5333">
     <span class='ocr_line' id='line_1_99' title="bbox 249 5253 1828 5333; baseline -0.001 -23"><span class='ocrx_word' id='word_1_690' title='bbox 249 5263 352 5333; x_wconf 77' lang='grc' dir='ltr'>τὴν</span> <span class='ocrx_word' id='word_1_691' title='bbox 387 5259 482 5312; x_wconf 80' lang='grc' dir='ltr'>τοῦ</span> <span class='ocrx_word' id='word_1_692' title='bbox 531 5258 695 5313; x_wconf 76' lang='grc' dir='ltr'>Δαϐὶδ</span> <span class='ocrx_word' id='word_1_693' title='bbox 744 5255 1043 5326; x_wconf 84' lang='grc' dir='ltr'>βασιλείαν,</span> <span class='ocrx_word' id='word_1_694' title='bbox 1072 5255 1400 5324; x_wconf 73' lang='grc' dir='ltr'>ματαιάζειν</span> <span class='ocrx_word' id='word_1_695' title='bbox 1438 5253 1582 5306; x_wconf 74' lang='grc' dir='ltr'>ἔοικε</span> <span class='ocrx_word' id='word_1_696' title='bbox 1618 5269 1828 5324; x_wconf 87' lang='grc' dir='ltr'>προφα-</span> 
     </span>
    </p>
   </div>
   <div class='ocr_carea' id='block_1_100' title="bbox 248 5345 1830 5419">
    <p class='ocr_par' dir='ltr' id='par_1_100' title="bbox 248 5345 1830 5419">
     <span class='ocr_line' id='line_1_100' title="bbox 248 5345 1830 5419; baseline -0.006 -12"><span class='ocrx_word' id='word_1_697' title='bbox 248 5356 383 5419; x_wconf 84' lang='grc' dir='ltr'>νῶς,</span> <span class='ocrx_word' id='word_1_698' title='bbox 417 5351 472 5405; x_wconf 77' lang='grc' dir='ltr'>εἴ</span> <span class='ocrx_word' id='word_1_699' title='bbox 500 5367 564 5418; x_wconf 87' lang='grc' dir='ltr'><strong>γε</strong></span> <span class='ocrx_word' id='word_1_700' title='bbox 618 5348 756 5418; x_wconf 82' lang='grc' dir='ltr'>μετὰ</span> <span class='ocrx_word' id='word_1_701' title='bbox 786 5347 876 5401; x_wconf 77' lang='grc' dir='ltr'><strong>τὸν</strong></span> <span class='ocrx_word' id='word_1_702' title='bbox 924 5347 1025 5416; x_wconf 84' lang='grc' dir='ltr'>τῆς</span> <span class='ocrx_word' id='word_1_703' title='bbox 1059 5345 1437 5416; x_wconf 77' lang='grc' dir='ltr'>αἰχμαλωσίας</span> <span class='ocrx_word' id='word_1_704' title='bbox 1495 5347 1687 5415; x_wconf 76' lang='grc' dir='ltr'>καιρὸν</span> <span class='ocrx_word' id='word_1_705' title='bbox 1718 5349 1830 5408; x_wconf 62' lang='grc' dir='ltr'>τιῑς</span> 
     </span>
    </p>
   </div>
   <div class='ocr_carea' id='block_1_101' title="bbox 247 5436 1831 5516">
    <p class='ocr_par' dir='ltr' id='par_1_101' title="bbox 247 5436 1831 5516">
     <span class='ocr_line' id='line_1_101' title="bbox 247 5436 1831 5516; baseline -0.01 -15"><span class='ocrx_word' id='word_1_706' title='bbox 247 5448 353 5516; x_wconf 56' lang='grc' dir='ltr'>τῇς</span> <span class='ocrx_word' id='word_1_707' title='bbox 388 5441 666 5509; x_wconf 78' lang='grc' dir='ltr'>βασιλείας</span> <span class='ocrx_word' id='word_1_708' title='bbox 690 5438 887 5502; x_wconf 84' lang='grc' dir='ltr'>θώκοις</span> <span class='ocrx_word' id='word_1_709' title='bbox 908 5439 936 5491; x_wconf 91' lang='lat'><strong>6</strong></span> <span class='ocrx_word' id='word_1_710' title='bbox 967 5437 1273 5506; x_wconf 76' lang='grc' dir='ltr'>Ζοροϐάϐελ</span> <span class='ocrx_word' id='word_1_711' title='bbox 1295 5437 1647 5506; x_wconf 77' lang='grc' dir='ltr'>ἐνιδρυμένος</span> <span class='ocrx_word' id='word_1_712' title='bbox 1677 5436 1831 5503; x_wconf 79' lang='grc' dir='ltr'>ἐφαί-</span> 
     </span>
    </p>
   </div>
   <div class='ocr_carea' id='block_1_102' title="bbox 247 5527 1829 5601">
    <p class='ocr_par' dir='ltr' id='par_1_102' title="bbox 247 5527 1829 5601">
     <span class='ocr_line' id='line_1_102' title="bbox 247 5527 1829 5601; baseline -0.008 -8"><span class='ocrx_word' id='word_1_713' title='bbox 247 5555 395 5593; x_wconf 83' lang='grc' dir='ltr'>νετο.</span> <span class='ocrx_word' id='word_1_714' title='bbox 426 5531 596 5596; x_wconf 73' lang='grc' dir='ltr'>Οὗτος</span> <span class='ocrx_word' id='word_1_715' title='bbox 648 5532 747 5601; x_wconf 82' lang='grc' dir='ltr'>μὲν</span> <span class='ocrx_word' id='word_1_716' title='bbox 780 5528 875 5583; x_wconf 71' lang='grc' dir='ltr'><strong>οὖν</strong></span> <span class='ocrx_word' id='word_1_717' title='bbox 910 5528 1243 5599; x_wconf 74' lang='grc' dir='ltr'>παρέπεμψε</span> <span class='ocrx_word' id='word_1_718' title='bbox 1295 5528 1356 5580; x_wconf 81' lang='grc' dir='ltr'><strong>τὸ</strong></span> <span class='ocrx_word' id='word_1_719' title='bbox 1415 5528 1697 5596; x_wconf 78' lang='grc' dir='ltr'>σκῆπτρον</span> <span class='ocrx_word' id='word_1_720' title='bbox 1742 5527 1829 5580; x_wconf 70' lang='grc' dir='ltr'>διὰ</span> 
     </span>
    </p>
   </div>
   <div class='ocr_carea' id='block_1_103' title="bbox 244 5617 1828 5695">
    <p class='ocr_par' dir='ltr' id='par_1_103' title="bbox 244 5617 1828 5695">
     <span class='ocr_line' id='line_1_103' title="bbox 244 5617 1828 5695; baseline -0.009 -13"><span class='ocrx_word' id='word_1_721' title='bbox 244 5631 360 5683; x_wconf 85' lang='grc' dir='ltr'><strong>τῶν</strong></span> <span class='ocrx_word' id='word_1_722' title='bbox 393 5624 590 5694; x_wconf 79' lang='grc' dir='ltr'>ἐφεξῆς</span> <span class='ocrx_word' id='word_1_723' title='bbox 621 5623 783 5695; x_wconf 77' lang='grc' dir='ltr'>μέχρι</span> <span class='ocrx_word' id='word_1_724' title='bbox 805 5621 902 5690; x_wconf 80' lang='grc' dir='ltr'>τῆς</span> <span class='ocrx_word' id='word_1_725' title='bbox 941 5619 1182 5689; x_wconf 81' lang='grc' dir='ltr'>Ἡρώδου</span> <span class='ocrx_word' id='word_1_726' title='bbox 1211 5619 1505 5689; x_wconf 75' lang='grc' dir='ltr'>βασιλείας,</span> <span class='ocrx_word' id='word_1_727' title='bbox 1535 5617 1590 5680; x_wconf 80' lang='grc' dir='ltr'>ὃς</span> <span class='ocrx_word' id='word_1_728' title='bbox 1620 5619 1828 5688; x_wconf 61' lang='grc' dir='ltr'>μητρὶς</span> 
     </span>
    </p>
   </div>
   <div class='ocr_carea' id='block_1_104' title="bbox 250 5708 1825 5791">
    <p class='ocr_par' dir='ltr' id='par_1_104' title="bbox 250 5708 1825 5791">
     <span class='ocr_line' id='line_1_104' title="bbox 250 5708 1825 5791; baseline -0.01 -17"><span class='ocrx_word' id='word_1_729' title='bbox 250 5725 354 5791; x_wconf 79' lang='grc' dir='ltr'><strong>μὲν</strong></span> <span class='ocrx_word' id='word_1_730' title='bbox 386 5719 612 5786; x_wconf 80' lang='grc' dir='ltr'>γέγονεν</span> <span class='ocrx_word' id='word_1_731' title='bbox 646 5713 922 5776; x_wconf 81' lang='grc' dir='ltr'>Ἰουδαίας,</span> <span class='ocrx_word' id='word_1_732' title='bbox 943 5711 1261 5780; x_wconf 76' lang='grc' dir='ltr'>ἁλλογενοῦς</span> <span class='ocrx_word' id='word_1_733' title='bbox 1296 5712 1350 5763; x_wconf 68' lang='grc' dir='ltr'>δὲ</span> <span class='ocrx_word' id='word_1_734' title='bbox 1381 5711 1608 5778; x_wconf 70' lang='grc' dir='ltr'>πατρός.</span> <span class='ocrx_word' id='word_1_735' title='bbox 1638 5708 1825 5762; x_wconf 63' lang='grc' dir='ltr'>Ἐκλε-</span> 
     </span>
    </p>
   </div>
   <div class='ocr_carea' id='block_1_105' title="bbox 245 5802 1821 5877">
    <p class='ocr_par' dir='ltr' id='par_1_105' title="bbox 245 5802 1821 5877">
     <span class='ocr_line' id='line_1_105' title="bbox 245 5802 1821 5877; baseline -0.016 -12"><span class='ocrx_word' id='word_1_736' title='bbox 245 5812 517 5865; x_wconf 75' lang='grc' dir='ltr'>λοιττότων</span> <span class='ocrx_word' id='word_1_737' title='bbox 574 5807 680 5877; x_wconf 75' lang='grc' dir='ltr'><strong>γαρ</strong></span> <span class='ocrx_word' id='word_1_738' title='bbox 725 5806 869 5859; x_wconf 76' lang='grc' dir='ltr'>οὕτω</span> <span class='ocrx_word' id='word_1_739' title='bbox 905 5805 1012 5858; x_wconf 86' lang='grc' dir='ltr'><strong>τῶν</strong></span> <span class='ocrx_word' id='word_1_740' title='bbox 1059 5806 1122 5857; x_wconf 81' lang='grc' dir='ltr'>ὲκ</span> <span class='ocrx_word' id='word_1_741' title='bbox 1170 5805 1265 5874; x_wconf 76' lang='grc' dir='ltr'>τῆς</span> <span class='ocrx_word' id='word_1_742' title='bbox 1315 5802 1483 5856; x_wconf 61' lang='grc' dir='ltr'>ἰοὶδα</span> <span class='ocrx_word' id='word_1_743' title='bbox 1533 5802 1707 5872; x_wconf 64' lang='grc' dir='ltr'>φυλῆς</span> <span class='ocrx_word' id='word_1_744' title='bbox 1762 5803 1821 5852; x_wconf 62' lang='grc' dir='ltr'><strong>τ),</strong></span> 
     </span>
    </p>
   </div>
   <div class='ocr_carea' id='block_1_106' title="bbox 1935 4599 3508 4677">
    <p class='ocr_par' dir='ltr' id='par_1_106' title="bbox 1935 4599 3508 4677">
     <span class='ocr_line' id='line_1_106' title="bbox 1935 4599 3508 4677; baseline -0.006 -14"><span class='ocrx_word' id='word_1_745' title='bbox 1935 4609 2050 4664; x_wconf 82' lang='lat' dir='ltr'><strong>Hoc</strong></span> <span class='ocrx_word' id='word_1_746' title='bbox 2082 4622 2300 4677; x_wconf 88' lang='lat' dir='ltr'><strong>quoque</strong></span> <span class='ocrx_word' id='word_1_747' title='bbox 2334 4604 2609 4659; x_wconf 69' lang='lat' dir='ltr'><strong>memoria:</strong></span> <span class='ocrx_word' id='word_1_748' title='bbox 2648 4601 2924 4673; x_wconf 87' lang='lat' dir='ltr'><strong>proditunt</strong></span> <span class='ocrx_word' id='word_1_749' title='bbox 2962 4609 3066 4660; x_wconf 84' lang='lat' dir='ltr'><strong>est.</strong></span> <span class='ocrx_word' id='word_1_750' title='bbox 3113 4599 3260 4669; x_wconf 90' lang='lat' dir='ltr'><strong>quod</strong></span> <span class='ocrx_word' id='word_1_751' title='bbox 3300 4600 3508 4668; x_wconf 87' lang='lat' dir='ltr'><strong>absque</strong></span> 
     </span>
    </p>
   </div>
   <div class='ocr_carea' id='block_1_107' title="bbox 1935 4690 3506 4761">
    <p class='ocr_par' dir='ltr' id='par_1_107' title="bbox 1935 4690 3506 4761">
     <span class='ocr_line' id='line_1_107' title="bbox 1935 4690 3506 4761; baseline -0.007 -7"><span class='ocrx_word' id='word_1_752' title='bbox 1935 4700 2038 4754; x_wconf 88' lang='lat' dir='ltr'><strong>hoc</strong></span> <span class='ocrx_word' id='word_1_753' title='bbox 2072 4701 2188 4754; x_wconf 90' lang='lat' dir='ltr'><strong>viro</strong></span> <span class='ocrx_word' id='word_1_754' title='bbox 2219 4698 2432 4759; x_wconf 81' lang='lat' dir='ltr'><strong>fuisset,</strong></span> <span class='ocrx_word' id='word_1_755' title='bbox 2468 4710 2537 4750; x_wconf 90' lang='lat' dir='ltr'><strong>ne</strong></span> <span class='ocrx_word' id='word_1_756' title='bbox 2566 4709 2737 4748; x_wconf 91' lang='lat' dir='ltr'><strong>unum</strong></span> <span class='ocrx_word' id='word_1_757' title='bbox 2777 4692 2999 4761; x_wconf 87' lang='lat' dir='ltr'><strong>quidem</strong></span> <span class='ocrx_word' id='word_1_758' title='bbox 3049 4690 3248 4744; x_wconf 90' lang='lat' dir='ltr'><strong>librum</strong></span> <span class='ocrx_word' id='word_1_759' title='bbox 3287 4705 3506 4744; x_wconf 76' lang='lat' dir='ltr'><strong>Sacrum</strong></span> 
     </span>
    </p>
   </div>
   <div class='ocr_carea' id='block_1_108' title="bbox 1934 4781 3507 4852">
    <p class='ocr_par' dir='ltr' id='par_1_108' title="bbox 1934 4781 3507 4852">
     <span class='ocr_line' id='line_1_108' title="bbox 1934 4781 3507 4852; baseline -0.008 -6"><span class='ocrx_word' id='word_1_760' title='bbox 1934 4790 2174 4846; x_wconf 85' lang='lat' dir='ltr'><strong>habituri</strong></span> <span class='ocrx_word' id='word_1_761' title='bbox 2207 4803 2476 4849; x_wconf 89' lang='lat' dir='ltr'><strong>essemus,</strong></span> <span class='ocrx_word' id='word_1_762' title='bbox 2511 4787 2581 4840; x_wconf 89' lang='lat' dir='ltr'><strong>ob</strong></span> <span class='ocrx_word' id='word_1_763' title='bbox 2611 4783 2922 4838; x_wconf 67' lang='lat' dir='ltr'><strong>Judworum</strong></span> <span class='ocrx_word' id='word_1_764' title='bbox 2962 4782 3345 4852; x_wconf 78' lang='lat' dir='ltr'><strong>negligentiam</strong></span> <span class='ocrx_word' id='word_1_765' title='bbox 3381 4781 3507 4834; x_wconf 87' lang='lat' dir='ltr'><strong>diu—</strong></span> 
     </span>
    </p>
   </div>
   <div class='ocr_carea' id='block_1_109' title="bbox 1935 4871 3508 4951">
    <p class='ocr_par' dir='ltr' id='par_1_109' title="bbox 1935 4871 3508 4951">
     <span class='ocr_line' id='line_1_109' title="bbox 1935 4871 3508 4951; baseline -0.008 -13"><span class='ocrx_word' id='word_1_766' title='bbox 1935 4892 2262 4951; x_wconf 83' lang='lat' dir='ltr'><strong>turnamquc</strong></span> <span class='ocrx_word' id='word_1_767' title='bbox 2325 4871 2716 4948; x_wconf 79' lang='lat' dir='ltr'><strong>captivitatem.</strong></span> <span class='ocrx_word' id='word_1_768' title='bbox 2776 4872 3340 4927; x_wconf 82' lang='lat' dir='ltr'><strong>Animadvertendum</strong></span> <span class='ocrx_word' id='word_1_769' title='bbox 3405 4873 3508 4926; x_wconf 92' lang='lat' dir='ltr'><strong>hoc</strong></span> 
     </span>
    </p>
   </div>
   <div class='ocr_carea' id='block_1_110' title="bbox 1931 4962 3507 5041">
    <p class='ocr_par' dir='ltr' id='par_1_110' title="bbox 1931 4962 3507 5041">
     <span class='ocr_line' id='line_1_110' title="bbox 1931 4962 3507 5041; baseline -0.009 -10"><span class='ocrx_word' id='word_1_770' title='bbox 1931 4977 2118 5038; x_wconf 88' lang='lat' dir='ltr'><strong>etiam,</strong></span> <span class='ocrx_word' id='word_1_771' title='bbox 2153 4971 2296 5041; x_wconf 88' lang='lat' dir='ltr'><strong>quod</strong></span> <span class='ocrx_word' id='word_1_772' title='bbox 2324 4969 2552 5023; x_wconf 80' lang='lat' dir='ltr'><strong>eximius</strong></span> <span class='ocrx_word' id='word_1_773' title='bbox 2583 4967 2671 5020; x_wconf 88' lang='lat' dir='ltr'><strong>ille</strong></span> <span class='ocrx_word' id='word_1_774' title='bbox 2698 4964 2930 5035; x_wconf 76' lang='lat' dir='ltr'><strong>Cyrinus</strong></span> <span class='ocrx_word' id='word_1_775' title='bbox 2958 4964 3014 5016; x_wconf 90' lang='lat' dir='ltr'><strong>in</strong></span> <span class='ocrx_word' id='word_1_776' title='bbox 3054 4963 3211 5018; x_wconf 88' lang='lat' dir='ltr'><strong>libris</strong></span> <span class='ocrx_word' id='word_1_777' title='bbox 3243 4962 3507 5017; x_wconf 82' lang='lat' dir='ltr'><strong>adversus</strong></span> 
     </span>
    </p>
   </div>
   <div class='ocr_carea' id='block_1_111' title="bbox 1932 5041 3506 5127">
    <p class='ocr_par' dir='ltr' id='par_1_111' title="bbox 1932 5041 3506 5127">
     <span class='ocr_line' id='line_1_111' title="bbox 1932 5041 3506 5127; baseline -0.009 -8"><span class='ocrx_word' id='word_1_778' title='bbox 1932 5064 2208 5119; x_wconf 87' lang='lat' dir='ltr'><strong>Julianum</strong></span> <span class='ocrx_word' id='word_1_779' title='bbox 2260 5060 2482 5127; x_wconf 84' lang='lat' dir='ltr'><strong>scriptis</strong></span> <span class='ocrx_word' id='word_1_780' title='bbox 2534 5056 2804 5124; x_wconf 79' lang='lat' dir='ltr'><strong>exposuit.</strong></span> <span class='ocrx_word' id='word_1_781' title='bbox 2829 5041 3243 5122; x_wconf 66' lang='lat' dir='ltr'><strong>&#39;Posteaquam,</strong></span> <span class='ocrx_word' id='word_1_782' title='bbox 3293 5053 3390 5115; x_wconf 89' lang='lat' dir='ltr'><strong>ait,</strong></span> <span class='ocrx_word' id='word_1_783' title='bbox 3452 5053 3506 5105; x_wconf 89' lang='lat' dir='ltr'><strong>in</strong></span> 
     </span>
    </p>
   </div>
   <div class='ocr_carea' id='block_1_112' title="bbox 1933 5143 3506 5226">
    <p class='ocr_par' dir='ltr' id='par_1_112' title="bbox 1933 5143 3506 5226">
     <span class='ocr_line' id='line_1_112' title="bbox 1933 5143 3506 5226; baseline -0.008 -16"><span class='ocrx_word' id='word_1_784' title='bbox 1933 5156 2164 5226; x_wconf 86' lang='lat' dir='ltr'><strong>patriam</strong></span> <span class='ocrx_word' id='word_1_785' title='bbox 2200 5168 2354 5206; x_wconf 87' lang='lat' dir='ltr'><strong>suam</strong></span> <span class='ocrx_word' id='word_1_786' title='bbox 2382 5149 2554 5204; x_wconf 82' lang='lat' dir='ltr'><strong>Juda-i</strong></span> <span class='ocrx_word' id='word_1_787' title='bbox 2593 5146 2799 5200; x_wconf 88' lang='lat' dir='ltr'><strong>reversi</strong></span> <span class='ocrx_word' id='word_1_788' title='bbox 2830 5143 3084 5209; x_wconf 84' lang='lat' dir='ltr'><strong>fuissent,</strong></span> <span class='ocrx_word' id='word_1_789' title='bbox 3119 5160 3286 5214; x_wconf 85' lang='lat' dir='ltr'><strong>seque</strong></span> <span class='ocrx_word' id='word_1_790' title='bbox 3318 5160 3506 5198; x_wconf 88' lang='lat' dir='ltr'><strong>rursus</strong></span> 
     </span>
    </p>
   </div>
   <div class='ocr_carea' id='block_1_113' title="bbox 1932 5235 3505 5315">
    <p class='ocr_par' dir='ltr' id='par_1_113' title="bbox 1932 5235 3505 5315">
     <span class='ocr_line' id='line_1_113' title="bbox 1932 5235 3505 5315; baseline -0.008 -13"><span class='ocrx_word' id='word_1_791' title='bbox 1932 5251 1998 5302; x_wconf 86' lang='lat' dir='ltr'><strong>ad</strong></span> <span class='ocrx_word' id='word_1_792' title='bbox 2033 5245 2408 5315; x_wconf 59' lang='lat' dir='ltr'><strong>perscriptum</strong></span> <span class='ocrx_word' id='word_1_793' title='bbox 2443 5241 2576 5310; x_wconf 82' lang='lat' dir='ltr'><strong>legis</strong></span> <span class='ocrx_word' id='word_1_794' title='bbox 2599 5256 2626 5292; x_wconf 89' lang='lat' dir='ltr'><strong>a</strong></span> <span class='ocrx_word' id='word_1_795' title='bbox 2657 5235 2805 5291; x_wconf 80' lang='lat' dir='ltr'><strong>Mose</strong></span> <span class='ocrx_word' id='word_1_796' title='bbox 2845 5237 3056 5290; x_wconf 72' lang='lat' dir='ltr'><strong>tradita:</strong></span> <span class='ocrx_word' id='word_1_797' title='bbox 3093 5252 3288 5306; x_wconf 79' lang='lat' dir='ltr'><strong>magno</strong></span> <span class='ocrx_word' id='word_1_798' title='bbox 3320 5237 3505 5290; x_wconf 81' lang='lat' dir='ltr'><strong>studio</strong></span> 
     </span>
    </p>
   </div>
   <div class='ocr_carea' id='block_1_114' title="bbox 1932 5325 3509 5400">
    <p class='ocr_par' dir='ltr' id='par_1_114' title="bbox 1932 5325 3509 5400">
     <span class='ocr_line' id='line_1_114' title="bbox 1932 5325 3509 5400; baseline -0.007 -9"><span class='ocrx_word' id='word_1_799' title='bbox 1932 5337 2274 5392; x_wconf 81' lang='lat' dir='ltr'><strong>cont‘oruiare</strong></span> <span class='ocrx_word' id='word_1_800' title='bbox 2297 5333 2614 5400; x_wconf 86' lang='lat' dir='ltr'><strong>coepissent,</strong></span> <span class='ocrx_word' id='word_1_801' title='bbox 2671 5327 3041 5381; x_wconf 83' lang='lat' dir='ltr'><strong>Zorobabelus</strong></span> <span class='ocrx_word' id='word_1_802' title='bbox 3066 5325 3342 5380; x_wconf 86' lang='lat' dir='ltr'><strong>Salathieii</strong></span> <span class='ocrx_word' id='word_1_803' title='bbox 3366 5327 3509 5380; x_wconf 81' lang='lat' dir='ltr'><strong>[ilius</strong></span> 
     </span>
    </p>
   </div>
   <div class='ocr_carea' id='block_1_115' title="bbox 1932 5417 3508 5491">
    <p class='ocr_par' dir='ltr' id='par_1_115' title="bbox 1932 5417 3508 5491">
     <span class='ocr_line' id='line_1_115' title="bbox 1932 5417 3508 5491; baseline -0.008 -8"><span class='ocrx_word' id='word_1_804' title='bbox 1932 5446 1996 5483; x_wconf 78' lang='lat' dir='ltr'><strong>ex</strong></span> <span class='ocrx_word' id='word_1_805' title='bbox 2045 5427 2265 5482; x_wconf 85' lang='lat' dir='ltr'><strong>Judaica</strong></span> <span class='ocrx_word' id='word_1_806' title='bbox 2305 5425 2449 5478; x_wconf 88' lang='lat' dir='ltr'><strong>tribu</strong></span> <span class='ocrx_word' id='word_1_807' title='bbox 2506 5436 2733 5491; x_wconf 75' lang='lat' dir='ltr'><strong>regnum</strong></span> <span class='ocrx_word' id='word_1_808' title='bbox 2767 5419 2910 5489; x_wconf 86' lang='lat' dir='ltr'><strong>apud</strong></span> <span class='ocrx_word' id='word_1_809' title='bbox 2946 5433 3040 5473; x_wconf 89' lang='lat' dir='ltr'><strong>eos</strong></span> <span class='ocrx_word' id='word_1_810' title='bbox 3084 5417 3321 5485; x_wconf 86' lang='lat' dir='ltr'><strong>occepit.</strong></span> <span class='ocrx_word' id='word_1_811' title='bbox 3359 5417 3508 5482; x_wconf 79' lang='lat' dir='ltr'><strong>Qua-</strong></span> 
     </span>
    </p>
   </div>
   <div class='ocr_carea' id='block_1_116' title="bbox 1935 5508 3510 5590">
    <p class='ocr_par' dir='ltr' id='par_1_116' title="bbox 1935 5508 3510 5590">
     <span class='ocr_line' id='line_1_116' title="bbox 1935 5508 3510 5590; baseline -0.006 -16"><span class='ocrx_word' id='word_1_812' title='bbox 1935 5530 2159 5590; x_wconf 90' lang='lat' dir='ltr'><strong>propter</strong></span> <span class='ocrx_word' id='word_1_813' title='bbox 2187 5534 2310 5572; x_wconf 88' lang='lat' dir='ltr'><strong>cum</strong></span> <span class='ocrx_word' id='word_1_814' title='bbox 2343 5531 2576 5570; x_wconf 87' lang='lat' dir='ltr'><strong>vesanus</strong></span> <span class='ocrx_word' id='word_1_815' title='bbox 2614 5515 2704 5568; x_wconf 90' lang='lat' dir='ltr'><strong>ille</strong></span> <span class='ocrx_word' id='word_1_816' title='bbox 2729 5512 2981 5568; x_wconf 83' lang='lat' dir='ltr'><strong>Julianus</strong></span> <span class='ocrx_word' id='word_1_817' title='bbox 3016 5525 3244 5578; x_wconf 82' lang='lat' dir='ltr'><strong>regnum</strong></span> <span class='ocrx_word' id='word_1_818' title='bbox 3288 5508 3510 5564; x_wconf 87' lang='lat' dir='ltr'><strong>Davidis</strong></span> 
     </span>
    </p>
   </div>
   <div class='ocr_carea' id='block_1_117' title="bbox 1936 5599 3506 5670">
    <p class='ocr_par' dir='ltr' id='par_1_117' title="bbox 1936 5599 3506 5670">
     <span class='ocr_line' id='line_1_117' title="bbox 1936 5599 3506 5670; baseline -0.008 -4"><span class='ocrx_word' id='word_1_819' title='bbox 1936 5614 1989 5666; x_wconf 92' lang='lat' dir='ltr'><strong>in</strong></span> <span class='ocrx_word' id='word_1_820' title='bbox 2037 5613 2262 5665; x_wconf 78' lang='lat' dir='ltr'><strong>Sedecia</strong></span> <span class='ocrx_word' id='word_1_821' title='bbox 2313 5611 2474 5662; x_wconf 88' lang='lat' dir='ltr'><strong>tinem</strong></span> <span class='ocrx_word' id='word_1_822' title='bbox 2529 5606 2788 5660; x_wconf 82' lang='lat' dir='ltr'><strong>habuisse</strong></span> <span class='ocrx_word' id='word_1_823' title='bbox 2843 5603 2998 5665; x_wconf 91' lang='lat' dir='ltr'><strong>dicit,</strong></span> <span class='ocrx_word' id='word_1_824' title='bbox 3056 5600 3232 5670; x_wconf 86' lang='lat' dir='ltr'><strong>palam</strong></span> <span class='ocrx_word' id='word_1_825' title='bbox 3287 5599 3506 5664; x_wconf 87' lang='lat' dir='ltr'><strong>delirat,</strong></span> 
     </span>
    </p>
   </div>
   <div class='ocr_carea' id='block_1_118' title="bbox 1933 5690 3510 5777">
    <p class='ocr_par' dir='ltr' id='par_1_118' title="bbox 1933 5690 3510 5777">
     <span class='ocr_line' id='line_1_118' title="bbox 1933 5690 3510 5777; baseline -0.011 -17"><span class='ocrx_word' id='word_1_826' title='bbox 1933 5707 2150 5777; x_wconf 85' lang='lat' dir='ltr'><strong>quando</strong></span> <span class='ocrx_word' id='word_1_827' title='bbox 2180 5715 2298 5775; x_wconf 79' lang='lat' dir='ltr'><strong>post</strong></span> <span class='ocrx_word' id='word_1_828' title='bbox 2325 5702 2658 5772; x_wconf 73' lang='lat' dir='ltr'><strong>captititatis</strong></span> <span class='ocrx_word' id='word_1_829' title='bbox 2685 5709 2897 5766; x_wconf 89' lang='lat' dir='ltr'><strong>tempus</strong></span> <span class='ocrx_word' id='word_1_830' title='bbox 2921 5696 2973 5748; x_wconf 90' lang='lat' dir='ltr'><strong>in</strong></span> <span class='ocrx_word' id='word_1_831' title='bbox 3004 5693 3151 5761; x_wconf 84' lang='lat' dir='ltr'><strong>regio</strong></span> <span class='ocrx_word' id='word_1_832' title='bbox 3179 5691 3315 5744; x_wconf 87' lang='lat' dir='ltr'><strong>solio</strong></span> <span class='ocrx_word' id='word_1_833' title='bbox 3344 5690 3510 5744; x_wconf 87' lang='lat' dir='ltr'><strong>Zoro-</strong></span> 
     </span>
    </p>
   </div>
   <div class='ocr_carea' id='block_1_119' title="bbox 1937 5790 3510 5860">
    <p class='ocr_par' dir='ltr' id='par_1_119' title="bbox 1937 5790 3510 5860">
     <span class='ocr_line' id='line_1_119' title="bbox 1937 5790 3510 5860; baseline -0.013 -4"><span class='ocrx_word' id='word_1_834' title='bbox 1937 5799 2160 5856; x_wconf 62' lang='lat' dir='ltr'><strong>babclus</strong></span> <span class='ocrx_word' id='word_1_835' title='bbox 2185 5814 2314 5852; x_wconf 84' lang='lat' dir='ltr'><strong>cons</strong></span> <span class='ocrx_word' id='word_1_836' title='bbox 2351 5796 2448 5850; x_wconf 86' lang='lat' dir='ltr'><strong>dit.</strong></span> <span class='ocrx_word' id='word_1_837' title='bbox 2482 5793 2628 5847; x_wconf 82' lang='lat' dir='ltr'><strong>idem</strong></span> <span class='ocrx_word' id='word_1_838' title='bbox 2658 5791 2722 5846; x_wconf 88' lang='lat' dir='ltr'><strong>ad</strong></span> <span class='ocrx_word' id='word_1_839' title='bbox 2753 5798 3001 5860; x_wconf 81' lang='lat' dir='ltr'><strong>posteros</strong></span> <span class='ocrx_word' id='word_1_840' title='bbox 3031 5794 3306 5853; x_wconf 85' lang='lat' dir='ltr'><strong>sceptrum</strong></span> <span class='ocrx_word' id='word_1_841' title='bbox 3336 5790 3510 5837; x_wconf 81' lang='lat' dir='ltr'><strong>trans-</strong></span> 
     </span>
    </p>
   </div>
  </div>
