4212 6448
228 396 325 463 381

1457 402 1859 464 ANNALIUM
1901 382 2095 464 ﬂans
2141 405 2228 466 II.

3354 408 3457 475 382

226 508 488 562 ὲπαοιδῶν
537 509 706 578 (Θεοῦ
741 510 850 580 γὰρ
888 510 1074 579 ἔλεγον
1098 509 1166 564 τά
1186 512 1406 565 τοιαῦτα
1433 515 1792 583 πράγματα),

1903 526 2010 570 tus.
2042 516 2389 585 Quapropter
2433 526 2786 585 experrectus
2829 518 3102 585 quodnam
3140 520 3326 574 Γιιῐεδιιί
3360 538 3461 574 nn-

224 603 251 653 6
282 603 570 670 προφήτης
594 603 901 673 μετεκλήθη
944 604 1165 673 Δανιὴλ,
1202 609 1295 657 καὶ
1340 604 1413 665 ὡς
1444 601 1555 672 εἶχε
1594 605 1661 657 τὰ
1692 606 1787 673 τῆς

222 692 464 759 ὁράσεως
499 693 578 762 τῷ
621 694 836 763 βασιλεῖ
887 694 1209 764 διεσάφησε.
1272 694 1550 747 Μανθάνει
1616 693 1792 748 ταῦτα

225 782 315 835 καὶ
366 782 677 854 Βαλθάσαρ,
730 785 947 837 καὶτὸν
989 787 1276 853 προφήτην
1310 785 1371 836 οὺ
1406 784 1616 853 μικρῶς
1650 786 1793 838 αίτεῖ

226 876 351 942 περὶ
373 875 473 942 τῆς
495 876 796 937 ἐπιλύσεως
825 877 935 929 τῶν
962 876 1273 945 ὁραθέντων
1301 877 1496 945 ἐκείνῳ
1522 876 1790 945 γραμμά-

224 979 353 1017 των.
387 965 635 1019 Πείθεται
664 961 757 1020 οὖν
785 968 881 1019 καί
942 983 1075 1035 φησι
1110 968 1246 1035 πρὸς
1301 968 1465 1021 αὐτόν
1487 984 1500 998 ⁸
1556 986 1574 1017 ι
1608 966 1789 1036 Μανὴ,

225 1058 530 1128 ἠρίθμησεν
553 1062 579 1113 6
612 1060 743 1123 Θεὸς
768 1061 867 1130 τὴν
895 1060 1176 1130 βασιλείαν
1202 1078 1294 1113 σου
1326 1062 1420 1114 καὶ
1457 1060 1750 1129 ἐπλήρωσε
1772 1078 1788 1093 ⁶

222 1149 380 1203 τοῦτο
410 1153 520 1221 γὰρ
551 1152 905 1223 ἑρμηνεύειή
949 1152 1096 1222 Σύρα
1149 1152 1365 1219 γλῶττα
1398 1152 1496 1203 καὶ
1542 1151 1789 1221 Ἐϐρατς.

221 1240 412 1305 Θεκὲλ,
469 1242 817 1312 ὲστάθμησεν
847 1245 874 1295 6
916 1241 1049 1305 Θεὸς
1095 1242 1197 1311 τὴν
1229 1242 1509 1311 βασιλείαν
1541 1258 1661 1308 σου,
1695 1244 1792 1296 καὶ

221 1333 418 1403 εὑρέθη
446 1334 772 1404 ὑστεροῦσα.
829 1334 1025 1404 Φαρὲς,
1056 1334 1310 1404 διῄρηται
1356 1336 1451 1387 καὶ
1484 1335 1513 1403 ἡ
1546 1334 1793 1403 βασιλεία

224 1440 319 1477 σου
344 1413 439 1477 καὶ
468 1424 623 1495 ἐδόθη
657 1426 893 1494 Πέρσαις
919 1427 1013 1478 καὶ
1034 1422 1260 1495 Μήδοις.
1315 1444 1333 1477 ›
1374 1426 1509 1479 Τότε
1552 1426 1658 1479 ’καὶ
1684 1421 1793 1497 γὰρ

228 1514 387 1581 μόνον
434 1510 502 1584 ἦν
550 1517 585 1583 ὴ
639 1513 888 1583 βασιλεία
938 1515 1047 1567 τῶν
1095 1515 1478 1569 Βαϐυλωνίων.
1520 1515 1576 1569 Ὀ
1612 1518 1794 1571 τοίνυν

223 1603 515 1676 Βαλθάσαρ
568 1606 637 1658 τὰ
664 1605 1060 1675 συμϐησόμενα
1099 1604 1246 1674 αὐτῷ
1274 1604 1425 1659 δεινὰ
1456 1605 1795 1677 μεμαθηκὼς

223 1696 286 1749 οὐ
321 1696 608 1765 μόνονούκ
656 1696 985 1766 ἐδυσχέρανε
1016 1697 1157 1749 κατὰ
1178 1696 1270 1749 τοῦ
1297 1695 1515 1765 Δανιὴλ,
1538 1695 1676 1749 ἀλλὰ
1698 1698 1795 1750 καὶ

224 1788 300 1849 ὡς
331 1788 620 1858 ὑπέσχετο,
676 1784 903 1859 δωρεαῖς
960 1788 1125 1840 αὑτὸν
1180 1788 1468 1857 μεγίσταις
1496 1787 1790 1858 ἠμείψατο,

225 1878 511 1949 πορφύραν
556 1880 785 1943 ἔνδύσας
842 1884 937 1934 καὶ⁸
984 1880 1221 1952 χρυσοῦν
1271 1880 1587 1949 μανιάκιον.
1627 1879 1795 1933 Ἀλλὰ

222 1970 319 2022 καὶ
345 1971 627 2040 ἐρωτήσας
660 1971 822 2026 αὑτὸν
858 1973 1008 2034 ὅπως
1054 1971 1400 2041 ἑξευμενίσαι
1447 1972 1704 2042 δυνηθείη
1735 1972 1797 2026 τὸ

217 2058 401 2129 Θεῖον,
427 2060 694 2131 ὴκουσενο
749 2080 768 2114 ι
814 2063 909 2117 Ἐν
951 2062 1345 2133 ὲλεημοσύναις
1396 2063 1493 2125 τὰς
1518 2062 1795 2133 ἁμαρτίας

228 2168 324 2205 σου
354 2152 654 2225 λύτρωσαι,
692 2156 786 2208 καὶ
829 2155 1086 2210 ἀσέϐειάν
1143 2172 1237 2210 σου
1268 2158 1326 2209 ὲν
1356 2155 1662 2226 οίκτιρμοῖς
1695 2173 1793 2208 πε-

226 2245 426 2314 νήτων.
449 2264 479 2299 ν

1896 615 2147 660 cturnum
2198 607 2327 660 illud
2367 606 2566 671 visum,
2616 623 2948 678 cognoscere
2978 610 3133 679 201
3174 613 3461 682 gestiebat.

1897 698 1996 752 llic
2048 714 2170 752 cum
2217 714 2408 752 omnes
2446 699 2616 767 ipsius
2671 699 2952 768 sapientes
3000 717 3064 754 ac
3116 702 3254 770 magi
3293 704 3358 756 de
3408 719 3464 757 re

1897 789 2296 857 desperassent,
2321 790 2464 857 quod
2492 789 2647 843 eﬂ'ari
2678 792 2801 843 talia
2834 793 3003 845 solius
3027 807 3149 846 esse
3186 793 3275 847 Dei
3312 794 3462 848 diee-

1898 889 2041 945 rent,
2080 879 2295 933 tandem
2346 890 2498 935 vates
2531 881 2787 936 Danielus
2834 883 3130 937 arcessitus
3162 885 3274 954 regi
3310 902 3462 940 som-

1897 971 2048 1023 nium
2102 986 2262 1025 suum
2318 972 2592 1040 exposuit.
2636 972 2759 1026 Haec
2811 974 2887 1026 ita
2940 985 3048 1027 tum
3104 974 3275 1030 fuisse
3318 989 3465 1046 gesta

1899 1059 2184 1114 ltaltltasar
2245 1064 2545 1132 c0gnoscit.
2606 1064 2949 1132 Quapropter
3001 1075 3178 1119 vatem
3233 1067 3467 1122 sollicite

1899 1158 2054 1221 rogat
2087 1152 2296 1221 utquid
2326 1169 2405 1206 eae
2440 1154 2544 1207 sibi
2582 1154 2773 1208 littera:
2808 1154 3031 1221 vellent,
3063 1171 3199 1225 quas
3233 1173 3459 1227 conspe-

1899 1242 2109 1306 xisset,
2173 1243 2496 1298 declararet.
2564 1243 2660 1298 Cui
2728 1242 2985 1299 Danielus
3077 1250 3465 1316 acquiescens,

1905 1350 1923 1382 ι
1966 1332 2229 1398 Verbum,
2254 1334 2453 1403 inquit,
2480 1333 2636 1389 Mane
2660 1336 2886 1390 denotat
2919 1335 3092 1391 Deum
3124 1353 3298 1393 annos
3320 1342 3467 1409 reg-ii
3564 1386 3567 1389 .

1899 1426 1978 1478 tui
2002 1440 2319 1479 numerasse
2350 1441 2413 1480 ac
2435 1427 2828 1493 complevisse;
2857 1443 2983 1481 nam
3016 1430 3468 1500 signiﬁcationem

1900 1516 2226 1571 numerandi
2256 1526 2363 1571 tam
2385 1515 2520 1583 Syra
2553 1532 2715 1587 quam
2744 1518 2970 1574 Hebraea
2991 1521 3047 1574 in
3077 1523 3260 1591 lingua
3283 1524 3466 1578 habet.

1902 1604 2103 1659 Tliecel
2160 1606 2423 1675 appendit
2452 1606 2519 1660 ad
2544 1613 2810 1660 stateram
2842 1607 2984 1662 Deus
3025 1623 3249 1678 regnum
3292 1618 3467 1669 tuum.

1902 1692 2066 1762 idque
2105 1694 2252 1763 justo
2311 1695 2556 1764 pondere
2596 1694 2827 1750 deﬁcere
2858 1695 3235 1765 deprellendit.
3266 1698 3472 1753 Pbarcs

1902 1784 2137 1840 divisum
2167 1794 2250 1840 est
2276 1801 2503 1856 regnum
2548 1795 2700 1840 tuum
2729 1801 2792 1841 ac
2821 1787 3002 1842 Persis
3036 1787 3315 1858 Medisque
3341 1805 3472 1843 con-

1897 1890 2115 1932 cessum
2133 1878 2201 1931 “.
2230 1896 2255 1929 ν
2298 1878 2511 1959 Etenim
2542 1878 2596 1931 id
2629 1879 2893 1948 temporis
2918 1879 3017 1932 soli
3053 1878 3337 1950 Babylonii
3373 1896 3473 1949 per

1900 1971 2086 2024 orbem
2128 1970 2449 2041 regnabant.
2506 1971 2615 2024 llas
2658 1970 2999 2025 calamitates
3028 1987 3151 2026 cum
3184 1972 3471 2025 imminere

1901 2061 2002 2116 sibi
2029 2060 2319 2116 Balthasar
2343 2062 2411 2116 de
2437 2061 2577 2116 vatis
2605 2061 2938 2117 indicatione
2967 2064 3332 2133 cognovisset,
3361 2080 3471 2117 non

1903 2152 2066 2207 modo
2110 2166 2224 2206 non
2272 2152 2588 2207 succensuit
2644 2152 2885 2218 Danielo,
2922 2168 3110 2207 verum
3158 2154 3346 2218 etiam,
3395 2156 3473 2208 uti

1902 2245 2180 2316 pollicitus
2216 2243 2416 2309 fuerat,
2446 2243 2806 2312 amplissimis
2850 2257 2977 2299 eum
3014 2246 3337 2299 muneribus
3379 2261 3473 2300 or-

218 2338 403 2402 ‘navit,
428 2354 677 2415 purpura
704 2339 963 2405 videlicet
1023 2347 1523 2411 aureoquetorqne
1584 2340 1865 2394 donatum.
1906 2336 2157 2407 Cumque
2206 2346 2383 2389 vatem
2438 2334 2833 2405 interrogasset
2886 2351 2996 2405 quo
3058 2348 3216 2405 pacto
3270 2357 3474 2396 numen

227 2430 477 2485 divinum
545 2431 763 2502 placare
814 2440 1039 2501 posset,
1099 2448 1425 2504 responsum
1482 2431 1796 2503 huiusmodi
1870 2428 1993 2484 tulit
2025 2446 2040 2484 :
2079 2446 2099 2479 ι
2130 2426 2497 2482 Beneﬁcentia
2536 2426 2748 2480 redime
2785 2426 2984 2481 delicta
3017 2437 3131 2495 tua,
3190 2437 3249 2484 et
3281 2431 3476 2501 impie-

226 2535 398 2580 tatem
429 2534 575 2579 tuam
605 2527 1080 2582 commiseratione
1102 2542 1236 2599 erga
1275 2542 1565 2597 pauperes.
1598 2546 1620 2578 ι
1832 2594 1835 2596 _

302 2618 457 2671 Μετὰ
486 2618 541 2670 δὲ
570 2619 741 2672 ταῦτα
776 2619 1061 2689 στρατεύει
1084 2620 1228 2672 κατὰ
1256 2619 1616 2674 Βαϐυλωνίων
1640 2622 1667 2673 ὁ
1697 2622 1802 2672 Δα-

229 2711 380 2779 ρεῖος
410 2708 544 2779 (Η),
568 2710 709 2763 κατὰ
730 2709 829 2780 τὴν
858 2711 951 2763 τοῦ
980 2711 1175 2781 Δανιὴλ
1204 2710 1530 2781 πρόρρησιν,
1562 2712 1653 2764 καὶ
1677 2709 1800 2777 ἄγει

229 2802 331 2853 σὺν
368 2805 480 2863 τοῖς
518 2800 725 2864 λοιποῖς
756 2801 1126 2870 αἰχμαλώτοις
1162 2804 1256 2853 καὶ
1282 2802 1444 2855 αὑτὸν
1466 2802 1556 2855 τδν
1576 2800 1801 2870 Δανιὴλ,

214 2890 291 2943 ’ὃν
317 2892 411 2943 καὶ
442 2891 531 2945 διὰ
559 2893 725 2959 τιμῆς
776 2889 889 2962 εἶχε
942 2882 1166 2957 πολλῆς.
1223 2892 1517 2946 Φθονοῦσιν
1572 2892 1721 2962 αὐτῷ
1752 2894 1802 2945 οἱ

156 3054 164 3059 ε
230 2986 535 3053 σατράπαι.
572 2985 829 3036 Πείθουσι
858 2983 948 3035 τὸν
983 2983 1210 3053 βασιλέα
1243 2984 1453 3038 τοιάνδε
1487 2985 1679 3037 θέσθαι
1706 2984 1802 3037 κέ-

227 3069 440 3136 λευσιν,
473 3071 532 3134 ὃς
566 3070 632 3124 ἂν
655 3071 907 3141 εὑρεθείη
940 3071 1237 3142 εὖξάμενος
1283 3077 1363 3136 είς
1398 3073 1550 3135 Θεὸν,
1588 3073 1666 3143 τῷ
1694 3073 1803 3127 τῶν

229 3161 469 3214 λεόντων
516 3163 857 3233 ἐμϐληθῆναι
903 3164 1115 3234 λάκκῳ.
1165 3165 1225 3217 '0
1252 3166 1380 3233 γοῦν
1410 3166 1608 3234 Δανιὴλ
1640 3168 1806 3235 μηδὲν

1982 2610 2296 2666 Secundum
2328 2610 2443 2665 haec
2484 2609 2675 2665 Darius
2710 2612 3017 2665 exercitum
3064 2611 3117 2664 in
3157 2611 3477 2684 Babylonios

1903 2703 2078 2768 ducit,
2110 2701 2567 2771 quemadmodum
2619 2701 2877 2755 Danielus
2924 2702 3167 2756 futurum
3215 2708 3481 2774 pnedixe-

1906 2803 2011 2847 rat.
2052 2791 2103 2846 ls
2128 2793 2272 2845 inter
2294 2792 2540 2859 captivos
2564 2802 2792 2845 caeteros
2822 2791 2997 2860 ipsum
3033 2807 3248 2861 quoque
3282 2795 3480 2850 Danie-

1908 2885 2018 2939 lum
2049 2883 2300 2950 abd‘uxit,
2342 2891 2399 2937 et
2443 2897 2639 2952 magno
2669 2882 2931 2950 deinceps
2968 2882 3023 2935 in
3065 2884 3241 2951 pretio
3270 2885 3479 2940 habuit.

1908 2974 2048 3030 Hinc
2097 2985 2213 3030 orta
2274 2983 2615 3043 satraparum
2665 2973 2870 3027 invidia
2919 2994 2930 3027 :
2989 2975 3317 3041 persuadent
3366 2977 3481 3047 regi

1911 3067 2223 3121 mandatum
2260 3076 2318 3120 ut
2344 3065 2670 3141 publicaret,
2692 3078 2800 3131 quo
2826 3062 3228 3133 signiﬁcaretur
3262 3066 3481 3120 leonum

1886 3159 1965 3212 in
1995 3158 2207 3213 faveam
2244 3156 2614 3224 abjiciendum
2648 3170 2791 3217 esse,
2827 3156 2921 3224 qui
2960 3169 2992 3208 a
3039 3154 3150 3209 Deo
3183 3158 3481 3225 quidquam

224 3254 443 3306 τούτων
476 3255 767 3323 φροντίσας
798 3254 997 3324 ηὖχετο
1031 3256 1111 3319 είς
1150 3256 1304 3314 Θεό-θ.
1342 3258 1460 3325 Ἐφ’
1492 3251 1536 3325 ᾧ
1568 3258 1661 3311 καὶ
1695 3261 1804 3322 τοῖς

1910 3258 2095 3320 petere
2121 3246 2644 3317 deprehenderetur.
2676 3244 2791 3300 Hoc
2814 3245 3052 3299 edictum
3093 3245 3351 3299 Danielus
3376 3252 3483 3300 mi-

232 3344 420 3397 λέουσι
439 3345 812 3413 παραδίδοται.
839 3346 1003 3400 Ἀλλά
1027 3347 1163 3409 σῶος
1180 3351 1245 3417 τῇ
1272 3346 1534 3418 ἐπαύριον
1558 3348 1651 3401 τοῦ
1676 3350 1806 3402 λάκε

233 3451 339 3486 κου
385 3434 685 3503 ἐξέρχεται.
723 3436 844 3490 Τῶν
869 3437 925 3490 δὲ
959 3438 1224 3489 εἰπόντων
1254 3439 1328 3506 μὴ
1372 3438 1546 3499 ἄλλως
1576 3438 1666 3491 τὸν
1700 3439 1806 3489 Δα-

224 3524 358 3595 νιὴλ
400 3527 661 3595 σωθῆναι,
692 3529 741 3578 εί
772 3528 846 3597 μὴ
875 3532 1199 3599 κατακορεῖς
1232 3525 1373 3599 ἦσαν
1404 3530 1451 3580 oi
1482 3530 1715 3594 λέοντες,
1757 3529 1810 3580 τί

155 3611 171 3623 “
232 3619 484 3684 γίνεται;
547 3619 669 3681 Τοῖς
712 3619 893 3673 λέουσι
945 3622 1039 3673 καὶ
1092 3622 1247 3674 αὐτοὶ
1274 3621 1684 3690 παρατίθενται,
1720 3623 1811 3673 καὶ

232 3706 448 3771 εὐθέως
481 3708 617 3779 βορὰ
668 3708 882 3772 τούτοις
911 3710 1177 3778 γίνονται.
1230 3711 1386 3763 Μετὰ
1415 3710 1609 3775 ταῦτα,
1644 3711 1811 3780 ἧγουν

242 3798 389 3867 μετὰ
410 3799 532 3859 τοὺς
562 3798 803 3862 λέοντας,
840 3800 908 3853 τὰ
936 3800 1119 3868 ὲκητῆς
1166 3800 1444 3869 θαλάσσης
1474 3802 1813 3870 ἀνερχόμενα

233 3889 488 3957 τέσσαρα
524 3889 688 3960 θηρία
717 3892 817 3961 ὁρᾷ
836 3906 850 3921 °
878 3892 972 3943 καὶ
1005 3891 1033 3941 6
1072 3889 1315 3959 Γαϐριὴλ
1344 3888 1400 3940 δὲ
1433 3891 1492 3942 ὲν
1517 3889 1684 3959 πεδίῳ
1707 3888 1815 3940 τινὶ

234 3978 553 4048 διαλέγεται
593 3980 741 4050 αὐτῷ
775 3980 868 4032 καὶ
893 3982 962 4032 τά
995 3977 1258 4049 μέλλοντα
1289 3978 1552 4032 διδάσκει.

318 4255 476 4311 Μετὰ
525 4255 699 4309 ταῦτα
746 4271 938 4325 κρατε.
990 4254 1174 4325 Κῦρος
1227 4257 1255 4309 6
1309 4255 1549 4326 Πέρσης,
1584 4253 1674 4309 τδν
1722 4252 1818 4306 τοῦ

254 4349 564 4416 ’Δστυάγου
596 4350 817 4418 Δαρεῖον
847 4348 1050 4401 ἀνελὼν
1101 4348 1306 4400 καὶτὸν
1358 4349 1591 4417 Κροῖσον
1619 4347 1819 4415 ἀφαιί-

244 4457 371 4501 σας.
398 4439 531 4491 Τότε
563 4439 647 4509 δὴ,
688 4440 808 4491 τότε
840 4440 867 4490 6
894 4438 1090 4509 Δανιὴλ
1123 4441 1220 4492 καὶ
1244 4439 1304 4490 τὸ
1327 4439 1435 4490 τῶν
1465 4438 1821 4493 Βαϐυλωνίων

241 4532 489 4597 εἴδωλον,
551 4533 713 4584 αὑτὸν
734 4532 934 4601 δηλαδὴ
958 4533 1049 4584 τὸν
1078 4530 1210 4601 Βὴλ,
1233 4533 1298 4583 ὲκ
1327 4532 1493 4600 μέσου
1525 4533 1818 4599 πεποίηκε,

239 4621 343 4673 καὶ
386 4620 485 4690 τὴν
540 4620 645 4672 τῶν
693 4622 883 4690 ίερέων
939 4620 1278 4688 κακουργίαν
1326 4620 1415 4673 διὰ
1458 4621 1557 4688 τῆς
1589 4620 1819 4690 αἰθὰλης

241 4712 577 4781 ὰπήλεγξεν.
617 4713 859 4781 Ἀναιρεῖ
887 4712 944 4764 δὲ
979 4715 1074 4766 καὶ
1101 4713 1192 4765 τὸν
1233 4712 1363 4783 παρ’
1392 4713 1623 4775 ἐκείνοις
1648 4714 1823 4783 τιμώ-

246 4824 415 4879 μενον
454 4806 743 4875 δράκοντα.
794 4801 923 4856 Εἶτα
975 4804 1068 4870 τίς
1111 4804 1530 4856 Ἐπανίστανται
1563 4803 1703 4856 κατά
1732 4803 1824 4856 τοῦ

244 4899 437 4969 Κύρου
466 4898 539 4958 ὡς
565 4891 733 4965 δῆθεν
759 4894 1120 4957 ίυυδαϊζοντος
1150 4895 1199 4946 οί
1231 4895 1417 4963 ίερείς,
1444 4893 1660 4946 ἔκδοτον
1684 4894 1749 4944 λα
1760 4910 1826 4961 μ·

243 4993 479 5046 ϐάνουσι
508 4991 601 5043 τὸν
626 4989 845 5059 Δανιὴλ,
876 4990 967 5040 καὶ
1004 4986 1155 5050 ὲνοέξ
1178 4988 1412 5057 ἡμέραις
1444 4986 1632 5056 λάκκῳ
1659 5001 1825 5037 κατα-

242 5084 546 5148 κλείουσιν,
602 5080 739 5134 ὲπτὰ
791 5079 976 5131 λέουσι
1031 5077 1367 5146 παραδόντες
1431 5077 1613 5130 αὐτόν.
1662 5076 1825 5128 Ἀλλά

243 5178 472 5248 βληθεὶς
494 5174 591 5226 καὶ
615 5174 737 5225 τότε
772 5170 1015 5239 ἀϐλαϐὴς
1044 5170 1313 5238 διαμένει.
1375 5168 1694 5237 Τηνικαῦτα
1728 5169 1826 5222 καὶ

239 5273 271 5325 ὁ
310 5267 597 5335 ’Δϐακοὺμ
654 5267 711 5316 ὲν
741 5264 945 5333 ἀκαρεῖ
1004 5262 1082 5332 τῷ
1125 5260 1325 5329 Δανιὴλ
1365 5259 1679 5329 ἐφίσταται,
1729 5262 1825 5313 καὶ

244 5361 433 5417 ταῦτα
487 5358 583 5412 τοῦ
636 5358 841 5412 λάκκου
904 5354 1352 5426 ἐσφραγισμένου
1387 5354 1560 5419 ὄντος,
1598 5355 1658 5407 τὸ
1716 5355 1824 5407 τῶν

324 5527 373 5560 ⁸⁸
393 5526 534 5581 Dan.
557 5542 608 5589 v,
630 5524 722 5580 26.

324 5688 440 5757 (Η)
494 5686 624 5752 Qua:
670 5686 759 5757 hie
818 5694 1115 5757 narrantur
1174 5682 1241 5757 de
1278 5680 1658 5757 expeditione
1683 5678 1830 5732 Darii

244 5751 397 5813 Medi
424 5751 482 5809 in
511 5756 854 5826 Babylonios,
883 5764 967 5826 et.
984 5754 1052 5807 de
1082 5752 1428 5826 captivitate
1456 5751 1693 5826 Danielis
1722 5764 1831 5803 non

252 5836 572 5885 consonant
598 5821 768 5881 sacris
794 5825 1025 5895 paginis,
1054 5840 1154 5879 nec
1186 5838 1305 5891 qua:
1336 5821 1716 5892 subjiciuntur
1779 5827 1843 5874 de

1914 3343 2061 3395 nime
2094 3338 2384 3403 reveritus,
2418 3337 2589 3391 Deum
2621 3338 2878 3405 precibus
2908 3336 3255 3405 implorabat.
3289 3338 3488 3402 Quam-

1912 3430 2098 3483 obrem
2127 3429 2374 3482 leonibus
2402 3427 2676 3496 objicitur,
2704 3426 2797 3480 sed
2826 3426 3002 3479 altero
3033 3442 3153 3481 mox
3187 3427 3274 3480 die
3302 3427 3413 3481 ειιΙν
3426 3444 3489 3483 us

1914 3535 1943 3573 c
1978 3520 2134 3573 fovea
2168 3518 2533 3589 progreditur.
2567 3517 2668 3571 llic
2712 3516 2790 3570 illi
2832 3517 3017 3570 dicere
3064 3517 3345 3570 Danielum
3380 3518 3487 3571 alia

1912 3613 2058 3666 nulla
2082 3612 2146 3666 de
2167 3627 2327 3666 causa
2353 3612 2679 3666 incolumem
2698 3610 2935 3663 evasisse
2955 3625 3116 3679 quam
3138 3610 3281 3677 quod
3300 3610 3487 3664 leones

1913 3704 2081 3757 saturi
2138 3702 2389 3757 fuissent.
2445 3702 2584 3764 Ouid
2642 3702 2769 3755 inde
2817 3701 3058 3755 factum?
3107 3700 3214 3769 lpsi
3269 3716 3489 3770 quoque

1912 3794 2166 3848 leonibus
2187 3794 2543 3862 objiciuntur.
2571 3800 2626 3847 et
2652 3794 2718 3847 ab
2745 3793 2823 3846 eis
2846 3792 3111 3846 continuo
3134 3795 3487 3845 devnrantur.

1915 3885 2045 3938 Post
2074 3884 2128 3937 id
2162 3885 2420 3952 temporis
2444 3883 2667 3937 Danielo
2692 3883 2866 3937 visum
2897 3881 3144 3944 utl‘ertur,
3167 3896 3275 3950 quo
3298 3898 3326 3933 e
3356 3883 3492 3936 mari

1917 3975 2171 4029 animalia
2197 3984 2432 4044 quatuor
2451 3974 2635 4043 egredi
2661 3974 2864 4037 cernit;
2899 3974 3233 4042 angelusque
3260 3971 3491 4027 Gabrie-

1919 4066 2004 4119 lns
2045 4067 2277 4134 quodam
2319 4066 2373 4118 in
2421 4074 2582 4134 prato
2613 4079 2738 4118 cum
2786 4064 2907 4133 ipso
2947 4063 3265 4131 colloquens
3311 4063 3494 4118 fututa

1921 4158 2182 4214 declarat.
2210 4188 2217 4191 Α

1995 4262 2262 4331 Deinceps
2318 4260 2548 4330 imperio
2603 4259 2776 4330 Cyrus
2832 4257 2993 4313 Persa
3054 4258 3283 4326 potitur,
3336 4256 3495 4311 Dario

1923 4353 2172 4424 Astyagis
2205 4353 2316 4407 tilia
2370 4353 2642 4407 exstincto
2685 4353 3005 4419 sublatoque
3046 4351 3112 4403 de
3148 4349 3325 4403 medio
3373 4365 3498 4417 rege.

1923 4446 2134 4500 Croeso.
2178 4445 2234 4499 ld
2284 4445 2549 4513 temporis
2598 4442 2853 4496 Danielus
2897 4441 3085 4494 Belum
3140 4440 3497 4493 simulacrum

1926 4537 2346 4607 Babyloniorum
2387 4535 2643 4597 abolevit.
2678 4546 2732 4589 et
2782 4534 3186 4603 improbitatem
3223 4532 3502 4607 sacriﬁea-

1928 4645 2048 4683 rum
2085 4645 2181 4697 per
2212 4629 2451 4682 cinerem
2484 4626 2749 4697 coarguit.
2782 4623 3017 4679 Sustulit
3048 4624 3175 4677 item
3207 4606 3499 4677 draconem

1931 4720 2081 4773 illum
2116 4734 2276 4789 quem
2314 4718 2567 4788 religiose
2595 4717 3016 4791 venerabantur.
3044 4716 3181 4768 Hinc
3210 4714 3411 4767 factum
3446 4726 3504 4766 ut

1933 4819 2052 4865 orta
2085 4808 2459 4879 saeriticorum
2496 4807 2764 4861 seditione
2804 4806 3065 4859 adversus
3093 4802 3315 4872 Cyrum,
3350 4802 3501 4871 quasi

1933 4902 2042 4972 jam
2070 4913 2256 4970 aperte
2286 4900 2676 4968 judaizanletn,
2711 4884 2967 4951 Danielus
3011 4896 3092 4950 eis
3121 4894 3415 4949 dederetur
3453 4902 3509 4947 et

1932 5002 2074 5046 totos
2098 5008 2195 5047 sex
2228 4991 2344 5045 dies
2371 4991 2423 5043 in
2460 4992 2648 5044 eadem
2682 5004 2803 5044 cum
2839 4998 3044 5058 septem
3074 4986 3326 5059 leonibus
3353 4984 3506 5037 fovea

1932 5084 2375 5137 concluderetur.
2407 5080 2602 5135 Verum
2634 5095 2703 5134 ne
2729 5092 2838 5133 tum
2868 5079 3085 5148 quidem
3114 5077 3275 5144 202
3305 5075 3507 5143 aliquid

1932 5176 2248 5231 detrimenti
2273 5174 2504 5242 accepit.
2535 5173 2676 5237 Quin
2706 5172 2867 5225 etiam
2900 5178 3048 5223 vates
3075 5169 3424 5220 Abbacumns
3454 5165 3506 5215 in

1933 5267 2075 5322 oculi
2116 5271 2395 5318 momento
2436 5264 2503 5317 ad
2557 5263 2840 5316 Danielum
2892 5258 3158 5330 pervenit,
3199 5269 3511 5326 quanquam

1937 5359 2090 5413 fovea
2125 5358 2242 5428 ipsa
2276 5357 2562 5428 obsignata
2596 5356 2762 5420 foret,
2800 5355 2960 5424 eique
2995 5362 3209 5407 coctum
3246 5347 3508 5404 messori-

1953 5678 2094 5750 Cyro
2116 5678 2368 5733 eumdem
2408 5656 3091 5750 Danielem:perrnittentf
3148 5664 3397 5750 cont-ludi
3456 5667 3513 5723 in

1952 5740 2141 5802 eadem
2176 5764 2301 5802 cum
2335 5760 2545 5816 septem
2578 5740 2826 5816 leonibus
2851 5744 3023 5816 lnv'ra.
3059 5740 3211 5816 'lautt
3253 5746 3336 5788 est
3364 5740 3515 5802 ipsos

1954 5821 2107 5875 adire
2140 5819 2347 5889 futiles,
2386 5808 2487 5874 nec
2516 5818 2569 5872 in
2605 5813 2917 5870 haurit-udis
2945 5810 3149 5866 lacunis
3181 5808 3408 5861 haerere.
