  <div class='ocr_page' id='page_1' title='image "/cluster/home/n/w/nwhite01/storage/ocr_20150623/158/nnc1.0046980636/236.png"; bbox 0 0 4212 6448; ppageno 0'>
   <div class='ocr_carea' id='block_1_1' title="bbox 263 407 364 470">
    <p class='ocr_par' dir='ltr' id='par_1_1' title="bbox 263 407 364 470">
     <span class='ocr_line' id='line_1_1' title="bbox 263 407 364 470; baseline -0.01 0"><span class='ocrx_word' id='word_1_1' title='bbox 263 407 364 470; x_wconf 81' lang='lat'><strong>397</strong></span> 
     </span>
    </p>
   </div>
   <div class='ocr_carea' id='block_1_2' title="bbox 1507 396 3498 502">
    <p class='ocr_par' dir='ltr' id='par_1_2' title="bbox 1507 396 3498 502">
     <span class='ocr_line' id='line_1_2' title="bbox 1507 396 3498 502; baseline 0.008 -18"><span class='ocrx_word' id='word_1_2' title='bbox 1507 427 1907 489; x_wconf 70' lang='lat' dir='ltr'><strong>ANNALIUM</strong></span> <span class='ocrx_word' id='word_1_3' title='bbox 1950 432 2141 491; x_wconf 61' lang='lat' dir='ltr'><strong>rans</strong></span> <span class='ocrx_word' id='word_1_4' title='bbox 2184 410 2309 496; x_wconf 75' lang='lat' dir='ltr'><strong>Ill.</strong></span> <span class='ocrx_word' id='word_1_5' title='bbox 2357 396 2363 400; x_wconf 61' lang='grc'><em>’</em></span> <span class='ocrx_word' id='word_1_6' title='bbox 3398 452 3498 502; x_wconf 59' lang='lat' dir='ltr'><strong>:n-s</strong></span> 
     </span>
    </p>
   </div>
   <div class='ocr_carea' id='block_1_3' title="bbox 259 527 1839 622">
    <p class='ocr_par' dir='ltr' id='par_1_3' title="bbox 259 527 1831 608">
     <span class='ocr_line' id='line_1_3' title="bbox 259 527 1831 608; baseline 0.008 -29"><span class='ocrx_word' id='word_1_7' title='bbox 259 545 397 589; x_wconf 84' lang='grc' dir='ltr'><strong>τοις.</strong></span> <span class='ocrx_word' id='word_1_8' title='bbox 450 527 615 581; x_wconf 79' lang='grc' dir='ltr'><strong>Ἀλλά</strong></span> <span class='ocrx_word' id='word_1_9' title='bbox 670 528 747 599; x_wconf 81' lang='grc' dir='ltr'><strong>μὴ</strong></span> <span class='ocrx_word' id='word_1_10' title='bbox 804 532 896 584; x_wconf 75' lang='grc' dir='ltr'><strong>ἐπὶ</strong></span> <span class='ocrx_word' id='word_1_11' title='bbox 933 532 1096 587; x_wconf 88' lang='grc' dir='ltr'>πλέον</span> <span class='ocrx_word' id='word_1_12' title='bbox 1131 533 1475 603; x_wconf 78' lang='grc' dir='ltr'><strong>ἁμφὶὁαλλε·</strong></span> <span class='ocrx_word' id='word_1_13' title='bbox 1505 538 1625 591; x_wconf 77' lang='grc' dir='ltr'><strong>οὐδὲ</strong></span> <span class='ocrx_word' id='word_1_14' title='bbox 1664 541 1771 608; x_wconf 75' lang='grc' dir='ltr'>γὰρ</span> <span class='ocrx_word' id='word_1_15' title='bbox 1805 542 1831 592; x_wconf 86' lang='grc' dir='ltr'>ὀ</span> 
     </span>
    </p>
   </div>
   <div class='ocr_carea' id='block_1_4' title="bbox 1934 527 3499 622">
    <p class='ocr_par' dir='ltr' id='par_1_4' title="bbox 1936 543 3499 622">
     <span class='ocr_line' id='line_1_4' title="bbox 1936 543 3499 622; baseline 0.007 -27"><span class='ocrx_word' id='word_1_16' title='bbox 1936 543 2159 606; x_wconf 87' lang='lat' dir='ltr'><strong>tionem,</strong></span> <span class='ocrx_word' id='word_1_17' title='bbox 2200 545 2269 599; x_wconf 84' lang='lat' dir='ltr'><strong>de</strong></span> <span class='ocrx_word' id='word_1_18' title='bbox 2305 544 2526 600; x_wconf 78' lang='lat' dir='ltr'><strong>sublimi</strong></span> <span class='ocrx_word' id='word_1_19' title='bbox 2582 549 2933 614; x_wconf 81' lang='lat' dir='ltr'><strong>descensum,</strong></span> <span class='ocrx_word' id='word_1_20' title='bbox 2966 552 3178 622; x_wconf 89' lang='lat' dir='ltr'><strong>aliaque</strong></span> <span class='ocrx_word' id='word_1_21' title='bbox 3215 556 3359 607; x_wconf 85' lang='lat' dir='ltr'><strong>talia.</strong></span> <span class='ocrx_word' id='word_1_22' title='bbox 3398 560 3499 607; x_wconf 46' lang='grc' dir='ltr'><strong>κ’γ-</strong></span> 
     </span>
    </p>
   </div>
   <div class='ocr_carea' id='block_1_5' title="bbox 257 620 1830 695">
    <p class='ocr_par' dir='ltr' id='par_1_5' title="bbox 257 620 1830 695">
     <span class='ocr_line' id='line_1_5' title="bbox 257 620 1830 695; baseline 0.007 -22"><span class='ocrx_word' id='word_1_23' title='bbox 257 620 500 679; x_wconf 75' lang='grc' dir='ltr'><strong>τοεοῦτος</strong></span> <span class='ocrx_word' id='word_1_24' title='bbox 551 623 726 693; x_wconf 76' lang='grc' dir='ltr'><strong>ἀστὴρ</strong></span> <span class='ocrx_word' id='word_1_25' title='bbox 779 620 858 686; x_wconf 83' lang='grc' dir='ltr'><strong>εἷς</strong></span> <span class='ocrx_word' id='word_1_26' title='bbox 915 625 1178 695; x_wconf 70' lang='grc' dir='ltr'><strong>ἐτύγχανε</strong></span> <span class='ocrx_word' id='word_1_27' title='bbox 1234 630 1345 681; x_wconf 86' lang='grc' dir='ltr'>τῶν</span> <span class='ocrx_word' id='word_1_28' title='bbox 1398 631 1632 695; x_wconf 79' lang='grc' dir='ltr'><strong>πολλῶν,</strong></span> <span class='ocrx_word' id='word_1_29' title='bbox 1682 632 1830 693; x_wconf 75' lang='grc' dir='ltr'><strong>οὓςὸ</strong></span> 
     </span>
    </p>
   </div>
   <div class='ocr_carea' id='block_1_6' title="bbox 260 710 1834 787">
    <p class='ocr_par' dir='ltr' id='par_1_6' title="bbox 260 710 1834 787">
     <span class='ocr_line' id='line_1_6' title="bbox 260 710 1834 787; baseline 0.007 -25"><span class='ocrx_word' id='word_1_30' title='bbox 260 710 398 773; x_wconf 73' lang='grc' dir='ltr'><strong>Θεὸς</strong></span> <span class='ocrx_word' id='word_1_31' title='bbox 436 711 492 762; x_wconf 79' lang='grc' dir='ltr'><strong>ἑν</strong></span> <span class='ocrx_word' id='word_1_32' title='bbox 519 711 596 779; x_wconf 78' lang='grc' dir='ltr'><strong>τῷ</strong></span> <span class='ocrx_word' id='word_1_33' title='bbox 624 712 967 783; x_wconf 79' lang='grc' dir='ltr'><strong>στερεώματι</strong></span> <span class='ocrx_word' id='word_1_34' title='bbox 1012 717 1133 771; x_wconf 87' lang='grc' dir='ltr'><strong>κατ’</strong></span> <span class='ocrx_word' id='word_1_35' title='bbox 1175 717 1347 787; x_wconf 75' lang='grc' dir='ltr'>ἀρχάς</span> <span class='ocrx_word' id='word_1_36' title='bbox 1378 720 1552 783; x_wconf 76' lang='grc' dir='ltr'><strong>ἔθετο,</strong></span> <span class='ocrx_word' id='word_1_37' title='bbox 1583 719 1718 773; x_wconf 86' lang='grc' dir='ltr'>άλλὰ</span> <span class='ocrx_word' id='word_1_38' title='bbox 1744 721 1834 773; x_wconf 79' lang='grc' dir='ltr'><strong>δύ·-</strong></span> 
     </span>
    </p>
   </div>
   <div class='ocr_carea' id='block_1_7' title="bbox 262 804 1832 882">
    <p class='ocr_par' dir='ltr' id='par_1_7' title="bbox 262 804 1832 882">
     <span class='ocr_line' id='line_1_7' title="bbox 262 804 1832 882; baseline 0.008 -30"><span class='ocrx_word' id='word_1_39' title='bbox 262 805 428 871; x_wconf 85' lang='grc' dir='ltr'><strong>ναμίς</strong></span> <span class='ocrx_word' id='word_1_40' title='bbox 484 820 567 865; x_wconf 87' lang='grc' dir='ltr'><strong>τις</strong></span> <span class='ocrx_word' id='word_1_41' title='bbox 617 806 850 877; x_wconf 81' lang='grc' dir='ltr'>ἀόρατος</span> <span class='ocrx_word' id='word_1_42' title='bbox 902 804 992 878; x_wconf 83' lang='grc' dir='ltr'><strong>ἦν,</strong></span> <span class='ocrx_word' id='word_1_43' title='bbox 1024 811 1105 872; x_wconf 88' lang='grc' dir='ltr'>είς</span> <span class='ocrx_word' id='word_1_44' title='bbox 1166 811 1371 880; x_wconf 85' lang='grc' dir='ltr'><strong>ταύτην</strong></span> <span class='ocrx_word' id='word_1_45' title='bbox 1423 829 1832 882; x_wconf 86' lang='grc' dir='ltr'><strong>μετασχηματι-</strong></span> 
     </span>
    </p>
   </div>
   <div class='ocr_carea' id='block_1_8' title="bbox 264 893 1833 974">
    <p class='ocr_par' dir='ltr' id='par_1_8' title="bbox 264 893 1833 974">
     <span class='ocr_line' id='line_1_8' title="bbox 264 893 1833 974; baseline 0.008 -29"><span class='ocrx_word' id='word_1_46' title='bbox 264 893 456 948; x_wconf 82' lang='grc' dir='ltr'>σθείσα</span> <span class='ocrx_word' id='word_1_47' title='bbox 525 896 623 968; x_wconf 76' lang='grc' dir='ltr'><strong>τὴν</strong></span> <span class='ocrx_word' id='word_1_48' title='bbox 668 899 834 968; x_wconf 75' lang='grc' dir='ltr'><strong>ὄψιν,</strong></span> <span class='ocrx_word' id='word_1_49' title='bbox 896 901 971 963; x_wconf 87' lang='grc' dir='ltr'><strong>ὡς</strong></span> <span class='ocrx_word' id='word_1_50' title='bbox 1030 904 1057 953; x_wconf 80' lang='grc' dir='ltr'>ὁ</span> <span class='ocrx_word' id='word_1_51' title='bbox 1113 905 1519 973; x_wconf 71' lang='grc' dir='ltr'><strong>χρυσοῤῥήμων</strong></span> <span class='ocrx_word' id='word_1_52' title='bbox 1581 905 1833 974; x_wconf 78' lang='grc' dir='ltr'><strong>Ἰωάννης</strong></span> 
     </span>
    </p>
   </div>
   <div class='ocr_carea' id='block_1_9' title="bbox 263 990 1835 1067">
    <p class='ocr_par' dir='ltr' id='par_1_9' title="bbox 263 990 1835 1067">
     <span class='ocr_line' id='line_1_9' title="bbox 263 990 1835 1067; baseline 0.008 -28"><span class='ocrx_word' id='word_1_53' title='bbox 263 990 452 1056; x_wconf 77' lang='grc' dir='ltr'><strong>φησίν.</strong></span> <span class='ocrx_word' id='word_1_54' title='bbox 482 990 630 1042; x_wconf 84' lang='grc' dir='ltr'><strong>Ἐδει</strong></span> <span class='ocrx_word' id='word_1_55' title='bbox 660 992 770 1059; x_wconf 75' lang='grc' dir='ltr'>γὰρ</span> <span class='ocrx_word' id='word_1_56' title='bbox 796 995 887 1046; x_wconf 79' lang='grc' dir='ltr'><strong>καὶ</strong></span> <span class='ocrx_word' id='word_1_57' title='bbox 917 994 1012 1045; x_wconf 75' lang='grc' dir='ltr'><strong>ἐπὶ</strong></span> <span class='ocrx_word' id='word_1_58' title='bbox 1055 995 1347 1065; x_wconf 77' lang='grc' dir='ltr'><strong>παραδόξῳ</strong></span> <span class='ocrx_word' id='word_1_59' title='bbox 1380 996 1605 1067; x_wconf 81' lang='grc' dir='ltr'><strong>τοιαύτῃ</strong></span> <span class='ocrx_word' id='word_1_60' title='bbox 1639 999 1835 1065; x_wconf 83' lang='grc' dir='ltr'><strong>γεννή-</strong></span> 
     </span>
    </p>
   </div>
   <div class='ocr_carea' id='block_1_10' title="bbox 265 1079 1834 1158">
    <p class='ocr_par' dir='ltr' id='par_1_10' title="bbox 265 1079 1834 1158">
     <span class='ocr_line' id='line_1_10' title="bbox 265 1079 1834 1158; baseline 0.006 -28"><span class='ocrx_word' id='word_1_61' title='bbox 265 1096 366 1132; x_wconf 81' lang='grc' dir='ltr'><strong>σει·</strong></span> <span class='ocrx_word' id='word_1_62' title='bbox 398 1079 493 1132; x_wconf 80' lang='grc' dir='ltr'><strong>καὶ</strong></span> <span class='ocrx_word' id='word_1_63' title='bbox 543 1082 845 1151; x_wconf 75' lang='grc' dir='ltr'>παράδοξον</span> <span class='ocrx_word' id='word_1_64' title='bbox 890 1084 1101 1155; x_wconf 81' lang='grc' dir='ltr'><strong>ἀστέρα</strong></span> <span class='ocrx_word' id='word_1_65' title='bbox 1141 1086 1394 1154; x_wconf 80' lang='grc' dir='ltr'><strong>γενέσθαι</strong></span> <span class='ocrx_word' id='word_1_66' title='bbox 1447 1089 1695 1158; x_wconf 76' lang='grc' dir='ltr'><strong>μηνυτὴν</strong></span> <span class='ocrx_word' id='word_1_67' title='bbox 1740 1090 1834 1141; x_wconf 77' lang='grc' dir='ltr'><strong>καὶ</strong></span> 
     </span>
    </p>
   </div>
   <div class='ocr_carea' id='block_1_11' title="bbox 262 1172 1835 1250">
    <p class='ocr_par' dir='ltr' id='par_1_11' title="bbox 262 1172 1835 1250">
     <span class='ocr_line' id='line_1_11' title="bbox 262 1172 1835 1250; baseline 0.008 -27"><span class='ocrx_word' id='word_1_68' title='bbox 262 1172 627 1241; x_wconf 79' lang='grc' dir='ltr'>προάγγελον,</span> <span class='ocrx_word' id='word_1_69' title='bbox 681 1174 758 1238; x_wconf 81' lang='grc' dir='ltr'>ὡς</span> <span class='ocrx_word' id='word_1_70' title='bbox 810 1174 840 1228; x_wconf 81' lang='grc' dir='ltr'><strong>ὁ</strong></span> <span class='ocrx_word' id='word_1_71' title='bbox 899 1176 1175 1241; x_wconf 82' lang='grc' dir='ltr'>θειότατός</span> <span class='ocrx_word' id='word_1_72' title='bbox 1239 1196 1375 1250; x_wconf 87' lang='grc' dir='ltr'><strong>φησι</strong></span> <span class='ocrx_word' id='word_1_73' title='bbox 1424 1180 1723 1249; x_wconf 68' lang='grc' dir='ltr'><strong>ιίύριλλος⁹</strong></span> <span class='ocrx_word' id='word_1_74' title='bbox 1787 1183 1835 1235; x_wconf 86' lang='grc' dir='ltr'><strong>εί</strong></span> 
     </span>
    </p>
   </div>
   <div class='ocr_carea' id='block_1_12' title="bbox 265 1263 1836 1341">
    <p class='ocr_par' dir='ltr' id='par_1_12' title="bbox 265 1263 1836 1341">
     <span class='ocr_line' id='line_1_12' title="bbox 265 1263 1836 1341; baseline 0.005 -22"><span class='ocrx_word' id='word_1_75' title='bbox 265 1264 343 1334; x_wconf 85' lang='grc' dir='ltr'><strong>μὴ</strong></span> <span class='ocrx_word' id='word_1_76' title='bbox 404 1266 513 1334; x_wconf 84' lang='grc' dir='ltr'><strong>γὰρ</strong></span> <span class='ocrx_word' id='word_1_77' title='bbox 566 1264 727 1321; x_wconf 80' lang='grc' dir='ltr'>τοῦτο</span> <span class='ocrx_word' id='word_1_78' title='bbox 791 1263 881 1338; x_wconf 78' lang='grc' dir='ltr'><strong>ἦν,</strong></span> <span class='ocrx_word' id='word_1_79' title='bbox 943 1270 1043 1326; x_wconf 79' lang='grc' dir='ltr'><strong>οὐκ</strong></span> <span class='ocrx_word' id='word_1_80' title='bbox 1086 1270 1152 1324; x_wconf 77' lang='grc' dir='ltr'><strong>ἂν</strong></span> <span class='ocrx_word' id='word_1_81' title='bbox 1203 1271 1298 1324; x_wconf 63' lang='lat' dir='ltr'><strong>sui.</strong></span> <span class='ocrx_word' id='word_1_82' title='bbox 1365 1273 1623 1327; x_wconf 81' lang='grc' dir='ltr'>τοσοῦτον</span> <span class='ocrx_word' id='word_1_83' title='bbox 1678 1273 1836 1341; x_wconf 80' lang='grc' dir='ltr'>εφαι-</span> 
     </span>
    </p>
   </div>
   <div class='ocr_carea' id='block_1_13' title="bbox 262 1352 1834 1432">
    <p class='ocr_par' dir='ltr' id='par_1_13' title="bbox 262 1352 1834 1432">
     <span class='ocr_line' id='line_1_13' title="bbox 262 1352 1834 1432; baseline 0.01 -30"><span class='ocrx_word' id='word_1_84' title='bbox 262 1367 375 1416; x_wconf 80' lang='lat' dir='ltr'><strong>vsv,</strong></span> <span class='ocrx_word' id='word_1_85' title='bbox 406 1352 507 1427; x_wconf 73' lang='grc' dir='ltr'><strong>ούκ</strong></span> <span class='ocrx_word' id='word_1_86' title='bbox 561 1353 628 1407; x_wconf 83' lang='grc' dir='ltr'><strong>ἂν</strong></span> <span class='ocrx_word' id='word_1_87' title='bbox 680 1355 739 1409; x_wconf 73' lang='grc' dir='ltr'><strong>ιν</strong></span> <span class='ocrx_word' id='word_1_88' title='bbox 784 1357 969 1428; x_wconf 69' lang='grc' dir='ltr'><strong>ἡμέρα</strong></span> <span class='ocrx_word' id='word_1_89' title='bbox 1021 1361 1163 1430; x_wconf 80' lang='grc' dir='ltr'><strong>μέσῃ</strong></span> <span class='ocrx_word' id='word_1_90' title='bbox 1208 1362 1305 1424; x_wconf 83' lang='grc' dir='ltr'><strong>τὰς</strong></span> <span class='ocrx_word' id='word_1_91' title='bbox 1343 1363 1574 1432; x_wconf 78' lang='grc' dir='ltr'><strong>ἡλιακὰς</strong></span> <span class='ocrx_word' id='word_1_92' title='bbox 1606 1365 1834 1426; x_wconf 83' lang='grc' dir='ltr'><strong>ἀκτῖνας</strong></span> 
     </span>
    </p>
   </div>
   <div class='ocr_carea' id='block_1_14' title="bbox 264 1440 1834 1519">
    <p class='ocr_par' dir='ltr' id='par_1_14' title="bbox 264 1440 1834 1519">
     <span class='ocr_line' id='line_1_14' title="bbox 264 1440 1834 1519; baseline 0.008 -26"><span class='ocrx_word' id='word_1_93' title='bbox 264 1442 720 1512; x_wconf 73' lang='grc' dir='ltr'><strong>ὕπερηκόντιζεν.</strong></span> <span class='ocrx_word' id='word_1_94' title='bbox 749 1444 810 1499; x_wconf 83' lang='lat' dir='ltr'><strong>El</strong></span> <span class='ocrx_word' id='word_1_95' title='bbox 850 1446 926 1517; x_wconf 79' lang='grc' dir='ltr'><strong>μὴ</strong></span> <span class='ocrx_word' id='word_1_96' title='bbox 967 1449 1127 1502; x_wconf 81' lang='grc' dir='ltr'><strong>τοῦτο</strong></span> <span class='ocrx_word' id='word_1_97' title='bbox 1148 1449 1237 1519; x_wconf 79' lang='grc' dir='ltr'><strong>ὴν,</strong></span> <span class='ocrx_word' id='word_1_98' title='bbox 1271 1452 1371 1504; x_wconf 76' lang='grc' dir='ltr'><strong>οὐκ</strong></span> <span class='ocrx_word' id='word_1_99' title='bbox 1402 1440 1680 1506; x_wconf 67' lang='grc' dir='ltr'><strong>ἂνἝπεισε</strong></span> <span class='ocrx_word' id='word_1_100' title='bbox 1709 1456 1834 1516; x_wconf 68' lang='grc' dir='ltr'>τοὺς</span> 
     </span>
    </p>
   </div>
   <div class='ocr_carea' id='block_1_15' title="bbox 263 1533 1835 1613">
    <p class='ocr_par' dir='ltr' id='par_1_15' title="bbox 263 1533 1835 1613">
     <span class='ocr_line' id='line_1_15' title="bbox 263 1533 1835 1613; baseline 0.01 -28"><span class='ocrx_word' id='word_1_101' title='bbox 263 1533 488 1602; x_wconf 80' lang='grc' dir='ltr'><strong>Μάγους</strong></span> <span class='ocrx_word' id='word_1_102' title='bbox 519 1536 731 1591; x_wconf 72' lang='grc' dir='ltr'><strong>ἐκεῖθεν</strong></span> <span class='ocrx_word' id='word_1_103' title='bbox 760 1538 1059 1609; x_wconf 68' lang='grc' dir='ltr'><strong>δγερθῆναι</strong></span> <span class='ocrx_word' id='word_1_104' title='bbox 1093 1547 1188 1598; x_wconf 73' lang='grc' dir='ltr'><strong>καὶ</strong></span> <span class='ocrx_word' id='word_1_105' title='bbox 1230 1545 1504 1613; x_wconf 79' lang='grc' dir='ltr'><strong>τοσαύτην</strong></span> <span class='ocrx_word' id='word_1_106' title='bbox 1536 1546 1654 1599; x_wconf 84' lang='grc' dir='ltr'><strong>ὁδὸν</strong></span> <span class='ocrx_word' id='word_1_107' title='bbox 1688 1548 1835 1599; x_wconf 68' lang='grc' dir='ltr'><strong>στείέ</strong></span> 
     </span>
    </p>
   </div>
   <div class='ocr_carea' id='block_1_16' title="bbox 262 1625 1836 1707">
    <p class='ocr_par' dir='ltr' id='par_1_16' title="bbox 262 1625 1836 1707">
     <span class='ocr_line' id='line_1_16' title="bbox 262 1625 1836 1707; baseline 0.01 -30"><span class='ocrx_word' id='word_1_108' title='bbox 262 1625 489 1691; x_wconf 78' lang='grc' dir='ltr'>λασθαι,</span> <span class='ocrx_word' id='word_1_109' title='bbox 537 1629 640 1681; x_wconf 82' lang='grc' dir='ltr'><strong>οὐκ</strong></span> <span class='ocrx_word' id='word_1_110' title='bbox 685 1628 753 1683; x_wconf 72' lang='grc' dir='ltr'><strong>ἂν</strong></span> <span class='ocrx_word' id='word_1_111' title='bbox 796 1629 942 1684; x_wconf 75' lang='grc' dir='ltr'><strong>οὕτω</strong></span> <span class='ocrx_word' id='word_1_112' title='bbox 989 1632 1313 1701; x_wconf 77' lang='grc' dir='ltr'><strong>θαυμασίως</strong></span> <span class='ocrx_word' id='word_1_113' title='bbox 1359 1639 1441 1699; x_wconf 82' lang='grc' dir='ltr'><strong>εἰς</strong></span> <span class='ocrx_word' id='word_1_114' title='bbox 1482 1637 1836 1707; x_wconf 73' lang='grc' dir='ltr'><strong>Ἰεροσόλυμα</strong></span> 
     </span>
    </p>
   </div>
   <div class='ocr_carea' id='block_1_17' title="bbox 216 1718 1833 1792">
    <p class='ocr_par' dir='ltr' id='par_1_17' title="bbox 216 1718 1833 1792">
     <span class='ocr_line' id='line_1_17' title="bbox 216 1718 1833 1792; baseline 0.007 -23"><span class='ocrx_word' id='word_1_115' title='bbox 216 1719 222 1723; x_wconf 81' lang='grc'><em>’</em></span> <span class='ocrx_word' id='word_1_116' title='bbox 261 1718 494 1786; x_wconf 70' lang='grc' dir='ltr'>ἤγαγον,</span> <span class='ocrx_word' id='word_1_117' title='bbox 532 1719 633 1773; x_wconf 78' lang='grc' dir='ltr'><strong>οὐκ</strong></span> <span class='ocrx_word' id='word_1_118' title='bbox 674 1720 742 1774; x_wconf 80' lang='grc' dir='ltr'><strong>ἂν</strong></span> <span class='ocrx_word' id='word_1_119' title='bbox 791 1721 851 1786; x_wconf 74' lang='grc' dir='ltr'>ἐξ</span> <span class='ocrx_word' id='word_1_120' title='bbox 900 1722 1068 1792; x_wconf 76' lang='grc' dir='ltr'>ὕψους</span> <span class='ocrx_word' id='word_1_121' title='bbox 1119 1728 1477 1792; x_wconf 73' lang='grc' dir='ltr'>συγκαταϐὰς</span> <span class='ocrx_word' id='word_1_122' title='bbox 1522 1730 1707 1781; x_wconf 69' lang='grc' dir='ltr'>ἐπάνω</span> <span class='ocrx_word' id='word_1_123' title='bbox 1740 1728 1833 1781; x_wconf 83' lang='grc' dir='ltr'><strong>τοῦ</strong></span> 
     </span>
    </p>
   </div>
   <div class='ocr_carea' id='block_1_18' title="bbox 261 1806 1835 1887">
    <p class='ocr_par' dir='ltr' id='par_1_18' title="bbox 261 1806 1835 1887">
     <span class='ocr_line' id='line_1_18' title="bbox 261 1806 1835 1887; baseline 0.01 -29"><span class='ocrx_word' id='word_1_124' title='bbox 261 1806 549 1875; x_wconf 80' lang='grc' dir='ltr'><strong>τεχθέντος</strong></span> <span class='ocrx_word' id='word_1_125' title='bbox 583 1810 712 1881; x_wconf 76' lang='grc' dir='ltr'><strong>ιστη</strong></span> <span class='ocrx_word' id='word_1_126' title='bbox 745 1813 988 1878; x_wconf 82' lang='grc' dir='ltr'><strong>παιδίου,</strong></span> <span class='ocrx_word' id='word_1_127' title='bbox 1011 1816 1113 1867; x_wconf 79' lang='grc' dir='ltr'><strong>οὐκ</strong></span> <span class='ocrx_word' id='word_1_128' title='bbox 1146 1816 1211 1869; x_wconf 81' lang='grc' dir='ltr'><strong>ἂν</strong></span> <span class='ocrx_word' id='word_1_129' title='bbox 1234 1819 1471 1886; x_wconf 79' lang='grc' dir='ltr'><strong>ἄφαντος</strong></span> <span class='ocrx_word' id='word_1_130' title='bbox 1498 1822 1636 1887; x_wconf 82' lang='grc' dir='ltr'><strong>μετὰ</strong></span> <span class='ocrx_word' id='word_1_131' title='bbox 1665 1821 1835 1873; x_wconf 81' lang='grc' dir='ltr'>ταῦτα</span> 
     </span>
    </p>
   </div>
   <div class='ocr_carea' id='block_1_19' title="bbox 262 1883 1908 1979">
    <p class='ocr_par' dir='ltr' id='par_1_19' title="bbox 262 1883 1908 1979">
     <span class='ocr_line' id='line_1_19' title="bbox 262 1883 1908 1979; baseline 0.01 -31"><span class='ocrx_word' id='word_1_132' title='bbox 262 1898 501 1964; x_wconf 80' lang='grc' dir='ltr'><strong>ἐγένετο.</strong></span> <span class='ocrx_word' id='word_1_133' title='bbox 518 1899 739 1971; x_wconf 76' lang='grc' dir='ltr'><strong>Ἐπειδὴ</strong></span> <span class='ocrx_word' id='word_1_134' title='bbox 784 1903 890 1973; x_wconf 81' lang='grc' dir='ltr'><strong>γὰρ</strong></span> <span class='ocrx_word' id='word_1_135' title='bbox 918 1883 1440 1978; x_wconf 31' lang='grc' dir='ltr'><strong>ὁδηγούμενοι-παρ’</strong></span> <span class='ocrx_word' id='word_1_136' title='bbox 1468 1883 1635 1961; x_wconf 76' lang='grc' dir='ltr'><strong>αὐτοῦ</strong></span> <span class='ocrx_word' id='word_1_137' title='bbox 1668 1926 1836 1979; x_wconf 83' lang='grc' dir='ltr'>προσ-</span> <span class='ocrx_word' id='word_1_138' title='bbox 1870 1883 1908 1935; x_wconf 73' lang='grc' dir='ltr'><strong>Β</strong></span> 
     </span>
    </p>
   </div>
   <div class='ocr_carea' id='block_1_20' title="bbox 262 1991 1839 2070">
    <p class='ocr_par' dir='ltr' id='par_1_20' title="bbox 262 1991 1839 2070">
     <span class='ocr_line' id='line_1_20' title="bbox 262 1991 1839 2070; baseline 0.007 -26"><span class='ocrx_word' id='word_1_139' title='bbox 262 1991 560 2061; x_wconf 72' lang='grc' dir='ltr'><strong>εληλύθασι</strong></span> <span class='ocrx_word' id='word_1_140' title='bbox 607 1994 685 2065; x_wconf 84' lang='grc' dir='ltr'><strong>τῷ</strong></span> <span class='ocrx_word' id='word_1_141' title='bbox 730 1996 953 2067; x_wconf 81' lang='grc' dir='ltr'><strong>Χριστῷ</strong></span> <span class='ocrx_word' id='word_1_142' title='bbox 1005 2000 1100 2051; x_wconf 74' lang='grc' dir='ltr'><strong>καὶ</strong></span> <span class='ocrx_word' id='word_1_143' title='bbox 1140 1999 1209 2070; x_wconf 80' lang='grc' dir='ltr'>τῇ</span> <span class='ocrx_word' id='word_1_144' title='bbox 1239 2001 1363 2052; x_wconf 81' lang='grc' dir='ltr'><strong>κατ’</strong></span> <span class='ocrx_word' id='word_1_145' title='bbox 1390 2001 1551 2055; x_wconf 74' lang='grc' dir='ltr'>αὑτὸν</span> <span class='ocrx_word' id='word_1_146' title='bbox 1603 2002 1839 2055; x_wconf 81' lang='grc' dir='ltr'>άπλανεϊ</span> 
     </span>
    </p>
   </div>
   <div class='ocr_carea' id='block_1_21' title="bbox 264 2087 1835 2159">
    <p class='ocr_par' dir='ltr' id='par_1_21' title="bbox 264 2087 1835 2159">
     <span class='ocr_line' id='line_1_21' title="bbox 264 2087 1835 2159; baseline 0.004 -21"><span class='ocrx_word' id='word_1_147' title='bbox 264 2087 448 2140; x_wconf 84' lang='grc' dir='ltr'><strong>πίστει</strong></span> <span class='ocrx_word' id='word_1_148' title='bbox 469 2087 727 2154; x_wconf 85' lang='grc' dir='ltr'><strong>γεγόνασι</strong></span> <span class='ocrx_word' id='word_1_149' title='bbox 760 2089 1005 2159; x_wconf 77' lang='grc' dir='ltr'><strong>κάτοχοι,</strong></span> <span class='ocrx_word' id='word_1_150' title='bbox 1027 2092 1407 2159; x_wconf 77' lang='grc' dir='ltr'>χειραγωγέας</span> <span class='ocrx_word' id='word_1_151' title='bbox 1423 2092 1607 2145; x_wconf 75' lang='grc' dir='ltr'><strong>οὐκέτι</strong></span> <span class='ocrx_word' id='word_1_152' title='bbox 1642 2091 1835 2145; x_wconf 88' lang='grc' dir='ltr'><strong>τοιαύ-</strong></span> 
     </span>
    </p>
   </div>
   <div class='ocr_carea' id='block_1_22' title="bbox 259 2180 1834 2256">
    <p class='ocr_par' dir='ltr' id='par_1_22' title="bbox 259 2180 1834 2256">
     <span class='ocr_line' id='line_1_22' title="bbox 259 2180 1834 2256; baseline 0.003 -21"><span class='ocrx_word' id='word_1_153' title='bbox 259 2180 623 2250; x_wconf 49' lang='grc' dir='ltr'><strong>της-ἐδέοντο.</strong></span> <span class='ocrx_word' id='word_1_154' title='bbox 668 2181 861 2235; x_wconf 80' lang='grc' dir='ltr'><strong>Ἔνθεν</strong></span> <span class='ocrx_word' id='word_1_155' title='bbox 904 2199 991 2236; x_wconf 89' lang='grc' dir='ltr'><strong>τοι</strong></span> <span class='ocrx_word' id='word_1_156' title='bbox 1048 2184 1145 2237; x_wconf 82' lang='grc' dir='ltr'><strong>καὶ</strong></span> <span class='ocrx_word' id='word_1_157' title='bbox 1207 2184 1328 2237; x_wconf 77' lang='grc' dir='ltr'>κατ’</span> <span class='ocrx_word' id='word_1_158' title='bbox 1380 2185 1516 2256; x_wconf 70' lang='grc' dir='ltr'><strong>ὄναρ</strong></span> <span class='ocrx_word' id='word_1_159' title='bbox 1551 2203 1834 2256; x_wconf 88' lang='grc' dir='ltr'><strong>χρηματι-</strong></span> 
     </span>
    </p>
   </div>
   <div class='ocr_carea' id='block_1_23' title="bbox 262 2273 1835 2352">
    <p class='ocr_par' dir='ltr' id='par_1_23' title="bbox 262 2273 1835 2352">
     <span class='ocr_line' id='line_1_23' title="bbox 262 2273 1835 2352; baseline 0.006 -27"><span class='ocrx_word' id='word_1_160' title='bbox 262 2273 483 2339; x_wconf 79' lang='grc' dir='ltr'><strong>σθέντες</strong></span> <span class='ocrx_word' id='word_1_161' title='bbox 530 2274 598 2327; x_wconf 75' lang='grc' dir='ltr'><strong>δι’</strong></span> <span class='ocrx_word' id='word_1_162' title='bbox 637 2274 805 2345; x_wconf 77' lang='grc' dir='ltr'><strong>ἄλλης</strong></span> <span class='ocrx_word' id='word_1_163' title='bbox 838 2274 960 2330; x_wconf 83' lang='grc' dir='ltr'><strong>ὀδοῦ</strong></span> <span class='ocrx_word' id='word_1_164' title='bbox 1000 2278 1360 2350; x_wconf 77' lang='grc' dir='ltr'><strong>ἀνεχώρησαν</strong></span> <span class='ocrx_word' id='word_1_165' title='bbox 1398 2281 1479 2344; x_wconf 87' lang='grc' dir='ltr'>είς</span> <span class='ocrx_word' id='word_1_166' title='bbox 1513 2281 1615 2352; x_wconf 69' lang='grc' dir='ltr'><strong>τὴν</strong></span> <span class='ocrx_word' id='word_1_167' title='bbox 1644 2280 1835 2352; x_wconf 79' lang='grc' dir='ltr'>χώραν</span> 
     </span>
    </p>
   </div>
   <div class='ocr_carea' id='block_1_24' title="bbox 260 2366 467 2422">
    <p class='ocr_par' dir='ltr' id='par_1_24' title="bbox 260 2366 467 2422">
     <span class='ocr_line' id='line_1_24' title="bbox 260 2366 467 2422; baseline 0.019 -4"><span class='ocrx_word' id='word_1_168' title='bbox 260 2366 467 2422; x_wconf 79' lang='grc' dir='ltr'>αὐτῶν.</span> 
     </span>
    </p>
   </div>
   <div class='ocr_carea' id='block_1_25' title="bbox 336 2556 1833 2633">
    <p class='ocr_par' dir='ltr' id='par_1_25' title="bbox 336 2556 1833 2633">
     <span class='ocr_line' id='line_1_25' title="bbox 336 2556 1833 2633; baseline 0.003 -24"><span class='ocrx_word' id='word_1_169' title='bbox 336 2556 482 2627; x_wconf 68' lang='grc' dir='ltr'>Πρὸς</span> <span class='ocrx_word' id='word_1_170' title='bbox 512 2556 721 2619; x_wconf 81' lang='grc' dir='ltr'><strong>τούτοις</strong></span> <span class='ocrx_word' id='word_1_171' title='bbox 753 2556 830 2620; x_wconf 65' lang='grc' dir='ltr'><strong>δὲ,</strong></span> <span class='ocrx_word' id='word_1_172' title='bbox 867 2558 1141 2627; x_wconf 75' lang='grc' dir='ltr'>άγαπητὲ,</span> <span class='ocrx_word' id='word_1_173' title='bbox 1168 2558 1268 2630; x_wconf 78' lang='grc' dir='ltr'>τὴν</span> <span class='ocrx_word' id='word_1_174' title='bbox 1313 2559 1407 2613; x_wconf 78' lang='grc' dir='ltr'>τοῦ</span> <span class='ocrx_word' id='word_1_175' title='bbox 1436 2561 1493 2613; x_wconf 72' lang='grc' dir='ltr'><strong>ἐν</strong></span> <span class='ocrx_word' id='word_1_176' title='bbox 1518 2561 1833 2633; x_wconf 73' lang='grc' dir='ltr'>Βουλγαρίᾳ</span> 
     </span>
    </p>
   </div>
   <div class='ocr_carea' id='block_1_26' title="bbox 260 2648 1833 2723">
    <p class='ocr_par' dir='ltr' id='par_1_26' title="bbox 260 2648 1833 2723">
     <span class='ocr_line' id='line_1_26' title="bbox 260 2648 1833 2723; baseline 0.005 -23"><span class='ocrx_word' id='word_1_177' title='bbox 260 2648 704 2717; x_wconf 77' lang='grc' dir='ltr'><strong>ἀρχιεπισκότοου</strong></span> <span class='ocrx_word' id='word_1_178' title='bbox 756 2649 1018 2719; x_wconf 73' lang='grc' dir='ltr'><strong>ιξήγησιν</strong></span> <span class='ocrx_word' id='word_1_179' title='bbox 1057 2651 1150 2704; x_wconf 78' lang='grc' dir='ltr'><strong>ἐπὶ</strong></span> <span class='ocrx_word' id='word_1_180' title='bbox 1175 2650 1343 2721; x_wconf 78' lang='grc' dir='ltr'><strong>μέσου</strong></span> <span class='ocrx_word' id='word_1_181' title='bbox 1371 2657 1666 2723; x_wconf 78' lang='grc' dir='ltr'>παράγιις,</span> <span class='ocrx_word' id='word_1_182' title='bbox 1700 2656 1833 2708; x_wconf 79' lang='grc' dir='ltr'>κάν-</span> 
     </span>
    </p>
   </div>
   <div class='ocr_carea' id='block_1_27' title="bbox 259 2731 1834 2813">
    <p class='ocr_par' dir='ltr' id='par_1_27' title="bbox 259 2731 1834 2813">
     <span class='ocr_line' id='line_1_27' title="bbox 259 2731 1834 2813; baseline 0.009 -29"><span class='ocrx_word' id='word_1_183' title='bbox 259 2731 455 2788; x_wconf 81' lang='grc' dir='ltr'><strong>τεῦθεν</strong></span> <span class='ocrx_word' id='word_1_184' title='bbox 486 2734 793 2807; x_wconf 76' lang='grc' dir='ltr'><strong>διισχυρίζῃ</strong></span> <span class='ocrx_word' id='word_1_185' title='bbox 827 2738 904 2806; x_wconf 80' lang='grc' dir='ltr'><strong>μὴ</strong></span> <span class='ocrx_word' id='word_1_186' title='bbox 946 2740 1005 2791; x_wconf 70' lang='grc' dir='ltr'><strong>ιν</strong></span> <span class='ocrx_word' id='word_1_187' title='bbox 1034 2738 1186 2809; x_wconf 82' lang='grc' dir='ltr'><strong>αὐτῷ</strong></span> <span class='ocrx_word' id='word_1_188' title='bbox 1213 2741 1291 2811; x_wconf 83' lang='grc' dir='ltr'><strong>τῷ</strong></span> <span class='ocrx_word' id='word_1_189' title='bbox 1320 2742 1591 2813; x_wconf 81' lang='grc' dir='ltr'><strong>σπηλαίῳ,</strong></span> <span class='ocrx_word' id='word_1_190' title='bbox 1629 2745 1744 2798; x_wconf 78' lang='grc' dir='ltr'><strong>ἀλλ’</strong></span> <span class='ocrx_word' id='word_1_191' title='bbox 1777 2746 1834 2797; x_wconf 74' lang='grc' dir='ltr'><strong>ἐν</strong></span> 
     </span>
    </p>
   </div>
   <div class='ocr_carea' id='block_1_28' title="bbox 257 2824 1865 2903">
    <p class='ocr_par' dir='ltr' id='par_1_28' title="bbox 257 2824 1865 2903">
     <span class='ocr_line' id='line_1_28' title="bbox 257 2824 1865 2903; baseline 0.007 -26"><span class='ocrx_word' id='word_1_192' title='bbox 257 2824 412 2895; x_wconf 78' lang='grc' dir='ltr'><strong>οίκίᾳ</strong></span> <span class='ocrx_word' id='word_1_193' title='bbox 460 2826 716 2892; x_wconf 75' lang='grc' dir='ltr'>γενέσθαι</span> <span class='ocrx_word' id='word_1_194' title='bbox 746 2829 853 2880; x_wconf 76' lang='grc' dir='ltr'><strong>τινὶ</strong></span> <span class='ocrx_word' id='word_1_195' title='bbox 889 2828 990 2897; x_wconf 80' lang='grc' dir='ltr'><strong>τὴν</strong></span> <span class='ocrx_word' id='word_1_196' title='bbox 1015 2831 1169 2898; x_wconf 80' lang='grc' dir='ltr'>παρὰ</span> <span class='ocrx_word' id='word_1_197' title='bbox 1201 2832 1311 2884; x_wconf 82' lang='grc' dir='ltr'><strong>τῶν</strong></span> <span class='ocrx_word' id='word_1_198' title='bbox 1344 2832 1551 2900; x_wconf 82' lang='grc' dir='ltr'><strong>Μάγων</strong></span> <span class='ocrx_word' id='word_1_199' title='bbox 1586 2836 1834 2903; x_wconf 85' lang='grc' dir='ltr'><strong>προσκύ-</strong></span> <span class='ocrx_word' id='word_1_200' title='bbox 1862 2872 1865 2873; x_wconf 51' lang='grc' dir='ltr'><strong>ν</strong></span> 
     </span>
    </p>
   </div>
   <div class='ocr_carea' id='block_1_29' title="bbox 260 2913 1834 2992">
    <p class='ocr_par' dir='ltr' id='par_1_29' title="bbox 260 2913 1834 2992">
     <span class='ocr_line' id='line_1_29' title="bbox 260 2913 1834 2992; baseline 0.007 -23"><span class='ocrx_word' id='word_1_201' title='bbox 260 2934 443 2988; x_wconf 74' lang='grc' dir='ltr'><strong>νησιν.</strong></span> <span class='ocrx_word' id='word_1_202' title='bbox 478 2919 537 2972; x_wconf 87' lang='lat'><strong>&#39;0</strong></span> <span class='ocrx_word' id='word_1_203' title='bbox 567 2920 673 2989; x_wconf 82' lang='grc' dir='ltr'><strong>γὰρ</strong></span> <span class='ocrx_word' id='word_1_204' title='bbox 719 2919 863 2982; x_wconf 77' lang='grc' dir='ltr'><strong>θεῖος</strong></span> <span class='ocrx_word' id='word_1_205' title='bbox 916 2913 1073 2985; x_wconf 73' lang='grc' dir='ltr'>οὗτος</span> <span class='ocrx_word' id='word_1_206' title='bbox 1125 2924 1267 2992; x_wconf 80' lang='grc' dir='ltr'><strong>ἀνὴρ</strong></span> <span class='ocrx_word' id='word_1_207' title='bbox 1301 2925 1365 2977; x_wconf 80' lang='grc' dir='ltr'><strong>ὲκ</strong></span> <span class='ocrx_word' id='word_1_208' title='bbox 1418 2926 1528 2977; x_wconf 85' lang='grc' dir='ltr'>τῶν</span> <span class='ocrx_word' id='word_1_209' title='bbox 1562 2925 1661 2979; x_wconf 78' lang='grc' dir='ltr'><strong>τοῦ</strong></span> <span class='ocrx_word' id='word_1_210' title='bbox 1692 2928 1834 2979; x_wconf 74' lang='grc' dir='ltr'><strong>κατὰ</strong></span> 
     </span>
    </p>
   </div>
   <div class='ocr_carea' id='block_1_30' title="bbox 198 3008 1835 3086">
    <p class='ocr_par' dir='ltr' id='par_1_30' title="bbox 198 3008 1835 3086">
     <span class='ocr_line' id='line_1_30' title="bbox 198 3008 1835 3086; baseline 0.004 -22"><span class='ocrx_word' id='word_1_211' title='bbox 198 3057 207 3064; x_wconf 97' lang='grc'>.</span> <span class='ocrx_word' id='word_1_212' title='bbox 257 3008 544 3065; x_wconf 74' lang='grc' dir='ltr'>Ματθαῖον</span> <span class='ocrx_word' id='word_1_213' title='bbox 572 3010 934 3079; x_wconf 78' lang='grc' dir='ltr'><strong>Εύαγγιλίου,</strong></span> <span class='ocrx_word' id='word_1_214' title='bbox 967 3014 1042 3074; x_wconf 84' lang='grc' dir='ltr'><strong>ὡς</strong></span> <span class='ocrx_word' id='word_1_215' title='bbox 1090 3015 1289 3078; x_wconf 64' lang='grc' dir='ltr'><strong>ἔοικεν,</strong></span> <span class='ocrx_word' id='word_1_216' title='bbox 1333 3017 1679 3086; x_wconf 79' lang='grc' dir='ltr'><strong>ὁρμώμενος,</strong></span> <span class='ocrx_word' id='word_1_217' title='bbox 1722 3018 1835 3071; x_wconf 82' lang='grc' dir='ltr'><strong>τῶν</strong></span> 
     </span>
    </p>
   </div>
   <div class='ocr_carea' id='block_1_31' title="bbox 258 3101 1832 3173">
    <p class='ocr_par' dir='ltr' id='par_1_31' title="bbox 258 3101 1832 3173">
     <span class='ocr_line' id='line_1_31' title="bbox 258 3101 1832 3173; baseline 0.004 -18"><span class='ocrx_word' id='word_1_218' title='bbox 258 3101 408 3155; x_wconf 78' lang='grc' dir='ltr'>οὕτω</span> <span class='ocrx_word' id='word_1_219' title='bbox 439 3101 568 3169; x_wconf 75' lang='grc' dir='ltr'>περὶ</span> <span class='ocrx_word' id='word_1_220' title='bbox 597 3101 705 3155; x_wconf 87' lang='grc' dir='ltr'><strong>τῶν</strong></span> <span class='ocrx_word' id='word_1_221' title='bbox 727 3102 932 3172; x_wconf 81' lang='grc' dir='ltr'>Μάγων</span> <span class='ocrx_word' id='word_1_222' title='bbox 958 3104 1253 3173; x_wconf 73' lang='grc' dir='ltr'>λεγόντων·</span> <span class='ocrx_word' id='word_1_223' title='bbox 1293 3126 1312 3158; x_wconf 83' lang='grc'><strong><em>‹</em></strong></span> <span class='ocrx_word' id='word_1_224' title='bbox 1338 3106 1443 3157; x_wconf 80' lang='lat' dir='ltr'><strong>Kal</strong></span> <span class='ocrx_word' id='word_1_225' title='bbox 1476 3107 1722 3170; x_wconf 69' lang='grc' dir='ltr'><strong>ἐλθόντες</strong></span> <span class='ocrx_word' id='word_1_226' title='bbox 1752 3113 1832 3172; x_wconf 71' lang='grc' dir='ltr'>εἰς</span> 
     </span>
    </p>
   </div>
   <div class='ocr_carea' id='block_1_32' title="bbox 1935 635 3496 711">
    <p class='ocr_par' dir='ltr' id='par_1_32' title="bbox 1935 635 3496 711">
     <span class='ocr_line' id='line_1_32' title="bbox 1935 635 3496 711; baseline 0.01 -28"><span class='ocrx_word' id='word_1_227' title='bbox 1935 648 2053 685; x_wconf 89' lang='lat' dir='ltr'><strong>rum</strong></span> <span class='ocrx_word' id='word_1_228' title='bbox 2093 635 2208 689; x_wconf 71' lang='lat' dir='ltr'><strong>haec</strong></span> <span class='ocrx_word' id='word_1_229' title='bbox 2244 636 2410 689; x_wconf 82' lang='lat' dir='ltr'>nolim</span> <span class='ocrx_word' id='word_1_230' title='bbox 2443 638 2539 691; x_wconf 86' lang='lat' dir='ltr'><strong>tibi</strong></span> <span class='ocrx_word' id='word_1_231' title='bbox 2568 638 2797 694; x_wconf 87' lang='lat' dir='ltr'><strong>nimium</strong></span> <span class='ocrx_word' id='word_1_232' title='bbox 2831 643 3033 711; x_wconf 76' lang='lat' dir='ltr'><strong>negotii</strong></span> <span class='ocrx_word' id='word_1_233' title='bbox 3062 642 3349 699; x_wconf 82' lang='lat' dir='ltr'><strong>facessere.</strong></span> <span class='ocrx_word' id='word_1_234' title='bbox 3380 648 3496 699; x_wconf 67' lang='lat' dir='ltr'><strong>Non</strong></span> 
     </span>
    </p>
   </div>
   <div class='ocr_carea' id='block_1_33' title="bbox 1930 726 3497 802">
    <p class='ocr_par' dir='ltr' id='par_1_33' title="bbox 1930 726 3497 802">
     <span class='ocr_line' id='line_1_33' title="bbox 1930 726 3497 802; baseline 0.008 -23"><span class='ocrx_word' id='word_1_235' title='bbox 1930 726 2074 779; x_wconf 90' lang='lat' dir='ltr'><strong>enim</strong></span> <span class='ocrx_word' id='word_1_236' title='bbox 2128 726 2243 781; x_wconf 70' lang='lat' dir='ltr'><strong>haac</strong></span> <span class='ocrx_word' id='word_1_237' title='bbox 2273 728 2428 784; x_wconf 78' lang='lat' dir='ltr'><strong>stella</strong></span> <span class='ocrx_word' id='word_1_238' title='bbox 2466 731 2532 785; x_wconf 89' lang='lat' dir='ltr'><strong>de</strong></span> <span class='ocrx_word' id='word_1_239' title='bbox 2579 732 2813 787; x_wconf 66' lang='lat' dir='ltr'><strong>illorum</strong></span> <span class='ocrx_word' id='word_1_240' title='bbox 2840 733 3079 788; x_wconf 89' lang='lat' dir='ltr'><strong>siderum</strong></span> <span class='ocrx_word' id='word_1_241' title='bbox 3114 752 3347 802; x_wconf 85' lang='lat' dir='ltr'><strong>numch</strong></span> <span class='ocrx_word' id='word_1_242' title='bbox 3380 738 3497 800; x_wconf 89' lang='lat' dir='ltr'><strong>fuit,</strong></span> 
     </span>
    </p>
   </div>
   <div class='ocr_carea' id='block_1_34' title="bbox 1933 817 3496 891">
    <p class='ocr_par' dir='ltr' id='par_1_34' title="bbox 1933 817 3496 891">
     <span class='ocr_line' id='line_1_34' title="bbox 1933 817 3496 891; baseline 0.01 -26"><span class='ocrx_word' id='word_1_243' title='bbox 1933 832 2054 883; x_wconf 65' lang='lat' dir='ltr'><strong>qua:</strong></span> <span class='ocrx_word' id='word_1_244' title='bbox 2105 817 2266 873; x_wconf 90' lang='lat' dir='ltr'><strong>initio</strong></span> <span class='ocrx_word' id='word_1_245' title='bbox 2301 836 2483 875; x_wconf 89' lang='lat' dir='ltr'><strong>rerum</strong></span> <span class='ocrx_word' id='word_1_246' title='bbox 2521 821 2664 877; x_wconf 90' lang='lat' dir='ltr'><strong>Deus</strong></span> <span class='ocrx_word' id='word_1_247' title='bbox 2709 826 2761 878; x_wconf 90' lang='lat' dir='ltr'><strong>in</strong></span> <span class='ocrx_word' id='word_1_248' title='bbox 2801 826 3145 882; x_wconf 83' lang='lat' dir='ltr'><strong>ﬁrmamento</strong></span> <span class='ocrx_word' id='word_1_249' title='bbox 3188 830 3496 891; x_wconf 69' lang='lat' dir='ltr'><strong>collm-avit,</strong></span> 
     </span>
    </p>
   </div>
   <div class='ocr_carea' id='block_1_35' title="bbox 1934 908 3494 987">
    <p class='ocr_par' dir='ltr' id='par_1_35' title="bbox 1934 908 3494 987">
     <span class='ocr_line' id='line_1_35' title="bbox 1934 908 3494 987; baseline 0.008 -27"><span class='ocrx_word' id='word_1_250' title='bbox 1934 908 2027 961; x_wconf 89' lang='lat' dir='ltr'><strong>sed</strong></span> <span class='ocrx_word' id='word_1_251' title='bbox 2068 918 2311 976; x_wconf 76' lang='lat' dir='ltr'><strong>potestas</strong></span> <span class='ocrx_word' id='word_1_252' title='bbox 2346 913 2593 979; x_wconf 65' lang='lat' dir='ltr'><strong>quaedam</strong></span> <span class='ocrx_word' id='word_1_253' title='bbox 2628 914 3050 984; x_wconf 87' lang='lat' dir='ltr'><strong>inaspectabilis,</strong></span> <span class='ocrx_word' id='word_1_254' title='bbox 3093 920 3147 972; x_wconf 92' lang='lat' dir='ltr'><strong>in</strong></span> <span class='ocrx_word' id='word_1_255' title='bbox 3181 918 3494 987; x_wconf 81' lang='lat' dir='ltr'><strong>hujusmudi</strong></span> 
     </span>
    </p>
   </div>
   <div class='ocr_carea' id='block_1_36' title="bbox 1933 999 3498 1075">
    <p class='ocr_par' dir='ltr' id='par_1_36' title="bbox 1933 999 3498 1075">
     <span class='ocr_line' id='line_1_36' title="bbox 1933 999 3498 1075; baseline 0.008 -24"><span class='ocrx_word' id='word_1_256' title='bbox 1933 999 2171 1066; x_wconf 76' lang='lat' dir='ltr'><strong>speciem</strong></span> <span class='ocrx_word' id='word_1_257' title='bbox 2235 1000 2657 1070; x_wconf 89' lang='lat' dir='ltr'><strong>transformata,</strong></span> <span class='ocrx_word' id='word_1_258' title='bbox 2734 1009 3192 1075; x_wconf 80' lang='lat' dir='ltr'><strong>quemadmodum</strong></span> <span class='ocrx_word' id='word_1_259' title='bbox 3255 1010 3498 1064; x_wconf 79' lang='lat' dir='ltr'><strong>Joannes</strong></span> 
     </span>
    </p>
   </div>
   <div class='ocr_carea' id='block_1_37' title="bbox 1934 1088 3503 1160">
    <p class='ocr_par' dir='ltr' id='par_1_37' title="bbox 1934 1088 3503 1160">
     <span class='ocr_line' id='line_1_37' title="bbox 1934 1088 3503 1160; baseline 0.005 -19"><span class='ocrx_word' id='word_1_260' title='bbox 1934 1088 2354 1156; x_wconf 83' lang='lat' dir='ltr'><strong>Chrysostomus</strong></span> <span class='ocrx_word' id='word_1_261' title='bbox 2414 1092 2509 1146; x_wconf 86' lang='lat' dir='ltr'><strong>ait.</strong></span> <span class='ocrx_word' id='word_1_262' title='bbox 2559 1091 2860 1160; x_wconf 83' lang='lat' dir='ltr'><strong>Oportebat</strong></span> <span class='ocrx_word' id='word_1_263' title='bbox 2906 1097 3051 1148; x_wconf 89' lang='lat' dir='ltr'><strong>enim</strong></span> <span class='ocrx_word' id='word_1_264' title='bbox 3106 1096 3160 1149; x_wconf 89' lang='lat' dir='ltr'><strong>in</strong></span> <span class='ocrx_word' id='word_1_265' title='bbox 3218 1099 3503 1151; x_wconf 81' lang='lat' dir='ltr'><strong>nativitatc</strong></span> 
     </span>
    </p>
   </div>
   <div class='ocr_carea' id='block_1_38' title="bbox 1934 1180 3503 1245">
    <p class='ocr_par' dir='ltr' id='par_1_38' title="bbox 1934 1180 3503 1245">
     <span class='ocr_line' id='line_1_38' title="bbox 1934 1180 3503 1245; baseline 0.007 -12"><span class='ocrx_word' id='word_1_266' title='bbox 1934 1180 2243 1235; x_wconf 80' lang='lat' dir='ltr'><strong>admirabili</strong></span> <span class='ocrx_word' id='word_1_267' title='bbox 2295 1191 2350 1236; x_wconf 91' lang='lat' dir='ltr'><strong>et</strong></span> <span class='ocrx_word' id='word_1_268' title='bbox 2396 1184 2657 1241; x_wconf 88' lang='lat' dir='ltr'><strong>inusitata</strong></span> <span class='ocrx_word' id='word_1_269' title='bbox 2699 1186 2864 1241; x_wconf 87' lang='lat' dir='ltr'><strong>etiam</strong></span> <span class='ocrx_word' id='word_1_270' title='bbox 2919 1190 3130 1244; x_wconf 79' lang='lat' dir='ltr'><strong>stellam</strong></span> <span class='ocrx_word' id='word_1_271' title='bbox 3182 1206 3381 1245; x_wconf 72' lang='lat' dir='ltr'><strong>novatn</strong></span> <span class='ocrx_word' id='word_1_272' title='bbox 3441 1208 3503 1245; x_wconf 87' lang='lat' dir='ltr'><strong>ac</strong></span> 
     </span>
    </p>
   </div>
   <div class='ocr_carea' id='block_1_39' title="bbox 1938 1269 3503 1351">
    <p class='ocr_par' dir='ltr' id='par_1_39' title="bbox 1938 1269 3503 1351">
     <span class='ocr_line' id='line_1_39' title="bbox 1938 1269 3503 1351; baseline 0.006 -29"><span class='ocrx_word' id='word_1_273' title='bbox 1938 1269 2258 1327; x_wconf 84' lang='lat' dir='ltr'><strong>inusitatam</strong></span> <span class='ocrx_word' id='word_1_274' title='bbox 2307 1274 2465 1338; x_wconf 87' lang='lat' dir='ltr'><strong>oriri,</strong></span> <span class='ocrx_word' id='word_1_275' title='bbox 2503 1291 2625 1344; x_wconf 69' lang='lat' dir='ltr'><strong>quae</strong></span> <span class='ocrx_word' id='word_1_276' title='bbox 2677 1278 2838 1332; x_wconf 81' lang='lat' dir='ltr'><strong>index</strong></span> <span class='ocrx_word' id='word_1_277' title='bbox 2894 1289 3041 1336; x_wconf 85' lang='lat' dir='ltr'><strong>esset</strong></span> <span class='ocrx_word' id='word_1_278' title='bbox 3083 1295 3145 1335; x_wconf 91' lang='lat' dir='ltr'><strong>ac</strong></span> <span class='ocrx_word' id='word_1_279' title='bbox 3175 1281 3338 1351; x_wconf 74' lang='lat'><strong>210</strong></span> <span class='ocrx_word' id='word_1_280' title='bbox 3367 1299 3503 1350; x_wconf 77' lang='lat' dir='ltr'><strong>pra-.-</strong></span> 
     </span>
    </p>
   </div>
   <div class='ocr_carea' id='block_1_40' title="bbox 1936 1362 3501 1440">
    <p class='ocr_par' dir='ltr' id='par_1_40' title="bbox 1936 1362 3501 1440">
     <span class='ocr_line' id='line_1_40' title="bbox 1936 1362 3501 1440; baseline 0.006 -26"><span class='ocrx_word' id='word_1_281' title='bbox 1936 1362 2150 1424; x_wconf 88' lang='lat' dir='ltr'><strong>nuntia,</strong></span> <span class='ocrx_word' id='word_1_282' title='bbox 2205 1363 2366 1418; x_wconf 91' lang='lat' dir='ltr'><strong>sicuti</strong></span> <span class='ocrx_word' id='word_1_283' title='bbox 2412 1366 2634 1422; x_wconf 83' lang='lat' dir='ltr'><strong>divinus</strong></span> <span class='ocrx_word' id='word_1_284' title='bbox 2685 1368 2776 1423; x_wconf 91' lang='lat' dir='ltr'><strong>ille</strong></span> <span class='ocrx_word' id='word_1_285' title='bbox 2810 1369 3044 1440; x_wconf 78' lang='lat' dir='ltr'><strong>Cyrillus</strong></span> <span class='ocrx_word' id='word_1_286' title='bbox 3076 1372 3335 1440; x_wconf 85' lang='lat' dir='ltr'><strong>loquitur.</strong></span> <span class='ocrx_word' id='word_1_287' title='bbox 3373 1373 3501 1426; x_wconf 73' lang='lat' dir='ltr'><strong>Nam</strong></span> 
     </span>
    </p>
   </div>
   <div class='ocr_carea' id='block_1_41' title="bbox 1936 1452 3503 1529">
    <p class='ocr_par' dir='ltr' id='par_1_41' title="bbox 1936 1452 3503 1529">
     <span class='ocr_line' id='line_1_41' title="bbox 1936 1452 3503 1529; baseline 0.005 -24"><span class='ocrx_word' id='word_1_288' title='bbox 1936 1452 2141 1521; x_wconf 83' lang='lat' dir='ltr'><strong>absque</strong></span> <span class='ocrx_word' id='word_1_289' title='bbox 2182 1453 2274 1507; x_wconf 91' lang='lat' dir='ltr'><strong>illo</strong></span> <span class='ocrx_word' id='word_1_290' title='bbox 2303 1455 2464 1517; x_wconf 89' lang='lat' dir='ltr'><strong>foret,</strong></span> <span class='ocrx_word' id='word_1_291' title='bbox 2501 1472 2607 1509; x_wconf 91' lang='lat' dir='ltr'><strong>non</strong></span> <span class='ocrx_word' id='word_1_292' title='bbox 2658 1465 2866 1512; x_wconf 89' lang='lat' dir='ltr'><strong>tantum</strong></span> <span class='ocrx_word' id='word_1_293' title='bbox 2909 1460 3045 1514; x_wconf 90' lang='lat' dir='ltr'><strong>lucis</strong></span> <span class='ocrx_word' id='word_1_294' title='bbox 3097 1470 3152 1515; x_wconf 88' lang='lat' dir='ltr'><strong>et</strong></span> <span class='ocrx_word' id='word_1_295' title='bbox 3196 1462 3503 1529; x_wconf 83' lang='lat' dir='ltr'><strong>splendoris</strong></span> 
     </span>
    </p>
   </div>
   <div class='ocr_carea' id='block_1_42' title="bbox 1938 1542 3507 1623">
    <p class='ocr_par' dir='ltr' id='par_1_42' title="bbox 1938 1542 3507 1623">
     <span class='ocr_line' id='line_1_42' title="bbox 1938 1542 3507 1623; baseline 0.008 -30"><span class='ocrx_word' id='word_1_296' title='bbox 1938 1542 2243 1605; x_wconf 86' lang='lat' dir='ltr'><strong>habuisset.</strong></span> <span class='ocrx_word' id='word_1_297' title='bbox 2278 1561 2388 1599; x_wconf 92' lang='lat' dir='ltr'><strong>non</strong></span> <span class='ocrx_word' id='word_1_298' title='bbox 2429 1547 2612 1602; x_wconf 84' lang='lat' dir='ltr'><strong>medio</strong></span> <span class='ocrx_word' id='word_1_299' title='bbox 2642 1549 2729 1604; x_wconf 87' lang='lat' dir='ltr'><strong>die</strong></span> <span class='ocrx_word' id='word_1_300' title='bbox 2763 1551 2952 1605; x_wconf 88' lang='lat' dir='ltr'><strong>radios</strong></span> <span class='ocrx_word' id='word_1_301' title='bbox 3001 1553 3209 1607; x_wconf 86' lang='lat' dir='ltr'><strong>solares</strong></span> <span class='ocrx_word' id='word_1_302' title='bbox 3253 1568 3507 1623; x_wconf 83' lang='lat' dir='ltr'><strong>superas—</strong></span> 
     </span>
    </p>
   </div>
   <div class='ocr_carea' id='block_1_43' title="bbox 1936 1635 3507 1713">
    <p class='ocr_par' dir='ltr' id='par_1_43' title="bbox 1936 1635 3507 1713">
     <span class='ocr_line' id='line_1_43' title="bbox 1936 1635 3507 1713; baseline 0.01 -27"><span class='ocrx_word' id='word_1_303' title='bbox 1936 1642 2038 1696; x_wconf 88' lang='lat' dir='ltr'><strong>set,</strong></span> <span class='ocrx_word' id='word_1_304' title='bbox 2078 1649 2186 1688; x_wconf 92' lang='lat' dir='ltr'><strong>non</strong></span> <span class='ocrx_word' id='word_1_305' title='bbox 2226 1635 2398 1705; x_wconf 81' lang='lat' dir='ltr'><strong>Magis</strong></span> <span class='ocrx_word' id='word_1_306' title='bbox 2444 1640 2807 1707; x_wconf 87' lang='lat' dir='ltr'><strong>persuasisset</strong></span> <span class='ocrx_word' id='word_1_307' title='bbox 2858 1653 2917 1696; x_wconf 90' lang='lat' dir='ltr'><strong>ut</strong></span> <span class='ocrx_word' id='word_1_308' title='bbox 2962 1657 2993 1697; x_wconf 94' lang='lat' dir='ltr'><strong>e</strong></span> <span class='ocrx_word' id='word_1_309' title='bbox 3045 1644 3215 1711; x_wconf 88' lang='lat' dir='ltr'><strong>patria</strong></span> <span class='ocrx_word' id='word_1_310' title='bbox 3272 1643 3507 1713; x_wconf 80' lang='lat' dir='ltr'><strong>proiecti</strong></span> 
     </span>
    </p>
   </div>
   <div class='ocr_carea' id='block_1_44' title="bbox 1939 1726 3505 1801">
    <p class='ocr_par' dir='ltr' id='par_1_44' title="bbox 1939 1726 3505 1801">
     <span class='ocr_line' id='line_1_44' title="bbox 1939 1726 3505 1801; baseline 0.006 -22"><span class='ocrx_word' id='word_1_311' title='bbox 1939 1734 2149 1779; x_wconf 88' lang='lat' dir='ltr'><strong>tantum</strong></span> <span class='ocrx_word' id='word_1_312' title='bbox 2206 1726 2416 1783; x_wconf 79' lang='lat' dir='ltr'><strong>itineris</strong></span> <span class='ocrx_word' id='word_1_313' title='bbox 2464 1730 2828 1801; x_wconf 85' lang='lat' dir='ltr'><strong>susciperent,</strong></span> <span class='ocrx_word' id='word_1_314' title='bbox 2880 1749 2991 1788; x_wconf 88' lang='lat' dir='ltr'><strong>non</strong></span> <span class='ocrx_word' id='word_1_315' title='bbox 3041 1750 3137 1789; x_wconf 88' lang='lat' dir='ltr'><strong>eos</strong></span> <span class='ocrx_word' id='word_1_316' title='bbox 3188 1736 3347 1791; x_wconf 90' lang='lat' dir='ltr'><strong>modo</strong></span> <span class='ocrx_word' id='word_1_317' title='bbox 3396 1745 3505 1789; x_wconf 87' lang='lat' dir='ltr'><strong>tam</strong></span> 
     </span>
    </p>
   </div>
   <div class='ocr_carea' id='block_1_45' title="bbox 1938 1818 3508 1895">
    <p class='ocr_par' dir='ltr' id='par_1_45' title="bbox 1938 1818 3508 1895">
     <span class='ocr_line' id='line_1_45' title="bbox 1938 1818 3508 1895; baseline 0.009 -26"><span class='ocrx_word' id='word_1_318' title='bbox 1938 1818 2239 1874; x_wconf 81' lang='lat' dir='ltr'><strong>admirabili</strong></span> <span class='ocrx_word' id='word_1_319' title='bbox 2273 1822 2626 1887; x_wconf 80' lang='lat' dir='ltr'><strong>perduxisset</strong></span> <span class='ocrx_word' id='word_1_320' title='bbox 2658 1823 3116 1895; x_wconf 81' lang='lat' dir='ltr'><strong>Hierosolymam,</strong></span> <span class='ocrx_word' id='word_1_321' title='bbox 3148 1843 3258 1882; x_wconf 90' lang='lat' dir='ltr'><strong>non</strong></span> <span class='ocrx_word' id='word_1_322' title='bbox 3303 1844 3367 1883; x_wconf 80' lang='lat' dir='ltr'><strong>ex</strong></span> <span class='ocrx_word' id='word_1_323' title='bbox 3400 1830 3508 1884; x_wconf 89' lang='lat' dir='ltr'><strong>alto</strong></span> 
     </span>
    </p>
   </div>
   <div class='ocr_carea' id='block_1_46' title="bbox 1940 1906 3507 1981">
    <p class='ocr_par' dir='ltr' id='par_1_46' title="bbox 1940 1906 3507 1981">
     <span class='ocr_line' id='line_1_46' title="bbox 1940 1906 3507 1981; baseline 0.01 -23"><span class='ocrx_word' id='word_1_324' title='bbox 1940 1921 1999 1959; x_wconf 90' lang='lat' dir='ltr'><strong>se</strong></span> <span class='ocrx_word' id='word_1_325' title='bbox 2042 1906 2338 1963; x_wconf 87' lang='lat' dir='ltr'><strong>demittcns</strong></span> <span class='ocrx_word' id='word_1_326' title='bbox 2376 1925 2538 1981; x_wconf 86' lang='lat' dir='ltr'><strong>supra</strong></span> <span class='ocrx_word' id='word_1_327' title='bbox 2594 1924 2779 1967; x_wconf 88' lang='lat' dir='ltr'><strong>natum</strong></span> <span class='ocrx_word' id='word_1_328' title='bbox 2827 1916 3086 1970; x_wconf 82' lang='lat' dir='ltr'><strong>infantem</strong></span> <span class='ocrx_word' id='word_1_329' title='bbox 3139 1918 3507 1981; x_wconf 88' lang='lat' dir='ltr'><strong>constitisset.</strong></span> 
     </span>
    </p>
   </div>
   <div class='ocr_carea' id='block_1_47' title="bbox 1938 2000 3507 2076">
    <p class='ocr_par' dir='ltr' id='par_1_47' title="bbox 1938 2000 3507 2076">
     <span class='ocr_line' id='line_1_47' title="bbox 1938 2000 3507 2076; baseline 0.008 -23"><span class='ocrx_word' id='word_1_330' title='bbox 1938 2016 2047 2053; x_wconf 87' lang='lat' dir='ltr'><strong>non</strong></span> <span class='ocrx_word' id='word_1_331' title='bbox 2081 2000 2338 2069; x_wconf 88' lang='lat' dir='ltr'><strong>deinceps</strong></span> <span class='ocrx_word' id='word_1_332' title='bbox 2370 2004 2617 2073; x_wconf 78' lang='lat' dir='ltr'><strong>conSpici</strong></span> <span class='ocrx_word' id='word_1_333' title='bbox 2646 2005 2916 2063; x_wconf 74' lang='lat' dir='ltr'><strong>desiisset.</strong></span> <span class='ocrx_word' id='word_1_334' title='bbox 2951 2006 3313 2076; x_wconf 88' lang='lat' dir='ltr'><strong>Posteaquam</strong></span> <span class='ocrx_word' id='word_1_335' title='bbox 3359 2011 3507 2066; x_wconf 88' lang='lat' dir='ltr'><strong>enim</strong></span> 
     </span>
    </p>
   </div>
   <div class='ocr_carea' id='block_1_48' title="bbox 1939 2090 3505 2155">
    <p class='ocr_par' dir='ltr' id='par_1_48' title="bbox 1939 2090 3505 2155">
     <span class='ocr_line' id='line_1_48' title="bbox 1939 2090 3505 2155; baseline 0.006 -11"><span class='ocrx_word' id='word_1_336' title='bbox 1939 2090 2006 2144; x_wconf 89' lang='lat' dir='ltr'><strong>ab</strong></span> <span class='ocrx_word' id='word_1_337' title='bbox 2034 2106 2097 2145; x_wconf 90' lang='lat' dir='ltr'><strong>ea</strong></span> <span class='ocrx_word' id='word_1_338' title='bbox 2124 2092 2271 2146; x_wconf 89' lang='lat' dir='ltr'><strong>ducti</strong></span> <span class='ocrx_word' id='word_1_339' title='bbox 2308 2093 2373 2147; x_wconf 90' lang='lat' dir='ltr'><strong>ad</strong></span> <span class='ocrx_word' id='word_1_340' title='bbox 2412 2094 2692 2149; x_wconf 87' lang='lat' dir='ltr'><strong>Christum</strong></span> <span class='ocrx_word' id='word_1_341' title='bbox 2738 2109 3083 2153; x_wconf 83' lang='lat' dir='ltr'><strong>accesserant</strong></span> <span class='ocrx_word' id='word_1_342' title='bbox 3112 2110 3167 2155; x_wconf 89' lang='lat' dir='ltr'><strong>et</strong></span> <span class='ocrx_word' id='word_1_343' title='bbox 3196 2116 3322 2155; x_wconf 88' lang='lat' dir='ltr'><strong>vera</strong></span> <span class='ocrx_word' id='word_1_344' title='bbox 3355 2101 3505 2154; x_wconf 92' lang='lat' dir='ltr'><strong>illum</strong></span> 
     </span>
    </p>
   </div>
   <div class='ocr_carea' id='block_1_49' title="bbox 1938 2182 3507 2262">
    <p class='ocr_par' dir='ltr' id='par_1_49' title="bbox 1938 2182 3507 2262">
     <span class='ocr_line' id='line_1_49' title="bbox 1938 2182 3507 2262; baseline 0.005 -24"><span class='ocrx_word' id='word_1_345' title='bbox 1938 2182 2043 2239; x_wconf 84' lang='lat' dir='ltr'><strong>fide</strong></span> <span class='ocrx_word' id='word_1_346' title='bbox 2075 2186 2307 2255; x_wconf 80' lang='lat' dir='ltr'><strong>amplexi</strong></span> <span class='ocrx_word' id='word_1_347' title='bbox 2361 2185 2603 2252; x_wconf 78' lang='lat' dir='ltr'><strong>fuerant,</strong></span> <span class='ocrx_word' id='word_1_348' title='bbox 2654 2204 2765 2243; x_wconf 89' lang='lat' dir='ltr'><strong>non</strong></span> <span class='ocrx_word' id='word_1_349' title='bbox 2810 2190 2921 2258; x_wconf 91' lang='lat' dir='ltr'><strong>jam</strong></span> <span class='ocrx_word' id='word_1_350' title='bbox 2964 2192 3198 2261; x_wconf 85' lang='lat' dir='ltr'><strong>amplius</strong></span> <span class='ocrx_word' id='word_1_351' title='bbox 3244 2193 3507 2262; x_wconf 81' lang='lat' dir='ltr'><strong>ejusmodi</strong></span> 
     </span>
    </p>
   </div>
   <div class='ocr_carea' id='block_1_50' title="bbox 1919 2276 3511 2360">
    <p class='ocr_par' dir='ltr' id='par_1_50' title="bbox 1919 2276 3511 2360">
     <span class='ocr_line' id='line_1_50' title="bbox 1919 2276 3511 2360; baseline 0.006 -31"><span class='ocrx_word' id='word_1_352' title='bbox 1919 2276 2409 2360; x_wconf 63' lang='lat' dir='ltr'><strong>panuductionis.</strong></span> <span class='ocrx_word' id='word_1_353' title='bbox 2465 2280 2721 2350; x_wconf 85' lang='lat' dir='ltr'><strong>egebant.</strong></span> <span class='ocrx_word' id='word_1_354' title='bbox 2798 2280 3034 2352; x_wconf 83' lang='lat' dir='ltr'><strong>Ideoque</strong></span> <span class='ocrx_word' id='word_1_355' title='bbox 3122 2284 3347 2338; x_wconf 84' lang='lat' dir='ltr'><strong>oraculo</strong></span> <span class='ocrx_word' id='word_1_356' title='bbox 3412 2300 3511 2354; x_wconf 86' lang='lat' dir='ltr'><strong>per</strong></span> 
     </span>
    </p>
   </div>
   <div class='ocr_carea' id='block_1_51' title="bbox 1936 2369 3510 2446">
    <p class='ocr_par' dir='ltr' id='par_1_51' title="bbox 1936 2369 3510 2446">
     <span class='ocr_line' id='line_1_51' title="bbox 1936 2369 3510 2446; baseline 0.004 -25"><span class='ocrx_word' id='word_1_357' title='bbox 1936 2369 2174 2438; x_wconf 76' lang='lat' dir='ltr'><strong>quietem</strong></span> <span class='ocrx_word' id='word_1_358' title='bbox 2220 2369 2481 2425; x_wconf 86' lang='lat' dir='ltr'><strong>admoniti</strong></span> <span class='ocrx_word' id='word_1_359' title='bbox 2532 2372 2635 2427; x_wconf 84' lang='lat' dir='ltr'><strong>alia</strong></span> <span class='ocrx_word' id='word_1_360' title='bbox 2683 2372 2769 2428; x_wconf 91' lang='lat' dir='ltr'><strong>via</strong></span> <span class='ocrx_word' id='word_1_361' title='bbox 2807 2387 2972 2440; x_wconf 75' lang='lat' dir='ltr'><strong>suam</strong></span> <span class='ocrx_word' id='word_1_362' title='bbox 3013 2375 3068 2429; x_wconf 91' lang='lat' dir='ltr'><strong>in</strong></span> <span class='ocrx_word' id='word_1_363' title='bbox 3102 2376 3332 2446; x_wconf 76' lang='lat' dir='ltr'><strong>patriam</strong></span> <span class='ocrx_word' id='word_1_364' title='bbox 3382 2385 3510 2429; x_wconf 88' lang='lat' dir='ltr'><strong>sunt</strong></span> 
     </span>
    </p>
   </div>
   <div class='ocr_carea' id='block_1_52' title="bbox 1937 2464 2168 2517">
    <p class='ocr_par' dir='ltr' id='par_1_52' title="bbox 1937 2464 2168 2517">
     <span class='ocr_line' id='line_1_52' title="bbox 1937 2464 2168 2517; baseline 0.009 -2"><span class='ocrx_word' id='word_1_365' title='bbox 1937 2464 2168 2517; x_wconf 79' lang='lat' dir='ltr'><strong>reVersi.</strong></span> 
     </span>
    </p>
   </div>
   <div class='ocr_carea' id='block_1_53' title="bbox 2007 2550 3511 2631">
    <p class='ocr_par' dir='ltr' id='par_1_53' title="bbox 2007 2550 3511 2631">
     <span class='ocr_line' id='line_1_53' title="bbox 2007 2550 3511 2631; baseline 0.007 -26"><span class='ocrx_word' id='word_1_366' title='bbox 2007 2550 2279 2608; x_wconf 87' lang='lat' dir='ltr'><strong>Fortassis</strong></span> <span class='ocrx_word' id='word_1_367' title='bbox 2305 2563 2514 2621; x_wconf 88' lang='lat' dir='ltr'><strong>autem,</strong></span> <span class='ocrx_word' id='word_1_368' title='bbox 2556 2555 2755 2612; x_wconf 83' lang='lat' dir='ltr'><strong>dilecte</strong></span> <span class='ocrx_word' id='word_1_369' title='bbox 2804 2558 2904 2619; x_wconf 85' lang='lat' dir='ltr'><strong>fili.</strong></span> <span class='ocrx_word' id='word_1_370' title='bbox 2938 2558 3206 2630; x_wconf 72' lang='lat' dir='ltr'><strong>Bulgaria:</strong></span> <span class='ocrx_word' id='word_1_371' title='bbox 3236 2559 3511 2631; x_wconf 80' lang='lat' dir='ltr'><strong>pontiﬁcis</strong></span> 
     </span>
    </p>
   </div>
   <div class='ocr_carea' id='block_1_54' title="bbox 1935 2646 3509 2722">
    <p class='ocr_par' dir='ltr' id='par_1_54' title="bbox 1935 2646 3509 2722">
     <span class='ocr_line' id='line_1_54' title="bbox 1935 2646 3509 2722; baseline 0.005 -22"><span class='ocrx_word' id='word_1_372' title='bbox 1935 2646 2339 2700; x_wconf 88' lang='lat' dir='ltr'><strong>enarrationem</strong></span> <span class='ocrx_word' id='word_1_373' title='bbox 2371 2648 2424 2700; x_wconf 89' lang='lat' dir='ltr'><strong>in</strong></span> <span class='ocrx_word' id='word_1_374' title='bbox 2458 2647 2695 2703; x_wconf 89' lang='lat' dir='ltr'><strong>medium</strong></span> <span class='ocrx_word' id='word_1_375' title='bbox 2734 2650 3003 2720; x_wconf 85' lang='lat' dir='ltr'><strong>prolatam</strong></span> <span class='ocrx_word' id='word_1_376' title='bbox 3047 2652 3209 2707; x_wconf 88' lang='lat' dir='ltr'><strong>nobis</strong></span> <span class='ocrx_word' id='word_1_377' title='bbox 3239 2668 3509 2722; x_wconf 86' lang='lat' dir='ltr'><strong>oppones.</strong></span> 
     </span>
    </p>
   </div>
   <div class='ocr_carea' id='block_1_55' title="bbox 1935 2737 3507 2813">
    <p class='ocr_par' dir='ltr' id='par_1_55' title="bbox 1935 2737 3507 2813">
     <span class='ocr_line' id='line_1_55' title="bbox 1935 2737 3507 2813; baseline 0.004 -23"><span class='ocrx_word' id='word_1_378' title='bbox 1935 2746 1990 2790; x_wconf 89' lang='lat' dir='ltr'><strong>et</strong></span> <span class='ocrx_word' id='word_1_379' title='bbox 2024 2751 2089 2790; x_wconf 78' lang='lat' dir='ltr'><strong>ex</strong></span> <span class='ocrx_word' id='word_1_380' title='bbox 2130 2751 2193 2790; x_wconf 91' lang='lat' dir='ltr'><strong>ea</strong></span> <span class='ocrx_word' id='word_1_381' title='bbox 2225 2737 2483 2805; x_wconf 85' lang='lat' dir='ltr'><strong>probabis</strong></span> <span class='ocrx_word' id='word_1_382' title='bbox 2511 2754 2622 2792; x_wconf 90' lang='lat' dir='ltr'><strong>non</strong></span> <span class='ocrx_word' id='word_1_383' title='bbox 2654 2739 2710 2793; x_wconf 90' lang='lat' dir='ltr'><strong>in</strong></span> <span class='ocrx_word' id='word_1_384' title='bbox 2744 2740 3029 2809; x_wconf 88' lang='lat' dir='ltr'><strong>spelunca,</strong></span> <span class='ocrx_word' id='word_1_385' title='bbox 3064 2742 3159 2796; x_wconf 89' lang='lat' dir='ltr'><strong>sed</strong></span> <span class='ocrx_word' id='word_1_386' title='bbox 3178 2742 3340 2797; x_wconf 91' lang='lat' dir='ltr'><strong>domo</strong></span> <span class='ocrx_word' id='word_1_387' title='bbox 3373 2759 3507 2813; x_wconf 85' lang='lat' dir='ltr'><strong>qua-</strong></span> 
     </span>
    </p>
   </div>
   <div class='ocr_carea' id='block_1_56' title="bbox 1936 2824 3502 2898">
    <p class='ocr_par' dir='ltr' id='par_1_56' title="bbox 1936 2824 3502 2898">
     <span class='ocr_line' id='line_1_56' title="bbox 1936 2824 3502 2898; baseline 0.003 -19"><span class='ocrx_word' id='word_1_388' title='bbox 1936 2826 2059 2880; x_wconf 92' lang='lat' dir='ltr'><strong>dam</strong></span> <span class='ocrx_word' id='word_1_389' title='bbox 2093 2824 2367 2881; x_wconf 84' lang='lat' dir='ltr'><strong>Christum</strong></span> <span class='ocrx_word' id='word_1_390' title='bbox 2403 2841 2431 2881; x_wconf 89' lang='lat' dir='ltr'><strong>a</strong></span> <span class='ocrx_word' id='word_1_391' title='bbox 2489 2826 2656 2898; x_wconf 80' lang='lat' dir='ltr'><strong>Magis</strong></span> <span class='ocrx_word' id='word_1_392' title='bbox 2692 2830 2980 2884; x_wconf 88' lang='lat' dir='ltr'><strong>adoratum</strong></span> <span class='ocrx_word' id='word_1_393' title='bbox 3029 2846 3172 2885; x_wconf 88' lang='lat' dir='ltr'><strong>esse.</strong></span> <span class='ocrx_word' id='word_1_394' title='bbox 3232 2831 3502 2887; x_wconf 88' lang='lat' dir='ltr'><strong>Nimirum</strong></span> 
     </span>
    </p>
   </div>
   <div class='ocr_carea' id='block_1_57' title="bbox 1936 2916 3507 2993">
    <p class='ocr_par' dir='ltr' id='par_1_57' title="bbox 1936 2916 3507 2993">
     <span class='ocr_line' id='line_1_57' title="bbox 1936 2916 3507 2993; baseline 0.003 -22"><span class='ocrx_word' id='word_1_395' title='bbox 1936 2916 2153 2971; x_wconf 59' lang='lat' dir='ltr'><strong>divinus</strong></span> <span class='ocrx_word' id='word_1_396' title='bbox 2189 2917 2279 2972; x_wconf 89' lang='lat' dir='ltr'><strong>ille</strong></span> <span class='ocrx_word' id='word_1_397' title='bbox 2318 2919 2419 2981; x_wconf 77' lang='lat' dir='ltr'><strong>vir,</strong></span> <span class='ocrx_word' id='word_1_398' title='bbox 2453 2921 2746 2975; x_wconf 87' lang='lat' dir='ltr'><strong>occasione</strong></span> <span class='ocrx_word' id='word_1_399' title='bbox 2781 2922 2847 2976; x_wconf 88' lang='lat' dir='ltr'><strong>de</strong></span> <span class='ocrx_word' id='word_1_400' title='bbox 2882 2923 3062 2979; x_wconf 82' lang='lat' dir='ltr'><strong>verbis</strong></span> <span class='ocrx_word' id='word_1_401' title='bbox 3097 2922 3374 2993; x_wconf 79' lang='lat' dir='ltr'><strong>Evangelii</strong></span> <span class='ocrx_word' id='word_1_402' title='bbox 3413 2938 3507 2991; x_wconf 86' lang='lat' dir='ltr'><strong>per</strong></span> 
     </span>
    </p>
   </div>
   <div class='ocr_carea' id='block_1_58' title="bbox 1935 3009 3511 3084">
    <p class='ocr_par' dir='ltr' id='par_1_58' title="bbox 1935 3009 3511 3084">
     <span class='ocr_line' id='line_1_58' title="bbox 1935 3009 3511 3084; baseline 0.004 -22"><span class='ocrx_word' id='word_1_403' title='bbox 1935 3009 2248 3063; x_wconf 64' lang='lat' dir='ltr'><strong>Matthaeum</strong></span> <span class='ocrx_word' id='word_1_404' title='bbox 2299 3012 2592 3080; x_wconf 86' lang='lat' dir='ltr'><strong>conscripti</strong></span> <span class='ocrx_word' id='word_1_405' title='bbox 2653 3024 2891 3082; x_wconf 83' lang='lat' dir='ltr'><strong>sumpta,</strong></span> <span class='ocrx_word' id='word_1_406' title='bbox 2947 3030 3067 3083; x_wconf 52' lang='lat' dir='ltr'><strong>qum</strong></span> <span class='ocrx_word' id='word_1_407' title='bbox 3110 3015 3178 3069; x_wconf 90' lang='lat' dir='ltr'><strong>de</strong></span> <span class='ocrx_word' id='word_1_408' title='bbox 3224 3014 3393 3084; x_wconf 86' lang='lat' dir='ltr'><strong>Magis</strong></span> <span class='ocrx_word' id='word_1_409' title='bbox 3439 3015 3511 3068; x_wconf 89' lang='lat' dir='ltr'><strong>ita</strong></span> 
     </span>
    </p>
   </div>
   <div class='ocr_carea' id='block_1_59' title="bbox 1935 3101 3516 3172">
    <p class='ocr_par' dir='ltr' id='par_1_59' title="bbox 1935 3101 3516 3172">
     <span class='ocr_line' id='line_1_59' title="bbox 1935 3101 3516 3172; baseline 0.003 -18"><span class='ocrx_word' id='word_1_410' title='bbox 1935 3101 2275 3169; x_wconf 84' lang='lat' dir='ltr'><strong>loquuntur:</strong></span> <span class='ocrx_word' id='word_1_411' title='bbox 2316 3121 2333 3153; x_wconf 76' lang='grc' dir='ltr'><strong>ι</strong></span> <span class='ocrx_word' id='word_1_412' title='bbox 2392 3101 2626 3172; x_wconf 85' lang='lat' dir='ltr'><strong>lngressi</strong></span> <span class='ocrx_word' id='word_1_413' title='bbox 2664 3104 2884 3158; x_wconf 88' lang='lat' dir='ltr'><strong>domum</strong></span> <span class='ocrx_word' id='word_1_414' title='bbox 2921 3105 3121 3159; x_wconf 84' lang='lat' dir='ltr'><strong>ibidem</strong></span> <span class='ocrx_word' id='word_1_415' title='bbox 3162 3122 3285 3160; x_wconf 88' lang='lat' dir='ltr'><strong>cum</strong></span> <span class='ocrx_word' id='word_1_416' title='bbox 3345 3116 3516 3159; x_wconf 80' lang='lat' dir='ltr'><strong>matre</strong></span> 
     </span>
    </p>
   </div>
   <div class='ocr_carea' id='block_1_60' title="bbox 255 3189 1839 3271">
    <p class='ocr_par' dir='ltr' id='par_1_60' title="bbox 255 3189 1830 3271">
     <span class='ocr_line' id='line_1_60' title="bbox 255 3189 1830 3271; baseline 0.006 -26"><span class='ocrx_word' id='word_1_417' title='bbox 255 3192 361 3261; x_wconf 77' lang='grc' dir='ltr'><strong>τὴν</strong></span> <span class='ocrx_word' id='word_1_418' title='bbox 391 3192 568 3246; x_wconf 79' lang='grc' dir='ltr'>οίκίαν</span> <span class='ocrx_word' id='word_1_419' title='bbox 595 3189 735 3246; x_wconf 77' lang='grc' dir='ltr'><strong>εἶδον</strong></span> <span class='ocrx_word' id='word_1_420' title='bbox 761 3193 822 3246; x_wconf 85' lang='grc' dir='ltr'><strong>τδ</strong></span> <span class='ocrx_word' id='word_1_421' title='bbox 853 3196 1066 3249; x_wconf 81' lang='grc' dir='ltr'>παιδίον</span> <span class='ocrx_word' id='word_1_422' title='bbox 1100 3197 1241 3265; x_wconf 87' lang='grc' dir='ltr'><strong>μετὰ</strong></span> <span class='ocrx_word' id='word_1_423' title='bbox 1258 3196 1476 3267; x_wconf 77' lang='grc' dir='ltr'>Μαρίας</span> <span class='ocrx_word' id='word_1_424' title='bbox 1500 3199 1596 3268; x_wconf 80' lang='grc' dir='ltr'><strong>τῆς</strong></span> <span class='ocrx_word' id='word_1_425' title='bbox 1621 3202 1830 3271; x_wconf 82' lang='grc' dir='ltr'><strong>μητρὸς</strong></span> 
     </span>
    </p>
   </div>
   <div class='ocr_carea' id='block_1_61' title="bbox 1934 3189 3516 3271">
    <p class='ocr_par' dir='ltr' id='par_1_61' title="bbox 1936 3191 3516 3262">
     <span class='ocr_line' id='line_1_61' title="bbox 1936 3191 3516 3262; baseline 0.003 -17"><span class='ocrx_word' id='word_1_426' title='bbox 1936 3191 2101 3245; x_wconf 85' lang='lat' dir='ltr'><strong>Maria</strong></span> <span class='ocrx_word' id='word_1_427' title='bbox 2140 3207 2372 3262; x_wconf 91' lang='lat' dir='ltr'><strong>puerum</strong></span> <span class='ocrx_word' id='word_1_428' title='bbox 2410 3192 2669 3249; x_wconf 75' lang='lat' dir='ltr'><strong>viderunt</strong></span> <span class='ocrx_word' id='word_1_429' title='bbox 2690 3195 2759 3258; x_wconf 81' lang='grc'><strong>⁸⁸,</strong></span> <span class='ocrx_word' id='word_1_430' title='bbox 2802 3213 2819 3245; x_wconf 72' lang='grc' dir='ltr'><strong>ι</strong></span> <span class='ocrx_word' id='word_1_431' title='bbox 2861 3196 3051 3249; x_wconf 89' lang='lat' dir='ltr'><strong>scribit</strong></span> <span class='ocrx_word' id='word_1_432' title='bbox 3080 3208 3516 3251; x_wconf 65' lang='lat' dir='ltr'><strong>consentaneum</strong></span> 
     </span>
    </p>
   </div>
   <div class='ocr_carea' id='block_1_62' title="bbox 256 3278 1830 3357">
    <p class='ocr_par' dir='ltr' id='par_1_62' title="bbox 256 3278 1830 3357">
     <span class='ocr_line' id='line_1_62' title="bbox 256 3278 1830 3357; baseline 0.006 -24"><span class='ocrx_word' id='word_1_433' title='bbox 256 3278 450 3345; x_wconf 80' lang='grc' dir='ltr'><strong>αὑτοῦ,</strong></span> <span class='ocrx_word' id='word_1_434' title='bbox 486 3298 505 3331; x_wconf 74' lang='grc' dir='ltr'><strong>ι</strong></span> <span class='ocrx_word' id='word_1_435' title='bbox 544 3281 639 3334; x_wconf 81' lang='grc' dir='ltr'><strong>καὶ</strong></span> <span class='ocrx_word' id='word_1_436' title='bbox 686 3281 811 3335; x_wconf 77' lang='grc' dir='ltr'><strong>τάδε</strong></span> <span class='ocrx_word' id='word_1_437' title='bbox 864 3285 1052 3353; x_wconf 75' lang='grc' dir='ltr'><strong>φησὶν,</strong></span> <span class='ocrx_word' id='word_1_438' title='bbox 1084 3286 1165 3337; x_wconf 75' lang='grc' dir='ltr'><strong>ὅτι</strong></span> <span class='ocrx_word' id='word_1_439' title='bbox 1207 3284 1348 3354; x_wconf 73' lang='grc' dir='ltr'><strong>μετὰ</strong></span> <span class='ocrx_word' id='word_1_440' title='bbox 1388 3285 1449 3337; x_wconf 73' lang='grc' dir='ltr'>τὸ</span> <span class='ocrx_word' id='word_1_441' title='bbox 1502 3288 1830 3357; x_wconf 80' lang='grc' dir='ltr'>γεννηθῆναι</span> 
     </span>
    </p>
   </div>
   <div class='ocr_carea' id='block_1_63' title="bbox 254 3370 1831 3451">
    <p class='ocr_par' dir='ltr' id='par_1_63' title="bbox 254 3370 1831 3451">
     <span class='ocr_line' id='line_1_63' title="bbox 254 3370 1831 3451; baseline 0.008 -29"><span class='ocrx_word' id='word_1_442' title='bbox 254 3370 353 3423; x_wconf 71' lang='grc' dir='ltr'><strong>τὸν</strong></span> <span class='ocrx_word' id='word_1_443' title='bbox 388 3370 595 3440; x_wconf 79' lang='grc' dir='ltr'><strong>Κύριον</strong></span> <span class='ocrx_word' id='word_1_444' title='bbox 652 3374 746 3424; x_wconf 80' lang='grc' dir='ltr'><strong>καὶ</strong></span> <span class='ocrx_word' id='word_1_445' title='bbox 793 3375 851 3426; x_wconf 70' lang='grc' dir='ltr'><strong>ιν</strong></span> <span class='ocrx_word' id='word_1_446' title='bbox 881 3377 948 3444; x_wconf 77' lang='grc' dir='ltr'>τῇ</span> <span class='ocrx_word' id='word_1_447' title='bbox 990 3380 1165 3445; x_wconf 79' lang='grc' dir='ltr'>φάτνῃ</span> <span class='ocrx_word' id='word_1_448' title='bbox 1197 3377 1557 3444; x_wconf 71' lang='grc' dir='ltr'>ἀνακλιθῆναι</span> <span class='ocrx_word' id='word_1_449' title='bbox 1584 3379 1731 3443; x_wconf 70' lang='grc' dir='ltr'><strong>εἰκὸς</strong></span> <span class='ocrx_word' id='word_1_450' title='bbox 1765 3376 1831 3451; x_wconf 81' lang='grc' dir='ltr'><strong>ἦν</strong></span> 
     </span>
    </p>
   </div>
   <div class='ocr_carea' id='block_1_64' title="bbox 256 3461 1832 3541">
    <p class='ocr_par' dir='ltr' id='par_1_64' title="bbox 256 3461 1832 3541">
     <span class='ocr_line' id='line_1_64' title="bbox 256 3461 1832 3541; baseline 0.008 -27"><span class='ocrx_word' id='word_1_451' title='bbox 256 3461 553 3530; x_wconf 66' lang='grc' dir='ltr'><strong>εὑρεθῆναι</strong></span> <span class='ocrx_word' id='word_1_452' title='bbox 610 3465 702 3517; x_wconf 72' lang='grc' dir='ltr'><strong>καὶ</strong></span> <span class='ocrx_word' id='word_1_453' title='bbox 751 3466 931 3519; x_wconf 87' lang='grc' dir='ltr'>οίκίαν</span> <span class='ocrx_word' id='word_1_454' title='bbox 970 3469 1115 3534; x_wconf 79' lang='grc' dir='ltr'><strong>τινὰ,</strong></span> <span class='ocrx_word' id='word_1_455' title='bbox 1150 3469 1209 3520; x_wconf 76' lang='grc' dir='ltr'><strong>ἐν</strong></span> <span class='ocrx_word' id='word_1_456' title='bbox 1314 3470 1458 3540; x_wconf 70' lang='grc' dir='ltr'>παρὰ</span> <span class='ocrx_word' id='word_1_457' title='bbox 1484 3471 1591 3523; x_wconf 81' lang='grc' dir='ltr'><strong>τῶν</strong></span> <span class='ocrx_word' id='word_1_458' title='bbox 1624 3474 1832 3540; x_wconf 79' lang='grc' dir='ltr'>Μάγων</span> 
     </span>
    </p>
   </div>
   <div class='ocr_carea' id='block_1_65' title="bbox 258 3551 1829 3625">
    <p class='ocr_par' dir='ltr' id='par_1_65' title="bbox 258 3551 1829 3625">
     <span class='ocr_line' id='line_1_65' title="bbox 258 3551 1829 3625; baseline 0.003 -20"><span class='ocrx_word' id='word_1_459' title='bbox 258 3552 365 3620; x_wconf 83' lang='grc' dir='ltr'><strong>τὴν</strong></span> <span class='ocrx_word' id='word_1_460' title='bbox 404 3551 785 3622; x_wconf 75' lang='grc' dir='ltr'><strong>προσκύνησιν</strong></span> <span class='ocrx_word' id='word_1_461' title='bbox 842 3552 1123 3617; x_wconf 79' lang='grc' dir='ltr'>δέξασθαι.</span> <span class='ocrx_word' id='word_1_462' title='bbox 1159 3556 1270 3608; x_wconf 71' lang='lat' dir='ltr'><strong>Kal.</strong></span> <span class='ocrx_word' id='word_1_463' title='bbox 1295 3557 1324 3608; x_wconf 82' lang='grc' dir='ltr'>ὁ</span> <span class='ocrx_word' id='word_1_464' title='bbox 1359 3557 1458 3625; x_wconf 77' lang='grc' dir='ltr'><strong>μὲν</strong></span> <span class='ocrx_word' id='word_1_465' title='bbox 1508 3557 1829 3625; x_wconf 73' lang='grc' dir='ltr'>διαληφθεὶς</span> 
     </span>
    </p>
   </div>
   <div class='ocr_carea' id='block_1_66' title="bbox 255 3645 1830 3719">
    <p class='ocr_par' dir='ltr' id='par_1_66' title="bbox 255 3645 1830 3719">
     <span class='ocr_line' id='line_1_66' title="bbox 255 3645 1830 3719; baseline 0.001 -21"><span class='ocrx_word' id='word_1_466' title='bbox 255 3647 404 3716; x_wconf 76' lang='grc' dir='ltr'><strong>ἀνὴρ</strong></span> <span class='ocrx_word' id='word_1_467' title='bbox 435 3645 581 3699; x_wconf 70' lang='grc' dir='ltr'><strong>ἔοικε</strong></span> <span class='ocrx_word' id='word_1_468' title='bbox 636 3647 937 3718; x_wconf 79' lang='grc' dir='ltr'>προφανῶς</span> <span class='ocrx_word' id='word_1_469' title='bbox 992 3648 1174 3717; x_wconf 78' lang='grc' dir='ltr'><strong>λέγειν</strong></span> <span class='ocrx_word' id='word_1_470' title='bbox 1232 3650 1309 3716; x_wconf 81' lang='grc' dir='ltr'><strong>μὴ</strong></span> <span class='ocrx_word' id='word_1_471' title='bbox 1344 3650 1402 3700; x_wconf 77' lang='grc' dir='ltr'><strong>ὲν</strong></span> <span class='ocrx_word' id='word_1_472' title='bbox 1437 3648 1515 3719; x_wconf 83' lang='grc' dir='ltr'><strong>τῷ</strong></span> <span class='ocrx_word' id='word_1_473' title='bbox 1556 3649 1830 3718; x_wconf 79' lang='grc' dir='ltr'><strong>σπηλαίῳ,</strong></span> 
     </span>
    </p>
   </div>
   <div class='ocr_carea' id='block_1_67' title="bbox 255 3731 1829 3808">
    <p class='ocr_par' dir='ltr' id='par_1_67' title="bbox 255 3731 1829 3808">
     <span class='ocr_line' id='line_1_67' title="bbox 255 3731 1829 3808; baseline -0.001 -17"><span class='ocrx_word' id='word_1_474' title='bbox 255 3739 319 3791; x_wconf 63' lang='grc' dir='ltr'><strong>ἂν</strong></span> <span class='ocrx_word' id='word_1_475' title='bbox 342 3731 389 3806; x_wconf 76' lang='grc' dir='ltr'><strong>ᾧ</strong></span> <span class='ocrx_word' id='word_1_476' title='bbox 417 3738 516 3791; x_wconf 73' lang='grc' dir='ltr'><strong>καὶ</strong></span> <span class='ocrx_word' id='word_1_477' title='bbox 546 3740 579 3808; x_wconf 71' lang='grc' dir='ltr'><strong>ἡ</strong></span> <span class='ocrx_word' id='word_1_478' title='bbox 610 3738 813 3807; x_wconf 82' lang='grc' dir='ltr'>φάτνη,</span> <span class='ocrx_word' id='word_1_479' title='bbox 849 3736 976 3799; x_wconf 79' lang='grc' dir='ltr'>τοὺς</span> <span class='ocrx_word' id='word_1_480' title='bbox 1017 3738 1245 3805; x_wconf 78' lang='grc' dir='ltr'>Μάγους</span> <span class='ocrx_word' id='word_1_481' title='bbox 1280 3737 1410 3791; x_wconf 79' lang='grc' dir='ltr'><strong>ἰδεῖν</strong></span> <span class='ocrx_word' id='word_1_482' title='bbox 1439 3737 1530 3791; x_wconf 73' lang='grc' dir='ltr'><strong>τὸν</strong></span> <span class='ocrx_word' id='word_1_483' title='bbox 1562 3739 1829 3807; x_wconf 71' lang='grc' dir='ltr'><strong>Χριστὸνο</strong></span> 
     </span>
    </p>
   </div>
   <div class='ocr_carea' id='block_1_68' title="bbox 253 3828 1832 3900">
    <p class='ocr_par' dir='ltr' id='par_1_68' title="bbox 253 3828 1832 3900">
     <span class='ocr_line' id='line_1_68' title="bbox 253 3828 1832 3900; baseline -0.002 -17"><span class='ocrx_word' id='word_1_484' title='bbox 253 3832 285 3883; x_wconf 82' lang='grc' dir='ltr'>ὀ</span> <span class='ocrx_word' id='word_1_485' title='bbox 308 3830 369 3883; x_wconf 72' lang='grc' dir='ltr'><strong>δι</strong></span> <span class='ocrx_word' id='word_1_486' title='bbox 392 3830 494 3898; x_wconf 74' lang='grc' dir='ltr'><strong>τὴν</strong></span> <span class='ocrx_word' id='word_1_487' title='bbox 522 3828 774 3896; x_wconf 80' lang='grc' dir='ltr'>γλῶτταν</span> <span class='ocrx_word' id='word_1_488' title='bbox 812 3828 1049 3900; x_wconf 74' lang='grc' dir='ltr'><strong>χρυσοῦς</strong></span> <span class='ocrx_word' id='word_1_489' title='bbox 1100 3829 1173 3881; x_wconf 88' lang='grc' dir='ltr'>τά</span> <span class='ocrx_word' id='word_1_490' title='bbox 1204 3846 1263 3880; x_wconf 88' lang='grc' dir='ltr'><strong>τε</strong></span> <span class='ocrx_word' id='word_1_491' title='bbox 1293 3830 1393 3899; x_wconf 76' lang='grc' dir='ltr'>τῆς</span> <span class='ocrx_word' id='word_1_492' title='bbox 1424 3829 1606 3890; x_wconf 81' lang='grc' dir='ltr'>οἰκίας</span> <span class='ocrx_word' id='word_1_493' title='bbox 1635 3828 1832 3897; x_wconf 81' lang='grc' dir='ltr'><strong>συμϐι-</strong></span> 
     </span>
    </p>
   </div>
   <div class='ocr_carea' id='block_1_69' title="bbox 252 3920 1831 3991">
    <p class='ocr_par' dir='ltr' id='par_1_69' title="bbox 252 3920 1831 3991">
     <span class='ocr_line' id='line_1_69' title="bbox 252 3920 1831 3991; baseline -0.001 -17"><span class='ocrx_word' id='word_1_494' title='bbox 252 3921 447 3985; x_wconf 72' lang='grc' dir='ltr'>ϐάξων</span> <span class='ocrx_word' id='word_1_495' title='bbox 482 3920 581 3975; x_wconf 78' lang='grc' dir='ltr'><strong>καὶ</strong></span> <span class='ocrx_word' id='word_1_496' title='bbox 637 3922 705 3973; x_wconf 77' lang='grc' dir='ltr'>τὰ</span> <span class='ocrx_word' id='word_1_497' title='bbox 750 3921 853 3990; x_wconf 75' lang='grc' dir='ltr'><strong>τῆς</strong></span> <span class='ocrx_word' id='word_1_498' title='bbox 910 3920 1121 3990; x_wconf 85' lang='grc' dir='ltr'>φάτνης</span> <span class='ocrx_word' id='word_1_499' title='bbox 1158 3920 1332 3991; x_wconf 81' lang='grc' dir='ltr'>αὐτῆς</span> <span class='ocrx_word' id='word_1_500' title='bbox 1359 3920 1504 3974; x_wconf 78' lang='grc' dir='ltr'>οὕτω</span> <span class='ocrx_word' id='word_1_501' title='bbox 1530 3923 1717 3989; x_wconf 66' lang='grc' dir='ltr'><strong>φησὶν,</strong></span> <span class='ocrx_word' id='word_1_502' title='bbox 1749 3923 1831 3973; x_wconf 81' lang='grc' dir='ltr'><strong>ὅτι</strong></span> 
     </span>
    </p>
   </div>
   <div class='ocr_carea' id='block_1_70' title="bbox 251 4012 1833 4083">
    <p class='ocr_par' dir='ltr' id='par_1_70' title="bbox 251 4012 1833 4083">
     <span class='ocr_line' id='line_1_70' title="bbox 251 4012 1833 4083; baseline -0.001 -17"><span class='ocrx_word' id='word_1_503' title='bbox 251 4012 500 4067; x_wconf 82' lang='grc' dir='ltr'><strong>τεκοῦσα</strong></span> <span class='ocrx_word' id='word_1_504' title='bbox 543 4013 645 4083; x_wconf 74' lang='grc' dir='ltr'><strong>μὶν</strong></span> <span class='ocrx_word' id='word_1_505' title='bbox 676 4012 880 4077; x_wconf 76' lang='grc' dir='ltr'>εὐθέως</span> <span class='ocrx_word' id='word_1_506' title='bbox 919 4014 1274 4067; x_wconf 77' lang='grc' dir='ltr'><strong>κατέκλινεν·</strong></span> <span class='ocrx_word' id='word_1_507' title='bbox 1327 4014 1445 4066; x_wconf 75' lang='grc' dir='ltr'><strong>ἐκεῖ</strong></span> <span class='ocrx_word' id='word_1_508' title='bbox 1495 4013 1706 4065; x_wconf 80' lang='grc' dir='ltr'>πολλῶν</span> <span class='ocrx_word' id='word_1_509' title='bbox 1739 4015 1833 4065; x_wconf 76' lang='grc' dir='ltr'><strong>καὶ</strong></span> 
     </span>
    </p>
   </div>
   <div class='ocr_carea' id='block_1_71' title="bbox 248 4097 1834 4177">
    <p class='ocr_par' dir='ltr' id='par_1_71' title="bbox 248 4097 1834 4177">
     <span class='ocr_line' id='line_1_71' title="bbox 248 4097 1834 4177; baseline 0.001 -18"><span class='ocrx_word' id='word_1_510' title='bbox 248 4106 367 4175; x_wconf 73' lang='grc' dir='ltr'><strong>γάρ</strong></span> <span class='ocrx_word' id='word_1_511' title='bbox 402 4097 697 4159; x_wconf 74' lang='grc' dir='ltr'><strong>συνιόντων</strong></span> <span class='ocrx_word' id='word_1_512' title='bbox 747 4104 839 4158; x_wconf 81' lang='grc' dir='ltr'><strong>διὰ</strong></span> <span class='ocrx_word' id='word_1_513' title='bbox 872 4105 973 4176; x_wconf 79' lang='grc' dir='ltr'><strong>τὴν</strong></span> <span class='ocrx_word' id='word_1_514' title='bbox 1007 4106 1340 4175; x_wconf 78' lang='grc' dir='ltr'>ἀπογραφὴν</span> <span class='ocrx_word' id='word_1_515' title='bbox 1378 4106 1480 4159; x_wconf 83' lang='grc' dir='ltr'><strong>οὐκ</strong></span> <span class='ocrx_word' id='word_1_516' title='bbox 1533 4101 1602 4177; x_wconf 79' lang='grc' dir='ltr'><strong>ἦν</strong></span> <span class='ocrx_word' id='word_1_517' title='bbox 1654 4107 1834 4160; x_wconf 76' lang='grc' dir='ltr'><strong>οἰκίαν</strong></span> 
     </span>
    </p>
   </div>
   <div class='ocr_carea' id='block_1_72' title="bbox 255 4196 1836 4268">
    <p class='ocr_par' dir='ltr' id='par_1_72' title="bbox 255 4196 1836 4268">
     <span class='ocr_line' id='line_1_72' title="bbox 255 4196 1836 4268; baseline -0.001 -17"><span class='ocrx_word' id='word_1_518' title='bbox 255 4199 471 4268; x_wconf 78' lang='grc' dir='ltr'><strong>εὖρεῖν;</strong></span> <span class='ocrx_word' id='word_1_519' title='bbox 498 4196 751 4268; x_wconf 68' lang='grc' dir='ltr'>Παράγει</span> <span class='ocrx_word' id='word_1_520' title='bbox 803 4197 861 4249; x_wconf 73' lang='grc' dir='ltr'><strong>δὶ</strong></span> <span class='ocrx_word' id='word_1_521' title='bbox 916 4197 1011 4249; x_wconf 79' lang='grc' dir='ltr'><strong>καὶ</strong></span> <span class='ocrx_word' id='word_1_522' title='bbox 1039 4198 1131 4251; x_wconf 78' lang='grc' dir='ltr'><strong>τὸν</strong></span> <span class='ocrx_word' id='word_1_523' title='bbox 1155 4196 1433 4250; x_wconf 84' lang='grc' dir='ltr'><strong>θειότατον</strong></span> <span class='ocrx_word' id='word_1_524' title='bbox 1463 4198 1682 4251; x_wconf 81' lang='grc' dir='ltr'><strong>Λουκᾶν</strong></span> <span class='ocrx_word' id='word_1_525' title='bbox 1717 4201 1836 4250; x_wconf 79' lang='grc' dir='ltr'><strong>ἑπι-</strong></span> 
     </span>
    </p>
   </div>
   <div class='ocr_carea' id='block_1_73' title="bbox 256 4283 1833 4357">
    <p class='ocr_par' dir='ltr' id='par_1_73' title="bbox 256 4283 1833 4357">
     <span class='ocr_line' id='line_1_73' title="bbox 256 4283 1833 4357; baseline -0.001 -16"><span class='ocrx_word' id='word_1_526' title='bbox 256 4288 604 4355; x_wconf 81' lang='grc' dir='ltr'>σημαίνοντα</span> <span class='ocrx_word' id='word_1_527' title='bbox 654 4284 821 4338; x_wconf 74' lang='grc' dir='ltr'><strong>τοῦτο</strong></span> <span class='ocrx_word' id='word_1_528' title='bbox 846 4284 943 4338; x_wconf 80' lang='grc' dir='ltr'><strong>καὶ</strong></span> <span class='ocrx_word' id='word_1_529' title='bbox 971 4286 1200 4354; x_wconf 70' lang='grc' dir='ltr'>λέγοντα</span> <span class='ocrx_word' id='word_1_530' title='bbox 1230 4288 1314 4340; x_wconf 80' lang='grc' dir='ltr'><strong>ὅτι</strong></span> <span class='ocrx_word' id='word_1_531' title='bbox 1366 4286 1459 4339; x_wconf 80' lang='grc' dir='ltr'><strong>διά</strong></span> <span class='ocrx_word' id='word_1_532' title='bbox 1494 4286 1558 4339; x_wconf 79' lang='grc' dir='ltr'><strong>τὸ</strong></span> <span class='ocrx_word' id='word_1_533' title='bbox 1594 4285 1670 4357; x_wconf 74' lang='grc' dir='ltr'><strong>μη</strong></span> <span class='ocrx_word' id='word_1_534' title='bbox 1693 4283 1833 4341; x_wconf 76' lang='grc' dir='ltr'><strong>εῖναι</strong></span> 
     </span>
    </p>
   </div>
   <div class='ocr_carea' id='block_1_74' title="bbox 254 4376 1833 4450">
    <p class='ocr_par' dir='ltr' id='par_1_74' title="bbox 254 4376 1833 4450">
     <span class='ocr_line' id='line_1_74' title="bbox 254 4376 1833 4450; baseline 0 -19"><span class='ocrx_word' id='word_1_535' title='bbox 254 4380 428 4432; x_wconf 82' lang='grc' dir='ltr'>τόπον</span> <span class='ocrx_word' id='word_1_536' title='bbox 482 4378 541 4429; x_wconf 84' lang='grc' dir='ltr'><strong>ὲν</strong></span> <span class='ocrx_word' id='word_1_537' title='bbox 586 4376 664 4446; x_wconf 84' lang='grc' dir='ltr'>τῷ</span> <span class='ocrx_word' id='word_1_538' title='bbox 727 4377 1095 4446; x_wconf 85' lang='grc' dir='ltr'><strong>καταλύματι,</strong></span> <span class='ocrx_word' id='word_1_539' title='bbox 1127 4378 1407 4430; x_wconf 80' lang='grc' dir='ltr'><strong>ἀνέκλινεν</strong></span> <span class='ocrx_word' id='word_1_540' title='bbox 1448 4378 1612 4431; x_wconf 81' lang='grc' dir='ltr'>αὐτὸν</span> <span class='ocrx_word' id='word_1_541' title='bbox 1665 4381 1723 4431; x_wconf 79' lang='grc' dir='ltr'><strong>ὲν</strong></span> <span class='ocrx_word' id='word_1_542' title='bbox 1764 4382 1833 4450; x_wconf 81' lang='grc' dir='ltr'><strong>τῇ</strong></span> 
     </span>
    </p>
   </div>
   <div class='ocr_carea' id='block_1_75' title="bbox 253 4464 1834 4538">
    <p class='ocr_par' dir='ltr' id='par_1_75' title="bbox 253 4464 1834 4538">
     <span class='ocr_line' id='line_1_75' title="bbox 253 4464 1834 4538; baseline -0.004 -16"><span class='ocrx_word' id='word_1_543' title='bbox 253 4470 460 4538; x_wconf 71' lang='grc' dir='ltr'><strong>φάτνῃ,</strong></span> <span class='ocrx_word' id='word_1_544' title='bbox 494 4466 633 4537; x_wconf 59' lang='grc' dir='ltr'><strong>μή</strong></span> <span class='ocrx_word' id='word_1_545' title='bbox 653 4465 888 4519; x_wconf 72' lang='grc' dir='ltr'><strong>δὲτοῦτο</strong></span> <span class='ocrx_word' id='word_1_546' title='bbox 917 4466 1164 4519; x_wconf 75' lang='grc' dir='ltr'><strong>ἀνείλετο</strong></span> <span class='ocrx_word' id='word_1_547' title='bbox 1193 4467 1289 4519; x_wconf 75' lang='grc' dir='ltr'><strong>καὶ</strong></span> <span class='ocrx_word' id='word_1_548' title='bbox 1326 4466 1554 4518; x_wconf 74' lang='grc' dir='ltr'><strong>ἐπὶτῶν</strong></span> <span class='ocrx_word' id='word_1_549' title='bbox 1586 4464 1834 4532; x_wconf 86' lang='grc' dir='ltr'>γονάτων</span> 
     </span>
    </p>
   </div>
   <div class='ocr_carea' id='block_1_76' title="bbox 1934 3283 3507 3354">
    <p class='ocr_par' dir='ltr' id='par_1_76' title="bbox 1934 3283 3507 3354">
     <span class='ocr_line' id='line_1_76' title="bbox 1934 3283 3507 3354; baseline 0.004 -17"><span class='ocrx_word' id='word_1_550' title='bbox 1934 3298 2077 3348; x_wconf 88' lang='lat' dir='ltr'><strong>esse,</strong></span> <span class='ocrx_word' id='word_1_551' title='bbox 2115 3292 2237 3354; x_wconf 84' lang='lat' dir='ltr'><strong>post</strong></span> <span class='ocrx_word' id='word_1_552' title='bbox 2270 3283 2321 3340; x_wconf 81' lang='lat' dir='ltr'><strong>id</strong></span> <span class='ocrx_word' id='word_1_553' title='bbox 2364 3286 2624 3354; x_wconf 84' lang='lat' dir='ltr'><strong>temporis</strong></span> <span class='ocrx_word' id='word_1_554' title='bbox 2648 3302 2757 3353; x_wconf 89' lang='lat' dir='ltr'><strong>quo</strong></span> <span class='ocrx_word' id='word_1_555' title='bbox 2785 3288 2969 3341; x_wconf 88' lang='lat' dir='ltr'><strong>editus</strong></span> <span class='ocrx_word' id='word_1_556' title='bbox 3014 3288 3067 3341; x_wconf 92' lang='lat' dir='ltr'><strong>in</strong></span> <span class='ocrx_word' id='word_1_557' title='bbox 3109 3288 3285 3343; x_wconf 84' lang='lat' dir='ltr'><strong>lucem</strong></span> <span class='ocrx_word' id='word_1_558' title='bbox 3321 3289 3399 3345; x_wconf 86' lang='lat' dir='ltr'><strong>Do</strong></span> <span class='ocrx_word' id='word_1_559' title='bbox 3423 3292 3507 3344; x_wconf 72' lang='lat' dir='ltr'><strong>wi-</strong></span> 
     </span>
    </p>
   </div>
   <div class='ocr_carea' id='block_1_77' title="bbox 1934 3377 3504 3446">
    <p class='ocr_par' dir='ltr' id='par_1_77' title="bbox 1934 3377 3504 3446">
     <span class='ocr_line' id='line_1_77' title="bbox 1934 3377 3504 3446; baseline 0.004 -17"><span class='ocrx_word' id='word_1_560' title='bbox 1934 3391 2037 3430; x_wconf 84' lang='lat' dir='ltr'><strong>nus</strong></span> <span class='ocrx_word' id='word_1_561' title='bbox 2070 3377 2123 3430; x_wconf 89' lang='lat' dir='ltr'><strong>in</strong></span> <span class='ocrx_word' id='word_1_562' title='bbox 2163 3377 2393 3446; x_wconf 65' lang='lat' dir='ltr'><strong>prmsepi</strong></span> <span class='ocrx_word' id='word_1_563' title='bbox 2431 3378 2731 3433; x_wconf 87' lang='lat' dir='ltr'><strong>reclinatus</strong></span> <span class='ocrx_word' id='word_1_564' title='bbox 2788 3378 2972 3443; x_wconf 91' lang='lat' dir='ltr'><strong>fuerit,</strong></span> <span class='ocrx_word' id='word_1_565' title='bbox 3021 3380 3297 3436; x_wconf 78' lang='lat' dir='ltr'><strong>inventam</strong></span> <span class='ocrx_word' id='word_1_566' title='bbox 3335 3382 3504 3437; x_wconf 78' lang='lat' dir='ltr'><strong>fuisse</strong></span> 
     </span>
    </p>
   </div>
   <div class='ocr_carea' id='block_1_78' title="bbox 1933 3460 3505 3542">
    <p class='ocr_par' dir='ltr' id='par_1_78' title="bbox 1933 3460 3505 3542">
     <span class='ocr_line' id='line_1_78' title="bbox 1933 3460 3505 3542; baseline 0.004 -19"><span class='ocrx_word' id='word_1_567' title='bbox 1933 3468 2154 3523; x_wconf 84' lang='lat' dir='ltr'><strong>domum</strong></span> <span class='ocrx_word' id='word_1_568' title='bbox 2186 3468 2477 3538; x_wconf 83' lang='lat' dir='ltr'><strong>quamdam</strong></span> <span class='ocrx_word' id='word_1_569' title='bbox 2510 3470 2561 3522; x_wconf 89' lang='lat' dir='ltr'><strong>in</strong></span> <span class='ocrx_word' id='word_1_570' title='bbox 2597 3460 2699 3538; x_wconf 85' lang='lat' dir='ltr'><strong>qua</strong></span> <span class='ocrx_word' id='word_1_571' title='bbox 2750 3471 2886 3542; x_wconf 82' lang='lat' dir='ltr'><strong>Magi</strong></span> <span class='ocrx_word' id='word_1_572' title='bbox 2936 3489 3057 3527; x_wconf 87' lang='lat' dir='ltr'><strong>cum</strong></span> <span class='ocrx_word' id='word_1_573' title='bbox 3089 3485 3505 3530; x_wconf 80' lang='lat' dir='ltr'><strong>venerarentur.</strong></span> 
     </span>
    </p>
   </div>
   <div class='ocr_carea' id='block_1_79' title="bbox 1933 3556 3520 3632">
    <p class='ocr_par' dir='ltr' id='par_1_79' title="bbox 1933 3556 3520 3632">
     <span class='ocr_line' id='line_1_79' title="bbox 1933 3556 3520 3632; baseline 0.007 -22"><span class='ocrx_word' id='word_1_574' title='bbox 1933 3556 2192 3627; x_wconf 81' lang='lat' dir='ltr'><strong>Adeoque</strong></span> <span class='ocrx_word' id='word_1_575' title='bbox 2263 3562 2439 3629; x_wconf 83' lang='lat' dir='ltr'><strong>palam</strong></span> <span class='ocrx_word' id='word_1_576' title='bbox 2498 3558 2952 3632; x_wconf 78' lang='lat' dir='ltr'><strong>Theophylactus</strong></span> <span class='ocrx_word' id='word_1_577' title='bbox 3010 3563 3256 3620; x_wconf 88' lang='lat' dir='ltr'><strong>indicare</strong></span> <span class='ocrx_word' id='word_1_578' title='bbox 3306 3567 3520 3622; x_wconf 62' lang='lat' dir='ltr'><strong>videtur</strong></span> 
     </span>
    </p>
   </div>
   <div class='ocr_carea' id='block_1_80' title="bbox 1935 3646 3517 3725">
    <p class='ocr_par' dir='ltr' id='par_1_80' title="bbox 1935 3646 3517 3725">
     <span class='ocr_line' id='line_1_80' title="bbox 1935 3646 3517 3725; baseline 0.008 -26"><span class='ocrx_word' id='word_1_579' title='bbox 1935 3646 2119 3717; x_wconf 81' lang='lat' dir='ltr'><strong>Magos</strong></span> <span class='ocrx_word' id='word_1_580' title='bbox 2148 3646 2428 3702; x_wconf 88' lang='lat' dir='ltr'><strong>Christum</strong></span> <span class='ocrx_word' id='word_1_581' title='bbox 2459 3650 2511 3703; x_wconf 89' lang='lat' dir='ltr'><strong>in</strong></span> <span class='ocrx_word' id='word_1_582' title='bbox 2542 3659 2703 3705; x_wconf 89' lang='lat' dir='ltr'><strong>antro</strong></span> <span class='ocrx_word' id='word_1_583' title='bbox 2735 3651 2827 3705; x_wconf 93' lang='lat' dir='ltr'><strong>illo</strong></span> <span class='ocrx_word' id='word_1_584' title='bbox 2851 3667 2961 3706; x_wconf 92' lang='lat' dir='ltr'><strong>non</strong></span> <span class='ocrx_word' id='word_1_585' title='bbox 2988 3656 3364 3724; x_wconf 80' lang='lat' dir='ltr'><strong>conSpexisse,</strong></span> <span class='ocrx_word' id='word_1_586' title='bbox 3406 3673 3517 3725; x_wconf 88' lang='lat' dir='ltr'><strong>quo</strong></span> 
     </span>
    </p>
   </div>
   <div class='ocr_carea' id='block_1_81' title="bbox 1936 3740 3519 3815">
    <p class='ocr_par' dir='ltr' id='par_1_81' title="bbox 1936 3740 3519 3815">
     <span class='ocr_line' id='line_1_81' title="bbox 1936 3740 3519 3815; baseline 0.009 -27"><span class='ocrx_word' id='word_1_587' title='bbox 1936 3753 2181 3808; x_wconf 61' lang='lat' dir='ltr'><strong>praesepe</strong></span> <span class='ocrx_word' id='word_1_588' title='bbox 2211 3740 2617 3795; x_wconf 84' lang='lat' dir='ltr'><strong>continebatur.</strong></span> <span class='ocrx_word' id='word_1_589' title='bbox 2654 3740 2858 3795; x_wconf 81' lang='lat' dir='ltr'><strong>Verum</strong></span> <span class='ocrx_word' id='word_1_590' title='bbox 2903 3742 3331 3815; x_wconf 85' lang='lat' dir='ltr'><strong>Chrysostomus</strong></span> <span class='ocrx_word' id='word_1_591' title='bbox 3373 3749 3519 3805; x_wconf 90' lang='lat' dir='ltr'><strong>inter</strong></span> 
     </span>
    </p>
   </div>
   <div class='ocr_carea' id='block_1_82' title="bbox 1934 3826 3517 3904">
    <p class='ocr_par' dir='ltr' id='par_1_82' title="bbox 1934 3826 3517 3904">
     <span class='ocr_line' id='line_1_82' title="bbox 1934 3826 3517 3904; baseline 0.007 -24"><span class='ocrx_word' id='word_1_592' title='bbox 1934 3843 1995 3881; x_wconf 89' lang='lat' dir='ltr'><strong>se</strong></span> <span class='ocrx_word' id='word_1_593' title='bbox 2056 3834 2161 3879; x_wconf 87' lang='lat' dir='ltr'><strong>tam</strong></span> <span class='ocrx_word' id='word_1_594' title='bbox 2206 3842 2269 3879; x_wconf 89' lang='lat' dir='ltr'><strong>ea</strong></span> <span class='ocrx_word' id='word_1_595' title='bbox 2300 3842 2421 3895; x_wconf 72' lang='lat' dir='ltr'><strong>quae</strong></span> <span class='ocrx_word' id='word_1_596' title='bbox 2466 3826 2534 3881; x_wconf 89' lang='lat' dir='ltr'><strong>de</strong></span> <span class='ocrx_word' id='word_1_597' title='bbox 2578 3830 2737 3883; x_wconf 86' lang='lat' dir='ltr'><strong>domo</strong></span> <span class='ocrx_word' id='word_1_598' title='bbox 2777 3829 3039 3885; x_wconf 89' lang='lat' dir='ltr'><strong>dicuntur</strong></span> <span class='ocrx_word' id='word_1_599' title='bbox 3091 3848 3255 3904; x_wconf 89' lang='lat' dir='ltr'><strong>quam</strong></span> <span class='ocrx_word' id='word_1_600' title='bbox 3291 3850 3414 3903; x_wconf 68' lang='lat' dir='ltr'><strong>quas</strong></span> <span class='ocrx_word' id='word_1_601' title='bbox 3449 3838 3517 3892; x_wconf 86' lang='lat' dir='ltr'><strong>de</strong></span> 
     </span>
    </p>
   </div>
   <div class='ocr_carea' id='block_1_83' title="bbox 1935 3918 3513 3992">
    <p class='ocr_par' dir='ltr' id='par_1_83' title="bbox 1935 3918 3513 3992">
     <span class='ocr_line' id='line_1_83' title="bbox 1935 3918 3513 3992; baseline 0.01 -23"><span class='ocrx_word' id='word_1_602' title='bbox 1935 3919 2165 3986; x_wconf 78' lang='lat' dir='ltr'><strong>przescpi</strong></span> <span class='ocrx_word' id='word_1_603' title='bbox 2202 3918 2525 3981; x_wconf 86' lang='lat' dir='ltr'><strong>concilians,</strong></span> <span class='ocrx_word' id='word_1_604' title='bbox 2560 3919 2661 3974; x_wconf 91' lang='lat' dir='ltr'><strong>Ubi</strong></span> <span class='ocrx_word' id='word_1_605' title='bbox 2699 3922 2956 3989; x_wconf 89' lang='lat' dir='ltr'><strong>primum,</strong></span> <span class='ocrx_word' id='word_1_606' title='bbox 2980 3926 3362 3992; x_wconf 89' lang='lat' dir='ltr'><strong>inquit,mater</strong></span> <span class='ocrx_word' id='word_1_607' title='bbox 3386 3943 3513 3985; x_wconf 89' lang='lat' dir='ltr'><strong>eum</strong></span> 
     </span>
    </p>
   </div>
   <div class='ocr_carea' id='block_1_84' title="bbox 1937 4000 3514 4086">
    <p class='ocr_par' dir='ltr' id='par_1_84' title="bbox 1937 4000 3514 4086">
     <span class='ocr_line' id='line_1_84' title="bbox 1937 4000 3514 4086; baseline 0.008 -24"><span class='ocrx_word' id='word_1_608' title='bbox 1937 4000 2263 4077; x_wconf 81' lang='lat' dir='ltr'><strong>peperisset,</strong></span> <span class='ocrx_word' id='word_1_609' title='bbox 2301 4008 2355 4062; x_wconf 92' lang='lat' dir='ltr'><strong>in</strong></span> <span class='ocrx_word' id='word_1_610' title='bbox 2384 4012 2612 4078; x_wconf 68' lang='lat' dir='ltr'><strong>prmsepi</strong></span> <span class='ocrx_word' id='word_1_611' title='bbox 2646 4013 2951 4067; x_wconf 80' lang='lat' dir='ltr'><strong>reclinavit.</strong></span> <span class='ocrx_word' id='word_1_612' title='bbox 2978 4012 3191 4086; x_wconf 76' lang='lat' dir='ltr'><strong>Quippe</strong></span> <span class='ocrx_word' id='word_1_613' title='bbox 3221 4018 3364 4084; x_wconf 88' lang='lat' dir='ltr'><strong>quod</strong></span> <span class='ocrx_word' id='word_1_614' title='bbox 3396 4034 3514 4074; x_wconf 84' lang='lat' dir='ltr'><strong>ma-</strong></span> 
     </span>
    </p>
   </div>
   <div class='ocr_carea' id='block_1_85' title="bbox 1934 4102 3514 4173">
    <p class='ocr_par' dir='ltr' id='par_1_85' title="bbox 1934 4102 3514 4173">
     <span class='ocr_line' id='line_1_85' title="bbox 1934 4102 3514 4173; baseline 0.005 -20"><span class='ocrx_word' id='word_1_615' title='bbox 1934 4118 2054 4170; x_wconf 67' lang='lat' dir='ltr'><strong>gnte</strong></span> <span class='ocrx_word' id='word_1_616' title='bbox 2089 4102 2369 4155; x_wconf 86' lang='lat' dir='ltr'><strong>hominum</strong></span> <span class='ocrx_word' id='word_1_617' title='bbox 2419 4102 2591 4171; x_wconf 71' lang='lat' dir='ltr'><strong>c0pi;e</strong></span> <span class='ocrx_word' id='word_1_618' title='bbox 2638 4118 2838 4157; x_wconf 86' lang='lat' dir='ltr'><strong>census</strong></span> <span class='ocrx_word' id='word_1_619' title='bbox 2883 4119 3047 4159; x_wconf 89' lang='lat' dir='ltr'><strong>causa</strong></span> <span class='ocrx_word' id='word_1_620' title='bbox 3098 4106 3514 4173; x_wconf 80' lang='lat' dir='ltr'><strong>confluxissent,</strong></span> 
     </span>
    </p>
   </div>
   <div class='ocr_carea' id='block_1_86' title="bbox 1935 4193 3514 4267">
    <p class='ocr_par' dir='ltr' id='par_1_86' title="bbox 1935 4193 3514 4267">
     <span class='ocr_line' id='line_1_86' title="bbox 1935 4193 3514 4267; baseline 0.006 -20"><span class='ocrx_word' id='word_1_621' title='bbox 1935 4193 2159 4249; x_wconf 86' lang='lat' dir='ltr'><strong>domum</strong></span> <span class='ocrx_word' id='word_1_622' title='bbox 2203 4194 2453 4249; x_wconf 79' lang='lat' dir='ltr'><strong>invenire</strong></span> <span class='ocrx_word' id='word_1_623' title='bbox 2485 4210 2592 4247; x_wconf 88' lang='lat' dir='ltr'><strong>non</strong></span> <span class='ocrx_word' id='word_1_624' title='bbox 2645 4204 2962 4264; x_wconf 89' lang='lat' dir='ltr'><strong>potuerant.</strong></span> <span class='ocrx_word' id='word_1_625' title='bbox 3014 4196 3146 4267; x_wconf 89' lang='lat' dir='ltr'><strong>Ejus</strong></span> <span class='ocrx_word' id='word_1_626' title='bbox 3182 4200 3263 4254; x_wconf 85' lang='lat' dir='ltr'><strong>rei</strong></span> <span class='ocrx_word' id='word_1_627' title='bbox 3321 4210 3514 4256; x_wconf 88' lang='lat' dir='ltr'><strong>testem</strong></span> 
     </span>
    </p>
   </div>
   <div class='ocr_carea' id='block_1_87' title="bbox 1936 4269 3516 4355">
    <p class='ocr_par' dir='ltr' id='par_1_87' title="bbox 1936 4269 3516 4355">
     <span class='ocr_line' id='line_1_87' title="bbox 1936 4269 3516 4355; baseline 0.003 -15"><span class='ocrx_word' id='word_1_628' title='bbox 1936 4269 2318 4348; x_wconf 81' lang='lat' dir='ltr'><strong>citatLucam,</strong></span> <span class='ocrx_word' id='word_1_629' title='bbox 2345 4286 2436 4351; x_wconf 87' lang='lat' dir='ltr'><strong>qui</strong></span> <span class='ocrx_word' id='word_1_630' title='bbox 2470 4285 2648 4339; x_wconf 73' lang='lat' dir='ltr'><strong>verbis</strong></span> <span class='ocrx_word' id='word_1_631' title='bbox 2674 4285 2824 4340; x_wconf 85' lang='lat' dir='ltr'><strong>hisce</strong></span> <span class='ocrx_word' id='word_1_632' title='bbox 2852 4285 2993 4340; x_wconf 89' lang='lat' dir='ltr'><strong>idem</strong></span> <span class='ocrx_word' id='word_1_633' title='bbox 3023 4288 3300 4344; x_wconf 88' lang='lat' dir='ltr'><strong>innuerit:</strong></span> <span class='ocrx_word' id='word_1_634' title='bbox 3337 4308 3351 4340; x_wconf 77' lang='grc' dir='ltr'><strong>ι</strong></span> <span class='ocrx_word' id='word_1_635' title='bbox 3380 4290 3516 4355; x_wconf 83' lang='lat' dir='ltr'><strong>Quia</strong></span> 
     </span>
    </p>
   </div>
   <div class='ocr_carea' id='block_1_88' title="bbox 1936 4374 3513 4446">
    <p class='ocr_par' dir='ltr' id='par_1_88' title="bbox 1936 4374 3513 4446">
     <span class='ocr_line' id='line_1_88' title="bbox 1936 4374 3513 4446; baseline 0.003 -19"><span class='ocrx_word' id='word_1_636' title='bbox 1936 4374 1992 4427; x_wconf 90' lang='lat' dir='ltr'><strong>in</strong></span> <span class='ocrx_word' id='word_1_637' title='bbox 2024 4374 2329 4428; x_wconf 86' lang='lat' dir='ltr'><strong>diversorio</strong></span> <span class='ocrx_word' id='word_1_638' title='bbox 2359 4374 2511 4427; x_wconf 82' lang='lat' dir='ltr'><strong>locus</strong></span> <span class='ocrx_word' id='word_1_639' title='bbox 2556 4389 2663 4427; x_wconf 89' lang='lat' dir='ltr'><strong>non</strong></span> <span class='ocrx_word' id='word_1_640' title='bbox 2696 4382 2863 4437; x_wconf 86' lang='lat' dir='ltr'><strong>esset,</strong></span> <span class='ocrx_word' id='word_1_641' title='bbox 2909 4375 2962 4428; x_wconf 91' lang='lat' dir='ltr'><strong>in</strong></span> <span class='ocrx_word' id='word_1_642' title='bbox 3003 4378 3233 4446; x_wconf 84' lang='lat' dir='ltr'><strong>praescpi</strong></span> <span class='ocrx_word' id='word_1_643' title='bbox 3274 4394 3398 4432; x_wconf 88' lang='lat' dir='ltr'><strong>eum</strong></span> <span class='ocrx_word' id='word_1_644' title='bbox 3428 4396 3513 4431; x_wconf 91' lang='lat' dir='ltr'><strong>rc-</strong></span> 
     </span>
    </p>
   </div>
   <div class='ocr_carea' id='block_1_89' title="bbox 1936 4463 3513 4533">
    <p class='ocr_par' dir='ltr' id='par_1_89' title="bbox 1936 4463 3513 4533">
     <span class='ocr_line' id='line_1_89' title="bbox 1936 4463 3513 4533; baseline 0.004 -16"><span class='ocrx_word' id='word_1_645' title='bbox 1936 4463 2164 4519; x_wconf 87' lang='lat' dir='ltr'><strong>clinavit</strong></span> <span class='ocrx_word' id='word_1_646' title='bbox 2198 4464 2265 4517; x_wconf 86' lang='grc'><strong>³⁷.</strong></span> <span class='ocrx_word' id='word_1_647' title='bbox 2302 4483 2320 4515; x_wconf 79' lang='grc' dir='ltr'><strong>ι</strong></span> <span class='ocrx_word' id='word_1_648' title='bbox 2378 4466 2555 4532; x_wconf 83' lang='lat' dir='ltr'><strong>Atque</strong></span> <span class='ocrx_word' id='word_1_649' title='bbox 2601 4464 2728 4518; x_wconf 90' lang='lat' dir='ltr'><strong>inde</strong></span> <span class='ocrx_word' id='word_1_650' title='bbox 2777 4474 2901 4533; x_wconf 87' lang='lat' dir='ltr'><strong>post</strong></span> <span class='ocrx_word' id='word_1_651' title='bbox 2952 4480 3077 4519; x_wconf 86' lang='lat' dir='ltr'><strong>eum</strong></span> <span class='ocrx_word' id='word_1_652' title='bbox 3135 4468 3412 4522; x_wconf 72' lang='lat' dir='ltr'><strong>sublatura</strong></span> <span class='ocrx_word' id='word_1_653' title='bbox 3460 4470 3513 4523; x_wconf 89' lang='lat' dir='ltr'><strong>in</strong></span> 
     </span>
    </p>
   </div>
   <div class='ocr_carea' id='block_1_90' title="bbox 253 4540 1839 4632">
    <p class='ocr_par' dir='ltr' id='par_1_90' title="bbox 253 4540 1831 4632">
     <span class='ocr_line' id='line_1_90' title="bbox 253 4540 1831 4632; baseline -0.003 -17"><span class='ocrx_word' id='word_1_654' title='bbox 253 4558 432 4632; x_wconf 73' lang='grc' dir='ltr'><strong>εἶχεν.</strong></span> <span class='ocrx_word' id='word_1_655' title='bbox 470 4558 634 4612; x_wconf 79' lang='grc' dir='ltr'><strong>Ἀλλά</strong></span> <span class='ocrx_word' id='word_1_656' title='bbox 664 4540 757 4612; x_wconf 80' lang='grc' dir='ltr'><strong>καὶ</strong></span> <span class='ocrx_word' id='word_1_657' title='bbox 794 4558 852 4609; x_wconf 78' lang='grc' dir='ltr'><strong>ἰν</strong></span> <span class='ocrx_word' id='word_1_658' title='bbox 899 4560 965 4627; x_wconf 78' lang='grc' dir='ltr'><strong>τῇ</strong></span> <span class='ocrx_word' id='word_1_659' title='bbox 1024 4557 1121 4611; x_wconf 80' lang='grc' dir='ltr'><strong>τοῦ</strong></span> <span class='ocrx_word' id='word_1_660' title='bbox 1175 4558 1315 4611; x_wconf 83' lang='grc' dir='ltr'>κατὰ</span> <span class='ocrx_word' id='word_1_661' title='bbox 1366 4558 1650 4612; x_wconf 77' lang='grc' dir='ltr'>Ματθαίον</span> <span class='ocrx_word' id='word_1_662' title='bbox 1698 4557 1831 4628; x_wconf 72' lang='grc' dir='ltr'><strong>ἕκτη</strong></span> 
     </span>
    </p>
   </div>
   <div class='ocr_carea' id='block_1_91' title="bbox 1934 4540 3515 4632">
    <p class='ocr_par' dir='ltr' id='par_1_91' title="bbox 1939 4555 3515 4625">
     <span class='ocr_line' id='line_1_91' title="bbox 1939 4555 3515 4625; baseline 0.005 -19"><span class='ocrx_word' id='word_1_663' title='bbox 1939 4571 2117 4625; x_wconf 77' lang='lat' dir='ltr'><strong>genua</strong></span> <span class='ocrx_word' id='word_1_664' title='bbox 2165 4555 2472 4609; x_wconf 82' lang='lat' dir='ltr'><strong>collocavit.</strong></span> <span class='ocrx_word' id='word_1_665' title='bbox 2508 4555 2654 4608; x_wconf 83' lang='lat' dir='ltr'><strong>fdem</strong></span> <span class='ocrx_word' id='word_1_666' title='bbox 2708 4555 2763 4609; x_wconf 94' lang='lat' dir='ltr'><strong>in</strong></span> <span class='ocrx_word' id='word_1_667' title='bbox 2802 4571 2990 4611; x_wconf 90' lang='lat' dir='ltr'><strong>earum</strong></span> <span class='ocrx_word' id='word_1_668' title='bbox 3024 4557 3334 4613; x_wconf 89' lang='lat' dir='ltr'><strong>orationum</strong></span> <span class='ocrx_word' id='word_1_669' title='bbox 3364 4573 3515 4614; x_wconf 72' lang='lat' dir='ltr'><strong>sexta</strong></span> 
     </span>
    </p>
   </div>
   <div class='ocr_carea' id='block_1_92' title="bbox 252 4648 1832 4722">
    <p class='ocr_par' dir='ltr' id='par_1_92' title="bbox 252 4648 1832 4722">
     <span class='ocr_line' id='line_1_92' title="bbox 252 4648 1832 4722; baseline -0.001 -16"><span class='ocrx_word' id='word_1_670' title='bbox 252 4652 448 4722; x_wconf 73' lang='grc' dir='ltr'><strong>ὁμιλία</strong></span> <span class='ocrx_word' id='word_1_671' title='bbox 482 4651 611 4721; x_wconf 74' lang='grc' dir='ltr'><strong>περὶ</strong></span> <span class='ocrx_word' id='word_1_672' title='bbox 662 4649 775 4704; x_wconf 83' lang='grc' dir='ltr'>τῶν</span> <span class='ocrx_word' id='word_1_673' title='bbox 801 4650 1015 4718; x_wconf 82' lang='grc' dir='ltr'>Μάγων</span> <span class='ocrx_word' id='word_1_674' title='bbox 1047 4648 1191 4721; x_wconf 77' lang='grc' dir='ltr'>οὕτω</span> <span class='ocrx_word' id='word_1_675' title='bbox 1224 4650 1395 4719; x_wconf 84' lang='grc' dir='ltr'>φησί·</span> <span class='ocrx_word' id='word_1_676' title='bbox 1428 4667 1447 4702; x_wconf 78' lang='lat' dir='ltr'><strong>t</strong></span> <span class='ocrx_word' id='word_1_677' title='bbox 1482 4648 1547 4703; x_wconf 88' lang='grc' dir='ltr'>Τί</span> <span class='ocrx_word' id='word_1_678' title='bbox 1593 4650 1651 4703; x_wconf 72' lang='grc' dir='ltr'><strong>δὲ</strong></span> <span class='ocrx_word' id='word_1_679' title='bbox 1692 4650 1832 4713; x_wconf 84' lang='grc' dir='ltr'>ὅλως</span> 
     </span>
    </p>
   </div>
   <div class='ocr_carea' id='block_1_93' title="bbox 254 4737 1832 4814">
    <p class='ocr_par' dir='ltr' id='par_1_93' title="bbox 254 4737 1832 4814">
     <span class='ocr_line' id='line_1_93' title="bbox 254 4737 1832 4814; baseline -0.002 -15"><span class='ocrx_word' id='word_1_680' title='bbox 254 4746 355 4799; x_wconf 73' lang='grc' dir='ltr'><strong>καὶ</strong></span> <span class='ocrx_word' id='word_1_681' title='bbox 384 4742 664 4814; x_wconf 80' lang='grc' dir='ltr'><strong>βασιλείας</strong></span> <span class='ocrx_word' id='word_1_682' title='bbox 696 4741 967 4812; x_wconf 76' lang='grc' dir='ltr'><strong>σύμϐολον</strong></span> <span class='ocrx_word' id='word_1_683' title='bbox 1002 4737 1165 4809; x_wconf 77' lang='grc' dir='ltr'><strong>εἶδον,</strong></span> <span class='ocrx_word' id='word_1_684' title='bbox 1217 4742 1462 4812; x_wconf 76' lang='grc' dir='ltr'><strong>καλύδην</strong></span> <span class='ocrx_word' id='word_1_685' title='bbox 1490 4742 1584 4795; x_wconf 73' lang='grc' dir='ltr'><strong>καὶ</strong></span> <span class='ocrx_word' id='word_1_686' title='bbox 1621 4742 1832 4812; x_wconf 85' lang='grc' dir='ltr'>φάτνην</span> 
     </span>
    </p>
   </div>
   <div class='ocr_carea' id='block_1_94' title="bbox 142 4833 1834 4906">
    <p class='ocr_par' dir='ltr' id='par_1_94' title="bbox 142 4833 1834 4906">
     <span class='ocr_line' id='line_1_94' title="bbox 142 4833 1834 4906; baseline -0.003 -15"><span class='ocrx_word' id='word_1_687' title='bbox 142 4867 147 4872; x_wconf 93' lang='grc'><strong>-</strong></span> <span class='ocrx_word' id='word_1_688' title='bbox 255 4838 355 4891; x_wconf 74' lang='grc' dir='ltr'><strong>καὶ</strong></span> <span class='ocrx_word' id='word_1_689' title='bbox 380 4833 593 4888; x_wconf 78' lang='grc' dir='ltr'>παιδίον</span> <span class='ocrx_word' id='word_1_690' title='bbox 612 4834 672 4887; x_wconf 70' lang='grc' dir='ltr'><strong>ἰν</strong></span> <span class='ocrx_word' id='word_1_691' title='bbox 702 4834 1037 4906; x_wconf 82' lang='grc' dir='ltr'>σπαργάνοις</span> <span class='ocrx_word' id='word_1_692' title='bbox 1068 4834 1159 4887; x_wconf 84' lang='grc' dir='ltr'><strong>καὶ</strong></span> <span class='ocrx_word' id='word_1_693' title='bbox 1190 4834 1404 4905; x_wconf 84' lang='grc' dir='ltr'><strong>μητέρα</strong></span> <span class='ocrx_word' id='word_1_694' title='bbox 1443 4834 1681 4905; x_wconf 81' lang='grc' dir='ltr'>πτωχὴν,</span> <span class='ocrx_word' id='word_1_695' title='bbox 1698 4834 1834 4888; x_wconf 75' lang='grc' dir='ltr'>ἰδόν-</span> 
     </span>
    </p>
   </div>
   <div class='ocr_carea' id='block_1_95' title="bbox 252 4919 1834 4992">
    <p class='ocr_par' dir='ltr' id='par_1_95' title="bbox 252 4919 1834 4992">
     <span class='ocr_line' id='line_1_95' title="bbox 252 4919 1834 4992; baseline -0.001 -16"><span class='ocrx_word' id='word_1_696' title='bbox 252 4938 384 4986; x_wconf 77' lang='grc' dir='ltr'><strong>τεςς</strong></span> <span class='ocrx_word' id='word_1_697' title='bbox 412 4940 431 4972; x_wconf 76' lang='grc' dir='ltr'><strong>ι</strong></span> <span class='ocrx_word' id='word_1_698' title='bbox 463 4920 575 4975; x_wconf 74' lang='grc' dir='ltr'><strong>Καὶ</strong></span> <span class='ocrx_word' id='word_1_699' title='bbox 599 4920 720 4991; x_wconf 71' lang='grc' dir='ltr'><strong>μετ’</strong></span> <span class='ocrx_word' id='word_1_700' title='bbox 753 4919 941 4989; x_wconf 80' lang='grc' dir='ltr'><strong>ὀλίγα·</strong></span> <span class='ocrx_word' id='word_1_701' title='bbox 980 4940 999 4974; x_wconf 79' lang='lat' dir='ltr'><strong>t</strong></span> <span class='ocrx_word' id='word_1_702' title='bbox 1034 4920 1158 4983; x_wconf 84' lang='grc' dir='ltr'>Πῶς</span> <span class='ocrx_word' id='word_1_703' title='bbox 1191 4920 1250 4974; x_wconf 70' lang='grc' dir='ltr'><strong>δὲ</strong></span> <span class='ocrx_word' id='word_1_704' title='bbox 1305 4922 1398 4975; x_wconf 79' lang='grc' dir='ltr'><strong>καὶ</strong></span> <span class='ocrx_word' id='word_1_705' title='bbox 1427 4923 1456 4973; x_wconf 85' lang='grc' dir='ltr'>ὁ</span> <span class='ocrx_word' id='word_1_706' title='bbox 1488 4922 1683 4992; x_wconf 82' lang='grc' dir='ltr'><strong>ἀστὴρ,</strong></span> <span class='ocrx_word' id='word_1_707' title='bbox 1710 4921 1834 4974; x_wconf 85' lang='grc' dir='ltr'><strong>είπὲ</strong></span> 
     </span>
    </p>
   </div>
   <div class='ocr_carea' id='block_1_96' title="bbox 142 5012 1837 5086">
    <p class='ocr_par' dir='ltr' id='par_1_96' title="bbox 142 5012 1837 5086">
     <span class='ocr_line' id='line_1_96' title="bbox 142 5012 1837 5086; baseline 0 -18"><span class='ocrx_word' id='word_1_708' title='bbox 142 5034 167 5047; x_wconf 46' lang='grc' dir='ltr'><strong>-ν</strong></span> <span class='ocrx_word' id='word_1_709' title='bbox 255 5032 374 5086; x_wconf 80' lang='grc' dir='ltr'><strong>μοι,</strong></span> <span class='ocrx_word' id='word_1_710' title='bbox 400 5014 567 5068; x_wconf 65' lang='grc' dir='ltr'>τύπον</span> <span class='ocrx_word' id='word_1_711' title='bbox 593 5012 740 5069; x_wconf 80' lang='grc' dir='ltr'><strong>οὕτω</strong></span> <span class='ocrx_word' id='word_1_712' title='bbox 772 5014 959 5068; x_wconf 76' lang='grc' dir='ltr'><strong>στενὸν</strong></span> <span class='ocrx_word' id='word_1_713' title='bbox 989 5014 1203 5085; x_wconf 80' lang='grc' dir='ltr'>φάτνης</span> <span class='ocrx_word' id='word_1_714' title='bbox 1249 5015 1349 5068; x_wconf 72' lang='grc' dir='ltr'><strong>καὶ</strong></span> <span class='ocrx_word' id='word_1_715' title='bbox 1398 5012 1646 5085; x_wconf 79' lang='grc' dir='ltr'><strong>καλύδην</strong></span> <span class='ocrx_word' id='word_1_716' title='bbox 1693 5015 1837 5068; x_wconf 68' lang='lat' dir='ltr'><strong>Uisi-</strong></span> 
     </span>
    </p>
   </div>
   <div class='ocr_carea' id='block_1_97' title="bbox 255 5106 1834 5177">
    <p class='ocr_par' dir='ltr' id='par_1_97' title="bbox 255 5106 1834 5177">
     <span class='ocr_line' id='line_1_97' title="bbox 255 5106 1834 5177; baseline -0.001 -15"><span class='ocrx_word' id='word_1_717' title='bbox 255 5124 443 5172; x_wconf 74' lang='grc' dir='ltr'><strong>κνυεν,</strong></span> <span class='ocrx_word' id='word_1_718' title='bbox 481 5110 529 5161; x_wconf 83' lang='grc' dir='ltr'><strong>εί</strong></span> <span class='ocrx_word' id='word_1_719' title='bbox 567 5110 645 5177; x_wconf 77' lang='grc' dir='ltr'><strong>μη</strong></span> <span class='ocrx_word' id='word_1_720' title='bbox 681 5108 743 5160; x_wconf 75' lang='grc' dir='ltr'>τὸ</span> <span class='ocrx_word' id='word_1_721' title='bbox 795 5106 997 5177; x_wconf 78' lang='grc' dir='ltr'>ὑψηλὸν</span> <span class='ocrx_word' id='word_1_722' title='bbox 1029 5106 1208 5160; x_wconf 67' lang='grc' dir='ltr'><strong>ἐκεῖνο</strong></span> <span class='ocrx_word' id='word_1_723' title='bbox 1242 5107 1403 5175; x_wconf 74' lang='grc' dir='ltr'><strong>ἀφεὶς</strong></span> <span class='ocrx_word' id='word_1_724' title='bbox 1448 5107 1598 5160; x_wconf 84' lang='grc' dir='ltr'>κάτω</span> <span class='ocrx_word' id='word_1_725' title='bbox 1626 5107 1834 5177; x_wconf 77' lang='grc' dir='ltr'><strong>κατέϐη</strong></span> 
     </span>
    </p>
   </div>
   <div class='ocr_carea' id='block_1_98' title="bbox 255 5197 1829 5271">
    <p class='ocr_par' dir='ltr' id='par_1_98' title="bbox 255 5197 1829 5271">
     <span class='ocr_line' id='line_1_98' title="bbox 255 5197 1829 5271; baseline 0 -20"><span class='ocrx_word' id='word_1_726' title='bbox 255 5202 358 5252; x_wconf 76' lang='grc' dir='ltr'><strong>καὶ</strong></span> <span class='ocrx_word' id='word_1_727' title='bbox 391 5200 533 5268; x_wconf 72' lang='grc' dir='ltr'><strong>ὑπὲρ</strong></span> <span class='ocrx_word' id='word_1_728' title='bbox 562 5200 733 5271; x_wconf 82' lang='grc' dir='ltr'>αὐτῆς</span> <span class='ocrx_word' id='word_1_729' title='bbox 771 5199 905 5269; x_wconf 67' lang='grc' dir='ltr'><strong>ἔστη</strong></span> <span class='ocrx_word' id='word_1_730' title='bbox 943 5200 1046 5269; x_wconf 81' lang='grc' dir='ltr'><strong>τῆς</strong></span> <span class='ocrx_word' id='word_1_731' title='bbox 1076 5198 1331 5269; x_wconf 76' lang='grc' dir='ltr'><strong>κεφαλῆς</strong></span> <span class='ocrx_word' id='word_1_732' title='bbox 1389 5197 1485 5253; x_wconf 79' lang='grc' dir='ltr'>τοῦ</span> <span class='ocrx_word' id='word_1_733' title='bbox 1533 5200 1782 5265; x_wconf 78' lang='grc' dir='ltr'>παιδίους</span> <span class='ocrx_word' id='word_1_734' title='bbox 1809 5218 1829 5251; x_wconf 73' lang='grc' dir='ltr'><strong>ι</strong></span> 
     </span>
    </p>
   </div>
   <div class='ocr_carea' id='block_1_99' title="bbox 254 5289 1838 5363">
    <p class='ocr_par' dir='ltr' id='par_1_99' title="bbox 254 5289 1838 5363">
     <span class='ocr_line' id='line_1_99' title="bbox 254 5289 1838 5363; baseline -0.001 -17"><span class='ocrx_word' id='word_1_735' title='bbox 254 5292 372 5346; x_wconf 81' lang='grc' dir='ltr'>Καὶ</span> <span class='ocrx_word' id='word_1_736' title='bbox 406 5292 544 5361; x_wconf 81' lang='grc' dir='ltr'><strong>μετὰ</strong></span> <span class='ocrx_word' id='word_1_737' title='bbox 578 5289 755 5345; x_wconf 85' lang='grc' dir='ltr'>ταῦτα</span> <span class='ocrx_word' id='word_1_738' title='bbox 776 5306 793 5321; x_wconf 87' lang='grc'><strong>·</strong></span> <span class='ocrx_word' id='word_1_739' title='bbox 826 5310 845 5343; x_wconf 78' lang='grc' dir='ltr'><strong>ι</strong></span> <span class='ocrx_word' id='word_1_740' title='bbox 884 5291 1043 5345; x_wconf 71' lang='grc' dir='ltr'><strong>Ἐπεὶ</strong></span> <span class='ocrx_word' id='word_1_741' title='bbox 1068 5290 1162 5345; x_wconf 79' lang='grc' dir='ltr'><strong>οὖν</strong></span> <span class='ocrx_word' id='word_1_742' title='bbox 1192 5292 1371 5363; x_wconf 73' lang='grc' dir='ltr'>ἧγαγε</span> <span class='ocrx_word' id='word_1_743' title='bbox 1403 5291 1497 5345; x_wconf 76' lang='grc' dir='ltr'><strong>καὶ</strong></span> <span class='ocrx_word' id='word_1_744' title='bbox 1538 5289 1838 5362; x_wconf 70' lang='grc' dir='ltr'><strong>ἐχειραγώ-</strong></span> 
     </span>
    </p>
   </div>
   <div class='ocr_carea' id='block_1_100' title="bbox 249 5382 1835 5456">
    <p class='ocr_par' dir='ltr' id='par_1_100' title="bbox 249 5382 1835 5456">
     <span class='ocr_line' id='line_1_100' title="bbox 249 5382 1835 5456; baseline 0.001 -19"><span class='ocrx_word' id='word_1_745' title='bbox 249 5395 421 5454; x_wconf 62' lang='lat' dir='ltr'><strong>ﬁas,</strong></span> <span class='ocrx_word' id='word_1_746' title='bbox 451 5384 548 5436; x_wconf 74' lang='grc' dir='ltr'><strong>καὶ</strong></span> <span class='ocrx_word' id='word_1_747' title='bbox 568 5383 709 5451; x_wconf 67' lang='grc' dir='ltr'>πρὸς</span> <span class='ocrx_word' id='word_1_748' title='bbox 734 5384 837 5456; x_wconf 75' lang='grc' dir='ltr'><strong>τὴν</strong></span> <span class='ocrx_word' id='word_1_749' title='bbox 859 5383 1069 5453; x_wconf 83' lang='grc' dir='ltr'>φάτνην</span> <span class='ocrx_word' id='word_1_750' title='bbox 1087 5382 1341 5452; x_wconf 76' lang='grc' dir='ltr'><strong>εστησιν,</strong></span> <span class='ocrx_word' id='word_1_751' title='bbox 1370 5383 1559 5437; x_wconf 79' lang='grc' dir='ltr'><strong>οὐκέτι</strong></span> <span class='ocrx_word' id='word_1_752' title='bbox 1580 5383 1652 5437; x_wconf 81' lang='grc' dir='ltr'><strong>δι’</strong></span> <span class='ocrx_word' id='word_1_753' title='bbox 1674 5385 1835 5438; x_wconf 66' lang='lat' dir='ltr'><strong>acst-</strong></span> 
     </span>
    </p>
   </div>
   <div class='ocr_carea' id='block_1_101' title="bbox 255 5473 1831 5561">
    <p class='ocr_par' dir='ltr' id='par_1_101' title="bbox 255 5473 1831 5561">
     <span class='ocr_line' id='line_1_101' title="bbox 255 5473 1831 5561; baseline 0 -34"><span class='ocrx_word' id='word_1_754' title='bbox 255 5492 373 5545; x_wconf 81' lang='grc' dir='ltr'>ρος,</span> <span class='ocrx_word' id='word_1_755' title='bbox 416 5473 657 5561; x_wconf 43' lang='lat' dir='ltr'><strong>suae:</strong></span> <span class='ocrx_word' id='word_1_756' title='bbox 686 5474 924 5542; x_wconf 75' lang='grc' dir='ltr'>άγγέλου</span> <span class='ocrx_word' id='word_1_757' title='bbox 953 5474 1142 5528; x_wconf 78' lang='grc' dir='ltr'>λοιπὸν</span> <span class='ocrx_word' id='word_1_758' title='bbox 1200 5476 1387 5561; x_wconf 72' lang='grc' dir='ltr'>αὐτοῖς</span> <span class='ocrx_word' id='word_1_759' title='bbox 1442 5475 1781 5543; x_wconf 72' lang='grc' dir='ltr'><strong>διαλέγεται.</strong></span> <span class='ocrx_word' id='word_1_760' title='bbox 1812 5495 1831 5527; x_wconf 76' lang='grc' dir='ltr'><strong>ι</strong></span> 
     </span>
    </p>
   </div>
   <div class='ocr_carea' id='block_1_102' title="bbox 1939 4633 3516 4717">
    <p class='ocr_par' dir='ltr' id='par_1_102' title="bbox 1939 4633 3516 4717">
     <span class='ocr_line' id='line_1_102' title="bbox 1939 4633 3516 4717; baseline 0.005 -18"><span class='ocrx_word' id='word_1_761' title='bbox 1939 4647 2137 4705; x_wconf 76' lang='lat' dir='ltr'><strong>quibus</strong></span> <span class='ocrx_word' id='word_1_762' title='bbox 2187 4645 2542 4712; x_wconf 78' lang='lat' dir='ltr'><strong>Evangelium</strong></span> <span class='ocrx_word' id='word_1_763' title='bbox 2584 4646 2823 4702; x_wconf 66' lang='lat' dir='ltr'><strong>Mattlttei</strong></span> <span class='ocrx_word' id='word_1_764' title='bbox 2868 4633 3207 4717; x_wconf 73' lang='lat' dir='ltr'><strong>explanavit,</strong></span> <span class='ocrx_word' id='word_1_765' title='bbox 3259 4651 3313 4704; x_wconf 84' lang='lat' dir='ltr'><strong>in</strong></span> <span class='ocrx_word' id='word_1_766' title='bbox 3374 4653 3516 4707; x_wconf 83' lang='lat' dir='ltr'><strong>hunc</strong></span> 
     </span>
    </p>
   </div>
   <div class='ocr_carea' id='block_1_103' title="bbox 1941 4737 3520 4812">
    <p class='ocr_par' dir='ltr' id='par_1_103' title="bbox 1941 4737 3520 4812">
     <span class='ocr_line' id='line_1_103' title="bbox 1941 4737 3520 4812; baseline 0.003 -19"><span class='ocrx_word' id='word_1_767' title='bbox 1941 4738 2164 4793; x_wconf 88' lang='lat' dir='ltr'><strong>modum</strong></span> <span class='ocrx_word' id='word_1_768' title='bbox 2224 4739 2291 4792; x_wconf 86' lang='lat' dir='ltr'><strong>de</strong></span> <span class='ocrx_word' id='word_1_769' title='bbox 2335 4737 2505 4807; x_wconf 86' lang='lat' dir='ltr'><strong>Magis</strong></span> <span class='ocrx_word' id='word_1_770' title='bbox 2558 4738 2844 4808; x_wconf 83' lang='lat' dir='ltr'><strong>loquitur:</strong></span> <span class='ocrx_word' id='word_1_771' title='bbox 2894 4757 2912 4791; x_wconf 80' lang='grc' dir='ltr'><strong>ι</strong></span> <span class='ocrx_word' id='word_1_772' title='bbox 2952 4740 3088 4794; x_wconf 89' lang='lat' dir='ltr'><strong>Cum</strong></span> <span class='ocrx_word' id='word_1_773' title='bbox 3139 4743 3415 4812; x_wconf 86' lang='lat' dir='ltr'><strong>tugurium</strong></span> <span class='ocrx_word' id='word_1_774' title='bbox 3465 4756 3520 4798; x_wconf 86' lang='lat' dir='ltr'><strong>et</strong></span> 
     </span>
    </p>
   </div>
   <div class='ocr_carea' id='block_1_104' title="bbox 1942 4830 3513 4900">
    <p class='ocr_par' dir='ltr' id='par_1_104' title="bbox 1942 4830 3513 4900">
     <span class='ocr_line' id='line_1_104' title="bbox 1942 4830 3513 4900; baseline 0.003 -16"><span class='ocrx_word' id='word_1_775' title='bbox 1942 4845 2184 4900; x_wconf 59' lang='lat' dir='ltr'><strong>prmscpe</strong></span> <span class='ocrx_word' id='word_1_776' title='bbox 2231 4838 2286 4885; x_wconf 83' lang='lat' dir='ltr'><strong>et</strong></span> <span class='ocrx_word' id='word_1_777' title='bbox 2338 4830 2523 4885; x_wconf 82' lang='lat' dir='ltr'><strong>fasciis</strong></span> <span class='ocrx_word' id='word_1_778' title='bbox 2570 4830 2876 4886; x_wconf 85' lang='lat' dir='ltr'><strong>involutum</strong></span> <span class='ocrx_word' id='word_1_779' title='bbox 2919 4846 3151 4900; x_wconf 90' lang='lat' dir='ltr'><strong>puerum</strong></span> <span class='ocrx_word' id='word_1_780' title='bbox 3184 4842 3240 4887; x_wconf 90' lang='lat' dir='ltr'><strong>et</strong></span> <span class='ocrx_word' id='word_1_781' title='bbox 3286 4842 3513 4888; x_wconf 74' lang='lat' dir='ltr'><strong>matrem</strong></span> 
     </span>
    </p>
   </div>
   <div class='ocr_carea' id='block_1_105' title="bbox 1943 4916 3513 4995">
    <p class='ocr_par' dir='ltr' id='par_1_105' title="bbox 1943 4916 3513 4995">
     <span class='ocr_line' id='line_1_105' title="bbox 1943 4916 3513 4995; baseline 0.001 -18"><span class='ocrx_word' id='word_1_782' title='bbox 1943 4936 2241 4993; x_wconf 89' lang='lat' dir='ltr'><strong>pauperem</strong></span> <span class='ocrx_word' id='word_1_783' title='bbox 2287 4916 2613 4986; x_wconf 76' lang='lat' dir='ltr'><strong>cernerent,</strong></span> <span class='ocrx_word' id='word_1_784' title='bbox 2678 4922 2984 4991; x_wconf 89' lang='lat' dir='ltr'><strong>quodnam,</strong></span> <span class='ocrx_word' id='word_1_785' title='bbox 3042 4924 3303 4988; x_wconf 86' lang='lat' dir='ltr'><strong>obsecro,</strong></span> <span class='ocrx_word' id='word_1_786' title='bbox 3364 4928 3513 4995; x_wconf 82' lang='lat' dir='ltr'><strong>regni</strong></span> 
     </span>
    </p>
   </div>
   <div class='ocr_carea' id='block_1_106' title="bbox 1936 5014 3517 5085">
    <p class='ocr_par' dir='ltr' id='par_1_106' title="bbox 1936 5014 3517 5085">
     <span class='ocr_line' id='line_1_106' title="bbox 1936 5014 3517 5085; baseline 0.001 -17"><span class='ocrx_word' id='word_1_787' title='bbox 1936 5016 2150 5085; x_wconf 82' lang='lat' dir='ltr'><strong>signum</strong></span> <span class='ocrx_word' id='word_1_788' title='bbox 2179 5014 2434 5067; x_wconf 86' lang='lat' dir='ltr'><strong>videbant</strong></span> <span class='ocrx_word' id='word_1_789' title='bbox 2464 5014 2487 5067; x_wconf 63' lang='grc' dir='ltr'><em>ἲ</em></span> <span class='ocrx_word' id='word_1_790' title='bbox 2524 5031 2543 5065; x_wconf 74' lang='grc' dir='ltr'><strong>ι</strong></span> <span class='ocrx_word' id='word_1_791' title='bbox 2578 5014 2644 5067; x_wconf 83' lang='lat' dir='ltr'><strong>Et</strong></span> <span class='ocrx_word' id='word_1_792' title='bbox 2678 5015 2841 5084; x_wconf 91' lang='lat' dir='ltr'><strong>paulo</strong></span> <span class='ocrx_word' id='word_1_793' title='bbox 2875 5024 3019 5084; x_wconf 90' lang='lat' dir='ltr'><strong>post.</strong></span> <span class='ocrx_word' id='word_1_794' title='bbox 3071 5035 3089 5068; x_wconf 79' lang='grc' dir='ltr'><strong>ι</strong></span> <span class='ocrx_word' id='word_1_795' title='bbox 3124 5017 3402 5083; x_wconf 72' lang='lat' dir='ltr'><strong>Quonam,</strong></span> <span class='ocrx_word' id='word_1_796' title='bbox 3435 5020 3517 5070; x_wconf 88' lang='lat' dir='ltr'><strong>in-</strong></span> 
     </span>
    </p>
   </div>
   <div class='ocr_carea' id='block_1_107' title="bbox 1936 5104 3515 5178">
    <p class='ocr_par' dir='ltr' id='par_1_107' title="bbox 1936 5104 3515 5178">
     <span class='ocr_line' id='line_1_107' title="bbox 1936 5104 3515 5178; baseline 0 -17"><span class='ocrx_word' id='word_1_797' title='bbox 1936 5109 2073 5178; x_wconf 87' lang='lat' dir='ltr'><strong>quit,</strong></span> <span class='ocrx_word' id='word_1_798' title='bbox 2108 5115 2265 5175; x_wconf 87' lang='lat' dir='ltr'><strong>pacto</strong></span> <span class='ocrx_word' id='word_1_799' title='bbox 2300 5104 2406 5177; x_wconf 82' lang='lat' dir='ltr'><strong>(die</strong></span> <span class='ocrx_word' id='word_1_800' title='bbox 2434 5105 2592 5173; x_wconf 83' lang='lat' dir='ltr'><strong>mihi)</strong></span> <span class='ocrx_word' id='word_1_801' title='bbox 2626 5106 2781 5160; x_wconf 88' lang='lat' dir='ltr'><strong>stella</strong></span> <span class='ocrx_word' id='word_1_802' title='bbox 2820 5115 2929 5159; x_wconf 90' lang='lat' dir='ltr'><strong>tam</strong></span> <span class='ocrx_word' id='word_1_803' title='bbox 2964 5116 3143 5161; x_wconf 88' lang='lat' dir='ltr'><strong>artum</strong></span> <span class='ocrx_word' id='word_1_804' title='bbox 3171 5108 3433 5177; x_wconf 58' lang='lat' dir='ltr'><strong>praesepis</strong></span> <span class='ocrx_word' id='word_1_805' title='bbox 3462 5118 3515 5162; x_wconf 88' lang='lat' dir='ltr'><strong>et</strong></span> 
     </span>
    </p>
   </div>
   <div class='ocr_carea' id='block_1_108' title="bbox 1939 5197 3515 5269">
    <p class='ocr_par' dir='ltr' id='par_1_108' title="bbox 1939 5197 3515 5269">
     <span class='ocr_line' id='line_1_108' title="bbox 1939 5197 3515 5269; baseline -0.001 -15"><span class='ocrx_word' id='word_1_806' title='bbox 1939 5199 2137 5269; x_wconf 81' lang='lat' dir='ltr'><strong>tugurii</strong></span> <span class='ocrx_word' id='word_1_807' title='bbox 2173 5199 2353 5252; x_wconf 90' lang='lat' dir='ltr'><strong>locum</strong></span> <span class='ocrx_word' id='word_1_808' title='bbox 2404 5197 2700 5261; x_wconf 84' lang='lat' dir='ltr'><strong>indicabat,</strong></span> <span class='ocrx_word' id='word_1_809' title='bbox 2737 5199 2782 5252; x_wconf 89' lang='lat' dir='ltr'><strong>si</strong></span> <span class='ocrx_word' id='word_1_810' title='bbox 2820 5214 2925 5252; x_wconf 93' lang='lat' dir='ltr'><strong>non</strong></span> <span class='ocrx_word' id='word_1_811' title='bbox 2980 5199 3174 5254; x_wconf 90' lang='lat' dir='ltr'><strong>relicto</strong></span> <span class='ocrx_word' id='word_1_812' title='bbox 3206 5201 3423 5254; x_wconf 87' lang='lat' dir='ltr'><strong>sublimi</strong></span> <span class='ocrx_word' id='word_1_813' title='bbox 3457 5216 3515 5253; x_wconf 82' lang='lat' dir='ltr'><strong>se</strong></span> 
     </span>
    </p>
   </div>
   <div class='ocr_carea' id='block_1_109' title="bbox 1934 5291 3509 5361">
    <p class='ocr_par' dir='ltr' id='par_1_109' title="bbox 1934 5291 3509 5361">
     <span class='ocr_line' id='line_1_109' title="bbox 1934 5291 3509 5361; baseline 0.001 -17"><span class='ocrx_word' id='word_1_814' title='bbox 1934 5291 2157 5347; x_wconf 89' lang='lat' dir='ltr'><strong>demisit</strong></span> <span class='ocrx_word' id='word_1_815' title='bbox 2205 5299 2260 5345; x_wconf 91' lang='lat' dir='ltr'><strong>et</strong></span> <span class='ocrx_word' id='word_1_816' title='bbox 2308 5304 2473 5359; x_wconf 88' lang='lat' dir='ltr'><strong>supra</strong></span> <span class='ocrx_word' id='word_1_817' title='bbox 2521 5300 2687 5360; x_wconf 89' lang='lat' dir='ltr'><strong>caput</strong></span> <span class='ocrx_word' id='word_1_818' title='bbox 2740 5291 2914 5360; x_wconf 88' lang='lat' dir='ltr'><strong>ipsius</strong></span> <span class='ocrx_word' id='word_1_819' title='bbox 2967 5292 3121 5361; x_wconf 85' lang='lat' dir='ltr'><strong>pueri</strong></span> <span class='ocrx_word' id='word_1_820' title='bbox 3161 5294 3450 5347; x_wconf 86' lang='lat' dir='ltr'><strong>constitit?</strong></span> <span class='ocrx_word' id='word_1_821' title='bbox 3492 5313 3509 5345; x_wconf 75' lang='grc' dir='ltr'><strong>ι</strong></span> 
     </span>
    </p>
   </div>
   <div class='ocr_carea' id='block_1_110' title="bbox 1936 5380 3519 5451">
    <p class='ocr_par' dir='ltr' id='par_1_110' title="bbox 1936 5380 3519 5451">
     <span class='ocr_line' id='line_1_110' title="bbox 1936 5380 3519 5451; baseline 0 -12"><span class='ocrx_word' id='word_1_822' title='bbox 1936 5384 2175 5439; x_wconf 77' lang='lat' dir='ltr'><strong>Rursum</strong></span> <span class='ocrx_word' id='word_1_823' title='bbox 2209 5390 2332 5451; x_wconf 85' lang='lat' dir='ltr'><strong>post</strong></span> <span class='ocrx_word' id='word_1_824' title='bbox 2379 5382 2533 5436; x_wconf 65' lang='lat' dir='ltr'><strong>haec:</strong></span> <span class='ocrx_word' id='word_1_825' title='bbox 2575 5400 2593 5433; x_wconf 73' lang='grc' dir='ltr'><strong>ι</strong></span> <span class='ocrx_word' id='word_1_826' title='bbox 2636 5380 2736 5437; x_wconf 90' lang='lat' dir='ltr'><strong>Ubi</strong></span> <span class='ocrx_word' id='word_1_827' title='bbox 2770 5382 2882 5449; x_wconf 79' lang='lat' dir='ltr'><strong>jam</strong></span> <span class='ocrx_word' id='word_1_828' title='bbox 2936 5384 3256 5440; x_wconf 77' lang='lat' dir='ltr'><strong>adduxisset</strong></span> <span class='ocrx_word' id='word_1_829' title='bbox 3310 5402 3404 5439; x_wconf 81' lang='lat' dir='ltr'><strong>eos</strong></span> <span class='ocrx_word' id='word_1_830' title='bbox 3456 5402 3519 5439; x_wconf 88' lang='lat' dir='ltr'><strong>ac</strong></span> 
     </span>
    </p>
   </div>
   <div class='ocr_carea' id='block_1_111' title="bbox 1932 5473 3515 5549">
    <p class='ocr_par' dir='ltr' id='par_1_111' title="bbox 1932 5473 3515 5549">
     <span class='ocr_line' id='line_1_111' title="bbox 1932 5473 3515 5549; baseline -0.002 -18"><span class='ocrx_word' id='word_1_831' title='bbox 1932 5479 2087 5549; x_wconf 76' lang='lat' dir='ltr'><strong>juxta</strong></span> <span class='ocrx_word' id='word_1_832' title='bbox 2120 5489 2365 5545; x_wconf 69' lang='lat' dir='ltr'><strong>praesepe</strong></span> <span class='ocrx_word' id='word_1_833' title='bbox 2413 5473 2664 5539; x_wconf 81' lang='lat' dir='ltr'><strong>stitisset,</strong></span> <span class='ocrx_word' id='word_1_834' title='bbox 2715 5490 2825 5529; x_wconf 86' lang='lat' dir='ltr'><strong>non</strong></span> <span class='ocrx_word' id='word_1_835' title='bbox 2874 5476 3112 5545; x_wconf 86' lang='lat' dir='ltr'><strong>amplius</strong></span> <span class='ocrx_word' id='word_1_836' title='bbox 3160 5491 3254 5545; x_wconf 85' lang='lat' dir='ltr'><strong>per</strong></span> <span class='ocrx_word' id='word_1_837' title='bbox 3281 5478 3515 5543; x_wconf 83' lang='lat' dir='ltr'><strong>stellam,</strong></span> 
     </span>
    </p>
   </div>
   <div class='ocr_carea' id='block_1_112' title="bbox 251 5560 1839 5640">
    <p class='ocr_par' dir='ltr' id='par_1_112' title="bbox 251 5560 1839 5640">
     <span class='ocr_line' id='line_1_112' title="bbox 251 5560 1839 5640; baseline 0 -17"><span class='ocrx_word' id='word_1_838' title='bbox 251 5568 367 5623; x_wconf 68' lang='grc' dir='ltr'><strong>Καὶ</strong></span> <span class='ocrx_word' id='word_1_839' title='bbox 419 5568 480 5620; x_wconf 72' lang='grc' dir='ltr'><strong>ἐν</strong></span> <span class='ocrx_word' id='word_1_840' title='bbox 530 5560 599 5639; x_wconf 64' lang='grc' dir='ltr'><strong>τῇ</strong></span> <span class='ocrx_word' id='word_1_841' title='bbox 657 5566 820 5639; x_wconf 77' lang='grc' dir='ltr'>ὀγδόῃ</span> <span class='ocrx_word' id='word_1_842' title='bbox 857 5567 914 5621; x_wconf 71' lang='grc' dir='ltr'><strong>δι</strong></span> <span class='ocrx_word' id='word_1_843' title='bbox 956 5567 1147 5640; x_wconf 80' lang='grc' dir='ltr'><strong>ὁμιλίᾳ</strong></span> <span class='ocrx_word' id='word_1_844' title='bbox 1175 5560 1319 5623; x_wconf 80' lang='grc' dir='ltr'><strong>κατὰ</strong></span> <span class='ocrx_word' id='word_1_845' title='bbox 1348 5565 1496 5634; x_wconf 71' lang='grc' dir='ltr'><strong>λέξιν</strong></span> <span class='ocrx_word' id='word_1_846' title='bbox 1527 5566 1672 5622; x_wconf 80' lang='grc' dir='ltr'>οὕτω</span> <span class='ocrx_word' id='word_1_847' title='bbox 1704 5570 1839 5638; x_wconf 77' lang='grc' dir='ltr'>φησὶ</span> 
     </span>
    </p>
   </div>
   <div class='ocr_carea' id='block_1_113' title="bbox 1934 5560 3519 5640">
    <p class='ocr_par' dir='ltr' id='par_1_113' title="bbox 1937 5564 3519 5637">
     <span class='ocr_line' id='line_1_113' title="bbox 1937 5564 3519 5637; baseline -0.002 -14"><span class='ocrx_word' id='word_1_848' title='bbox 1937 5567 2033 5624; x_wconf 90' lang='lat' dir='ltr'><strong>sed</strong></span> <span class='ocrx_word' id='word_1_849' title='bbox 2068 5582 2167 5637; x_wconf 89' lang='lat' dir='ltr'><strong>per</strong></span> <span class='ocrx_word' id='word_1_850' title='bbox 2202 5566 2454 5636; x_wconf 60' lang='lat' dir='ltr'><strong>angi-lum</strong></span> <span class='ocrx_word' id='word_1_851' title='bbox 2490 5579 2585 5619; x_wconf 91' lang='lat' dir='ltr'><strong>eos</strong></span> <span class='ocrx_word' id='word_1_852' title='bbox 2608 5564 2874 5636; x_wconf 85' lang='lat' dir='ltr'><strong>deinceps</strong></span> <span class='ocrx_word' id='word_1_853' title='bbox 2908 5567 3223 5637; x_wconf 87' lang='lat' dir='ltr'><strong>alloquitur.</strong></span> <span class='ocrx_word' id='word_1_854' title='bbox 3267 5587 3285 5619; x_wconf 76' lang='grc' dir='ltr'><strong><em>ι</em></strong></span> <span class='ocrx_word' id='word_1_855' title='bbox 3326 5568 3519 5623; x_wconf 85' lang='lat' dir='ltr'><strong>Itidem</strong></span> 
     </span>
    </p>
   </div>
   <div class='ocr_carea' id='block_1_114' title="bbox 250 5657 1839 5732">
    <p class='ocr_par' dir='ltr' id='par_1_114' title="bbox 250 5657 1839 5732">
     <span class='ocr_line' id='line_1_114' title="bbox 250 5657 1839 5732; baseline 0.001 -18"><span class='ocrx_word' id='word_1_856' title='bbox 250 5659 388 5730; x_wconf 75' lang='grc' dir='ltr'><strong>περὶ</strong></span> <span class='ocrx_word' id='word_1_857' title='bbox 412 5658 522 5712; x_wconf 85' lang='grc' dir='ltr'>τῶν</span> <span class='ocrx_word' id='word_1_858' title='bbox 544 5659 789 5727; x_wconf 74' lang='grc' dir='ltr'>Μάγων·</span> <span class='ocrx_word' id='word_1_859' title='bbox 828 5657 1026 5713; x_wconf 61' lang='lat' dir='ltr'><strong>cstas</strong></span> <span class='ocrx_word' id='word_1_860' title='bbox 1051 5659 1105 5712; x_wconf 89' lang='grc' dir='ltr'><strong>τί</strong></span> <span class='ocrx_word' id='word_1_861' title='bbox 1132 5660 1194 5713; x_wconf 81' lang='grc' dir='ltr'><strong>τὸ</strong></span> <span class='ocrx_word' id='word_1_862' title='bbox 1212 5662 1410 5715; x_wconf 78' lang='grc' dir='ltr'>πεῖσαν</span> <span class='ocrx_word' id='word_1_863' title='bbox 1443 5659 1639 5726; x_wconf 69' lang='grc' dir='ltr'>αὐτοὺς</span> <span class='ocrx_word' id='word_1_864' title='bbox 1668 5677 1839 5732; x_wconf 83' lang='grc' dir='ltr'>προσ-</span> 
     </span>
    </p>
   </div>
   <div class='ocr_carea' id='block_1_115' title="bbox 322 5818 1314 5915">
    <p class='ocr_par' dir='ltr' id='par_1_115' title="bbox 322 5818 1314 5915">
     <span class='ocr_line' id='line_1_115' title="bbox 322 5818 1314 5915; baseline 0.003 -11"><span class='ocrx_word' id='word_1_865' title='bbox 322 5848 370 5880; x_wconf 86' lang='grc'><em>³⁶</em></span> <span class='ocrx_word' id='word_1_866' title='bbox 392 5845 584 5904; x_wconf 83' lang='lat' dir='ltr'><strong>Matth.</strong></span> <span class='ocrx_word' id='word_1_867' title='bbox 621 5864 683 5915; x_wconf 87' lang='lat' dir='ltr'><strong>tt,</strong></span> <span class='ocrx_word' id='word_1_868' title='bbox 745 5848 828 5905; x_wconf 74' lang='lat' dir='ltr'><strong>ll.</strong></span> <span class='ocrx_word' id='word_1_869' title='bbox 907 5851 950 5885; x_wconf 83' lang='lat'><strong>&quot;</strong></span> <span class='ocrx_word' id='word_1_870' title='bbox 977 5818 1121 5906; x_wconf 84' lang='lat' dir='ltr'><strong>Luc.</strong></span> <span class='ocrx_word' id='word_1_871' title='bbox 1160 5866 1220 5915; x_wconf 85' lang='grc' dir='ltr'><strong>ιι,</strong></span> <span class='ocrx_word' id='word_1_872' title='bbox 1256 5852 1314 5907; x_wconf 81' lang='lat'><strong>7.</strong></span> 
     </span>
    </p>
   </div>
   <div class='ocr_carea' id='block_1_116' title="bbox 1940 5658 3519 5731">
    <p class='ocr_par' dir='ltr' id='par_1_116' title="bbox 1940 5658 3519 5731">
     <span class='ocr_line' id='line_1_116' title="bbox 1940 5658 3519 5731; baseline 0 -16"><span class='ocrx_word' id='word_1_873' title='bbox 1940 5662 1995 5716; x_wconf 91' lang='lat' dir='ltr'><strong>in</strong></span> <span class='ocrx_word' id='word_1_874' title='bbox 2037 5659 2284 5715; x_wconf 83' lang='lat' dir='ltr'><strong>oratione</strong></span> <span class='ocrx_word' id='word_1_875' title='bbox 2319 5667 2510 5715; x_wconf 83' lang='lat' dir='ltr'><strong>octava</strong></span> <span class='ocrx_word' id='word_1_876' title='bbox 2550 5658 2621 5714; x_wconf 91' lang='lat' dir='ltr'><strong>dc</strong></span> <span class='ocrx_word' id='word_1_877' title='bbox 2654 5659 2819 5731; x_wconf 88' lang='lat' dir='ltr'><strong>Magis</strong></span> <span class='ocrx_word' id='word_1_878' title='bbox 2855 5660 2921 5718; x_wconf 88' lang='lat' dir='ltr'><strong>ad</strong></span> <span class='ocrx_word' id='word_1_879' title='bbox 2973 5662 3198 5716; x_wconf 77' lang='lat' dir='ltr'><strong>verbum</strong></span> <span class='ocrx_word' id='word_1_880' title='bbox 3233 5661 3348 5715; x_wconf 83' lang='lat' dir='ltr'><strong>haec</strong></span> <span class='ocrx_word' id='word_1_881' title='bbox 3405 5669 3519 5715; x_wconf 88' lang='lat' dir='ltr'><strong>tra-</strong></span> 
     </span>
    </p>
   </div>
  </div>
