4212 6448
237 390 347 461 ωθ

1455 385 1859 449 ANNAIJUM
1901 382 1992 442 PA
2008 384 2098 441 ΠΒ
2142 381 2256 442 lli.

3375 376 3493 438 H0

257 507 373 560 Καὶ
415 503 568 556 τοῦτο
610 502 786 571 δηλῶν
824 504 851 555 6
900 496 1292 569 εὐαγγελιστὴς
1342 494 1524 565 ἔλεγεν
1588 499 1668 549 ὅτι
1713 498 1806 548 καὶ

1924 494 2094 546 'acitc.
2138 513 2155 544 ι
2196 494 2342 546 lntcr
2404 493 2542 545 alios
2596 499 2647 545 et
2698 489 2866 543 Judas
2926 487 3240 557 participat,
3302 502 3481 556 eoque

194 595 423 649 »λαϐὼν
471 595 531 647 1:6
580 594 794 662 ψωμίον
825 592 1046 661 ἐξῆλθεν
1074 606 1088 622 ⁸
1121 587 1188 660 ἦν
1230 590 1284 642 δὲ
1318 590 1433 652 νύξ.
1477 584 1803 656 ’Λπέρχεται

1924 584 2057 637 iacto
2107 598 2165 634 se
2216 584 2282 635 ad
2338 580 2558 635 Juda'os
2616 580 2849 641 confert,
2887 590 2944 632 ut
2992 594 3113 648 quas
3160 593 3189 631 a
3258 576 3489 631 Domino

237 684 334 741 οὖν
372 685 511 757 πρὸς
580 684 673 749 οὓς
743 682 1087 752 συνεφώνησε
1150 680 1484 752 παραδοῦναι
1538 679 1630 731 τὸν
1690 677 1804 731 Κύ-

238 794 378 847 ριον.

1913 683 2033 729 acta
2067 676 2302 747 fuissent
2334 675 2465 743 ipsis
2517 673 2811 728 indicaret.
2863 672 2922 726 ld
2986 672 3135 733 enim
3176 669 3490 740 signiﬁcare

1910 770 2102 825 volens
2127 782 2319 824 auctor
2354 769 2596 822 historiae
2631 766 2959 837 evangeliea:
2983 766 3119 820 dixit
3145 783 3159 819 :
3188 785 3206 815 ε
3232 764 3406 819 Simul
3430 777 3491 816 ac

238 874 476 940 sumpsit
505 872 769 928 bucceam
793 870 984 941 exivit,
1014 883 1138 924 cum
1171 867 1393 937 quidem
1448 881 1555 921 nox
1584 873 1729 919 esset
1751 864 1851 919 ".3
1895 866 2021 918 Abit
2075 866 2242 933 igitur
2294 863 2359 917 ad
2419 878 2515 917 cos
2588 862 3140 931 quibuscnmpactus
3196 858 3377 913 fuerat
3430 875 3488 914 se

239 965 532 1020 Dominum
562 964 696 1035 ipsis
732 964 1080 1018 traditurum.

313 1058 424 1110 Καὶ
450 1059 476 1108 6
503 1055 602 1124 μὲν
626 1054 831 1125 Κύριος
853 1054 921 1106 τὰ
942 1054 1229 1105 τελευταῖα
1257 1054 1370 1113 τοῖς
1401 1050 1669 1119 μαθηταῖς
1696 1048 1813 1100 δια-

1988 1044 2207 1099 Interim
2267 1044 2530 1098 Dominus
2578 1043 2744 1098 rebus
2798 1045 2912 1096 suis
2963 1052 3302 1109 postremum
3350 1046 3491 1098 inter

238 1147 472 1201 τίθεται⁶
503 1142 605 1198 εἷθ’
640 1145 815 1203 οὕτως
850 1146 931 1205 είς
964 1146 1135 1195 τόπον
1162 1143 1385 1211 ἔρχεται
1419 1141 1478 1194 ὃν
1507 1141 1624 1211 ᾔδει
1657 1141 1752 1192 καὶ
1785 1136 1815 1187 6

1924 1136 2215 1205 discipulus
2267 1136 2535 1189 ordinatis
2586 1146 2748 1203 atque
2807 1134 3127 1202 dispositis,
3201 1135 3251 1188 in
3313 1136 3493 1189 locum

240 1238 536 1307 προδότης,
590 1236 648 1299 ὂς
695 1235 894 1288 αὐτίκα
951 1235 1047 1287 καὶ
1104 1232 1284 1286 λαόὼν
1326 1233 1424 1302 τὴν
1472 1234 1698 1300 σπεῖραν
1750 1230 1816 1281 ἐκ

1924 1227 2205 1297 quemdam
2237 1242 2292 1281 se
2329 1227 2521 1296 recipit
2558 1224 2821 1299 proditori
2854 1240 2960 1278 non
2995 1225 3262 1295 ignotum.
3288 1226 3338 1280 Is
3365 1243 3497 1282 vero

240 1328 357 1381 τῶν
409 1329 713 1397 ἀρχιερέων
766 1327 861 1377 καὶ
896 1325 1207 1395 Φαρισαίων
1259 1324 1541 1392 ὑπηρέτας
1589 1320 1811 1392 ἔρχεται

1924 1321 2142 1375 cohorte
2171 1319 2406 1373 militum
2435 1319 2698 1373 continuo
2728 1318 2891 1387 216
2913 1331 3098 1370 secum
3131 1325 3344 1385 sumpta
3371 1332 3495 1371 cum

237 1422 359 1472 ἐκεῖ
409 1420 549 1488 μετά
583 1418 769 1487 φανῶν
817 1418 911 1470 καὶ
940 1418 1263 1486 λαμπάδων.
1306 1416 1590 1487 Ἐπερωτᾷ
1626 1413 1813 1467 λοιπὸν

243 1507 446 1569 αὐτούς
470 1522 487 1539 ο
532 1507 793 1559 πίπτουσι
843 1506 1040 1576 χαμαί.
1085 1505 1412 1559 Ἀποκὸπτει
1440 1504 1501 1556 τὸ
1526 1499 1688 1557 ὠτίον
1718 1502 1812 1554 τοῦ

243 1597 471 1667 Μάλχου
502 1597 532 1649 6
571 1597 799 1667 Πέτρος,
838 1599 886 1649 εί
916 1597 1012 1649 καὶ
1048 1596 1149 1664 τὴν
1189 1596 1355 1649 αὐτοῦ
1403 1596 1651 1667 κεφαλὴν
1679 1597 1814 1649 ἀπο-

242 1688 435 1754 τεμεῖν
472 1685 570 1739 οὐκ
598 1687 808 1755 ῐσχυσε’
844 1687 1002 1741 τοῦτο
1022 1687 1117 1741 καὶ
1143 1688 1248 1757 γὰρ
1277 1682 1345 1758 ἦν
1379 1687 1527 1756 αὑτῷ
1557 1689 1617 1741 τὸ
1648 1703 1814 1739 σπου-

240 1776 562 1846 δαζόμενον.
600 1778 733 1829 Τότε
765 1777 831 1850 δὴ
860 1779 980 1831 τότε
1010 1780 1105 1831 καὶ
1131 1779 1268 1847 πρὸς
1297 1778 1459 1831 αὐτὸν
1494 1778 1599 1848 ἔφη
1636 1779 1663 1830 6
1698 1778 1813 1832 Κύ-

1917 1410 2269 1480 pontilicibus
2291 1420 2345 1464 et
2372 1410 2662 1465 Pharismis
2689 1408 2977 1471 ministris,
3010 1423 3077 1462 eo
3106 1423 3229 1461 cum
3260 1409 3500 1464 lucernis

1919 1510 1975 1554 ct
2020 1500 2234 1554 facibus
2290 1500 2532 1554 advolat.
2583 1499 2658 1553 lbi
2708 1498 2927 1553 Christo
2980 1513 3075 1553 eos
3126 1499 3498 1569 interrogante

1921 1592 2070 1645 humi
2115 1601 2403 1646 corruunt.
2430 1592 2623 1645 Petrus
2652 1591 2860 1645 Malcbo
2886 1592 3186 1646 auriculam
3205 1593 3497 1651 abscindit.

1921 1698 2045 1737 cum
2079 1693 2245 1753 caput
2275 1682 2481 1737 homini
2529 1684 2855 1739 abscindere
2885 1700 2993 1737 non
3026 1696 3230 1753 posset,
3265 1687 3318 1739 id
3350 1687 3497 1755 quod

1922 1774 2169 1829 studiose
2217 1775 2402 1829 facere
2458 1774 2784 1828 conabatur.
2820 1775 2961 1829 Tum
3016 1776 3102 1831 his
3143 1792 3267 1830 eum
3315 1778 3497 1833 verbis

248 1885 365 1937 ριος
388 1884 405 1902 ο
446 1886 465 1920 ε
493 1864 571 1922 Ἦ
601 1870 750 1922 δοκεῖ
800 1888 880 1923 σοι
934 1871 1015 1925 ὅτι
1047 1871 1107 1924 οὐ
1137 1868 1371 1939 δύναμαι
1399 1870 1525 1941 ἄρτι
1560 1888 1816 1942 παρακα-

1924 1866 2183 1921 Dominus
2234 1866 2577 1936 compellat:
2619 1884 2637 1916 ι
2674 1872 2756 1919 An
2819 1881 2929 1920 non
2987 1867 3274 1921 existimas
3339 1884 3500 1937 posse

240 1959 400 2014 λέσαι
428 1961 522 2015 τὸν
562 1962 781 2033 Πατέρα
818 1980 942 2032 μου,
964 1965 1061 2016 καὶ
1096 1963 1441 2033 παραστήσει
1477 1980 1566 2033 μοι
1592 1964 1813 2028 πλείους

238 2052 275 2122 ἢ
319 2054 530 2122 δώδεκα
575 2055 847 2123 λεγεῶνας
897 2056 1186 2124 ἀγγέλων;
1220 2055 1338 2117 πῶς
1372 2051 1465 2109 οὖν
1516 2054 1819 2125 πληρωθῶ-

226 2162 341 2199 γσιν
363 2148 419 2198 αἱ
448 2148 685 2216 Γραφαὶ,
717 2149 798 2200 ὅτι
839 2146 1012 2210 οὕτως
1041 2147 1124 2201 δεῖ
1148 2148 1402 2217 γενέσθαι
1428 2165 1443 2213 ;
1478 2166 1501 2200 ι
1542 2147 1727 2201 Ταῦτα
1759 2146 1817 2200 δὲ

237 2240 355 2302 τοῖς
393 2239 661 2310 μαθηταῖς
696 2239 884 2307 ἔλεγεν
911 2242 939 2293 6
972 2241 1184 2312 Σωτὴρ,
1221 2240 1471 2310 ἐκφοϐῶν
1500 2241 1696 2303 αὐτοὺς
1722 2240 1819 2293 καὶ

226 2330 462 2383 -πείθων
488 2330 740 2383 ἐντεῦθεν
768 2331 936 2400 μηδὲν
957 2348 1010 2385 τι
1032 2331 1141 2384 τῶν
1161 2332 1464 2400 γινομένων
1493 2330 1815 2401 πολυπραγ-

243 2426 451 2487 μονεῖν.
489 2423 552 2475 Εί
580 2426 691 2492 γὰρ
714 2426 834 2487 ταῖς
866 2424 1133 2495 Γραφαϊς,
1171 2424 1329 2494 φησὶ,
1367 2423 1526 2477 τοῦτο
1564 2424 1735 2489 δοκεῖ,
1758 2424 1819 2477 τὸ

242 2511 446 2566 παθεῖν
481 2514 583 2583 ἐμὲ
616 2514 884 2585 δηλονότι,
910 2516 1029 2578 πῶς
1050 2516 1210 2585 ὑμεῖς
1239 2514 1586 2569 ὲναντιοῦσθε
1621 2514 1821 2586 μαχαί-

244 2621 371 2674 ραις
409 2605 683 2675 χρώμενοι
709 2623 724 2673 ;
756 2607 817 2660 τὸ
853 2610 1119 2679 ποτήριον
1147 2607 1175 2661 ὃ
1203 2607 1405 2661 δέδωκέ
1429 2625 1520 2679 μοι
1547 2609 1575 2660 6
1607 2606 1816 2678 Ιῐατὴρ,

238 2697 305 2750 οὐ
351 2698 427 2767 μὴ
453 2699 563 2752 πίω
591 2699 759 2767 adad;

312 2870 591 2941 Δήσαντες
626 2870 719 2926 οὖν
748 2872 840 2927 τὸν
878 2845 1097 2958 Ἰησοῦν
1122 2873 1414 2946 ἀπήγαγον
1458 2876 1595 2946 πρὸς
1619 2877 1818 2931 Ἀνναν

167 3044 175 3050 ’
241 2962 492 3031 πρῶτον,
522 2966 745 3018 κάκεῖσε
792 2965 1059 3037 κρίνεται.
1091 2967 1229 3037 Περὶ
1261 2958 1362 3037 τῆς
1389 2967 1557 3021 αὑτοῦ
1593 2969 1819 3043 διδαχῆς

246 3055 354 3106 καὶ
377 3056 490 3108 τῶν
524 3056 783 3126 μαθητῶν
807 3059 1101 3126 ἐρωτᾶται.
1142 3058 1524 3129 ’Δποκρίνεται
1551 3063 1624 3125 ὡς
1646 3065 1815 3127 είκός.

252 3148 543 3219 Ῥάπισμα
575 3149 812 3220 δέχεται,
849 3152 943 3203 καί
975 3168 1164 3221 φησιν⁹
1200 3170 1220 3204 ε
1258 3153 1320 3205 Εί
1358 3154 1457 3221 μὲν
1487 3154 1672 3218 κακῶς
1692 3155 1816 3209 ὲλά-
1845 3188 1889 3251 C

237 3237 424 3308 λησα,
460 3257 479 3290 ι
522 3241 617 3292 καὶ
667 3240 735 3293 τὰ
789 3239 941 3311 ἑξῆς.
1005 3242 1250 3296 Ἐκεῖθεν
1302 3242 1394 3296 οὖν
1436 3244 1633 3312 ἄγεται
1684 3248 1821 3319 πρὸς

239 3332 531 3399 Καϊάφαν,
556 3331 749 3385 ἔπειτα
786 3334 926 3403 πρὸς
967 3334 1199 3388 Πιλᾶτον
1232 3337 1443 3405 πρωϊας
1474 3336 1663 3411 οὔσης·
1694 3344 1823 3410 πρὶν

237 3424 274 3494 ῆ
340 3424 443 3493 μὲν
497 3424 768 3494 ἀλέκτορα
815 3427 1067 3497 φωνῆσαι
1112 3429 1251 3499 πρὸς
1296 3429 1550 3498 Καϊάφαν
1606 3432 1818 3500 ἄγεται,

240 3515 400 3586 πρωῒ
446 3516 503 3569 δὲ
554 3517 695 3588 πρὸς
757 3519 1010 3572 Πιλάτον.
1048 3521 1337 3574 Δείκνυσιν
1370 3522 1399 3572 6
1430 3523 1823 3593 εὐαγγελιστὴς

238 3609 328 3661 ὅτι
358 3607 418 3661 1:6
442 3609 617 3680 ἣμισυ
647 3609 753 3678 τῆς
786 3610 979 3673 νυκτὸς
1013 3608 1160 3663 ἅπαν
1198 3610 1306 3664 ὑπὸ
1343 3612 1574 3681 Καῖάφα
1605 3613 1824 3687 ὲρωτώτ

244 3718 415 3769 μενος
446 3701 604 3754 οὐδὲν
637 3700 987 3771 ἐξηλέγχετο,
1023 3701 1106 3755 διὸ
1143 3703 1241 3755 καὶ
1270 3704 1635 3776 παρέπεμψεν
1660 3706 1822 3759 αὑτὸν

239 3792 325 3862 τῷ
361 3793 598 3862 Πιλάτῳ.
627 3795 738 3846 Καὶ
787 3794 816 3845 6
865 3795 966 3863 μὲν
991 3796 1219 3865 Μάρκος
1241 3797 1370 3866 περὶ
1402 3796 1503 3866 τῆς
1531 3797 1823 3870 ἀλεκτορο-

240 3883 458 3952 φωνίας
490 3883 703 3948 διεξιὼν
740 3883 883 3937 οὕτω
919 3885 1086 3954 φησίν
1116 3902 1129 3915 ·
1178 3904 1197 3936 ε
1237 3885 1372 3956 Πρὶν
1413 3886 1681 3959 ἀλέκτορα
1712 3904 1824 3956 φω-

236 3976 411 4044 νῆσαι
436 3976 540 4039 δὶς,
569 3975 692 4046 τρὶς
726 3976 1021 4049 ἀπαρνήσῃ
1045 3994 1112 4047 με
1151 3995 1171 4029 ι
1206 3978 1316 4049 (ὅτε
1343 3978 1453 4048 γὰρ
1483 3978 1631 4043 ἀπαξ
1658 3980 1822 4051 ὴρνή-

240 4081 409 4127 σατο,
454 4065 736 4136 ἐφώνησεν
789 4067 819 4118 6
872 4067 1192 4137 ἀλεκτρυὼν
1243 4068 1306 4121 τὸ
1345 4070 1584 4139 πρῶτον,
1626 4071 1715 4123 ὅτε
1767 4071 1825 4125 δὲ

240 4158 441 4225 τρίτον
467 4159 773 4228 ἠρνήσατο,
819 4159 881 4212 τδ
926 4158 1183 4230 δεύτερον
1231 4158 1571 4231 ἐφώνησεν),
1599 4163 1824 4234 ἀκριϐέ-

238 4267 446 4321 στερον
472 4249 842 4319 ἐξηγούμενος
856 4250 956 4322 τὴν
984 4251 1081 4305 τοῦ
1110 4251 1320 4320 Πέτρου
1351 4251 1663 4321 ἀσθένειαν,
1694 4257 1824 4325 παρ’

237 4343 419 4397 αὑτοῦ
479 4343 573 4397 τοῦ
629 4342 953 4400 διδασκάλω
1005 4344 1235 4413 μαθὼν,
1281 4346 1364 4399 ὅτι
1416 4346 1511 4400 καὶ
1563 4350 1826 4419 φοιτητὴς

235 4434 465 4490 ἐκείνου
495 4432 584 4508 ἦν.
626 4437 686 4489 Ὀ
704 4436 761 4489 δὲ
780 4436 1053 4501 θῑατθαῖος
1083 4438 1253 4491 είπὼν
1282 4441 1361 4491 ὅτι
1388 4457 1405 4490 ε
1432 4439 1571 4509 Πρὶν
1601 4441 1824 4494 ἀλέκτο-

1923 1972 2008 2011 me
2032 1956 2249 2011 Patrem
2280 1972 2508 2011 exorare
2531 1956 2692 2010 modo
2717 1966 2775 2009 ut
2804 1958 2986 2025 plures
3019 1958 3149 2011 mihi
3176 1974 3338 2027 quam
3366 1960 3502 2011 dun-

1920 2049 2097 2103 decim
2141 2048 2388 2119 legiones
2419 2049 2740 2118 angelorum
2787 2050 3138 2118 suppeditet?
3171 2060 3227 2103 at
3260 2066 3496 2119 quonam

1918 2151 2079 2212 pacto
2114 2142 2423 2198 confierent
2461 2157 2581 2211 quae
2616 2142 2732 2197 fieri
2785 2154 3040 2211 oportere
3100 2138 3271 2199 sacris
3307 2146 3497 2214 prodi-

1920 2242 2034 2287 tum
2067 2244 2151 2289 est
2183 2234 2522 2289 Litteris”?
2554 2252 2573 2285 ι
2609 2233 2739 2301 Qua!
2762 2248 2893 2288 sane
2921 2232 3197 2289 Dominus’
3219 2237 3283 2290 ad
3330 2237 3500 2291 disci-

1920 2328 2079 2396 pulos
2132 2329 2205 2382 ita
2261 2328 2512 2398 protulit,
2566 2336 2625 2381 ut
2681 2336 2887 2381 metum
2941 2328 3024 2381 eis
3078 2328 3375 2394 incuteret,
3436 2347 3499 2384 ac

1918 2420 2275 2489 persuaderet
2324 2435 2392 2474 ne
2432 2420 2564 2490 quid
2621 2434 2818 2473 eorum
2852 2435 2976 2489 quae
3028 2420 3345 2475 acciderent
3396 2437 3497 2476 cu-

1921 2511 2122 2565 riosius
2155 2521 2556 2566 scrutarentur.
2589 2511 2725 2565 Nam
2773 2510 2818 2565 si
2867 2512 3042 2567 sacris
3090 2513 3165 2566 ita
3206 2513 3380 2566 visum
3416 2524 3501 2568 est

1924 2602 2148 2657 Litteris
2201 2611 2262 2656 ut
2291 2603 2613 2673 patiendum
2648 2603 2782 2657 mihi
2813 2602 2905 2669 sit,
2935 2602 3029 2672 qui
3064 2603 3122 2657 lit
3163 2616 3221 2656 ut
3255 2620 3355 2660 vos
3383 2606 3501 2676 gla—

1921 2696 2027 2749 diis
2058 2705 2274 2749 utentes
2304 2695 2584 2749 adversari
2615 2694 2835 2749 velitis?
2866 2697 3124 2765 poculum
3163 2698 3322 2762 illud,
3352 2699 3503 2768 quod

1920 2787 2082 2842 Pater
2107 2789 2239 2842 mihi
2272 2788 2441 2850 dedit,
2473 2803 2581 2841 non
2616 2788 2840 2842 bibam?

1993 2880 2163 2949 Igitur
2196 2879 2507 2949 colligatum
2537 2880 2773 2935 vinculis
2810 2878 2999 2934 Jesum
3036 2881 3101 2934 ad
3145 2882 3357 2936 Annam
3388 2883 3502 2951 pri-

1922 2987 2070 3025 mum
2098 2971 2403 3035 abducunt,
2428 2971 2616 3041 ibique
2642 2972 2855 3041 judicio
2882 2971 3124 3030 sistitur.
3156 2973 3224 3028 de
3245 2976 3507 3030 doctrina

1922 3074 1979 3119 ct
2011 3064 2302 3133 discipulis
2344 3064 2759 3133 interrogatur:
2794 3064 3092 3133 l‘CSpUDdet
3140 3075 3200 3119 ut
3235 3082 3333 3135 par
3362 3083 3501 3121 erat.

1921 3152 2057 3208 Cum
2090 3153 2300 3223 alapam
2340 3144 2645 3221 accepisset
2679 3169 2695 3207 :
2733 3170 2751 3203 ι
2790 3152 2847 3208 Si
2902 3154 3044 3208 male
3089 3155 3309 3210 locutus
3359 3172 3507 3222 sum,

1929 3245 2127 3315 inquit,
2184 3245 2479 3299 testilicare
2526 3246 2594 3300 de
2650 3252 2797 3300 malo
2841 3263 2857 3300 :
2915 3245 3001 3299 sin
3063 3246 3225 3313 bene,
3274 3263 3374 3301 cur
3420 3263 3511 3302 me

1925 3336 2172 3390 caedis?»
2218 3336 2350 3390 lude
2407 3336 2475 3390 ad
2529 3335 2828 3406 Caiapham
2882 3335 3146 3403 ducitur;
3180 3353 3209 3391 a
3267 3337 3511 3408 Caiapha

1924 3442 2115 3483 rursus
2143 3429 2209 3482 ad
2243 3428 2499 3483 Pilatum.
2546 3427 2727 3499 Atque
2774 3429 2865 3484 hic
2895 3431 3140 3485 ostendit
3176 3432 3512 3502 evangelica:

1927 3517 2171 3572 historiae
2206 3519 2445 3587 scriptor
2472 3526 2583 3573 tota
2632 3519 2861 3574 dimidia
2896 3529 3061 3575 nocte
3103 3521 3506 3592 interrogatum

1925 3626 1954 3663 a
1980 3609 2221 3678 Caiapha
2261 3611 2470 3664 nullius
2523 3611 2788 3681 improbae
2821 3612 2903 3665 rei
2939 3612 3193 3666 convinci
3240 3616 3505 3683 potuisse,

1926 3702 2163 3772 ideoque
2192 3702 2259 3757 ad
2297 3704 2533 3758 Pilatum
2567 3720 2596 3759 a
2643 3703 2885 3774 Caiapha
2935 3705 3166 3760 missum
3215 3721 3360 3761 esse.
3394 3706 3511 3762 Cae-

1928 3805 2105 3849 terum
2167 3796 2235 3851 de
2271 3797 2399 3867 galli
2455 3807 2620 3852 cantu
2686 3797 2907 3852 Marcus
2956 3800 3028 3851 ita
3082 3799 3329 3854 locutum
3387 3814 3511 3856 esse

1926 3888 2217 3942 Dominum
2249 3888 2419 3944 refert
2471 3905 2485 3942 :
2526 3908 2544 3940 ι
2584 3889 2912 3959 Priusquam
2962 3889 3048 3944 bis
3092 3892 3268 3959 gallus
3299 3900 3515 3956 cantet,

1928 3990 2011 4036 ter
2060 3995 2149 4034 me
2192 3982 2508 4051 negabis“.
2554 4000 2573 4032 ι
2614 3981 2830 4051 Quippe
2867 3996 2997 4036 cum
3024 3983 3146 4036 vice
3197 3983 3373 4053 prima
3411 4000 3510 4039 ne-

1926 4083 2097 4144 garet,
2130 4074 2369 4144 primum
2411 4073 2589 4143 gallus
2637 4074 2880 4128 cantavit
2913 4088 3086 4128 zeum
3115 4089 3249 4127 vero
3280 4086 3513 4144 negaret

1928 4167 2176 4231 tertium,
2211 4166 2386 4237 gallus
2435 4166 2682 4221 secundo
2708 4167 2932 4221 cecinit.
2967 4165 3084 4221 Hoc
3136 4168 3301 4221 modo
3351 4182 3514 4221 accu-

1926 4260 2102 4315 ratius
2123 4259 2215 4314 ille
2240 4258 2676 4313 imbecillitatem
2708 4258 2859 4312 Petri
2894 4257 3171 4328 exposuit,
3207 4273 3267 4312 re
3295 4269 3407 4313 tota
3445 4268 3515 4313 de

1927 4351 2103 4421 ipsius
2144 4350 2388 4420 magistri
2436 4351 2526 4405 sui
2571 4349 2888 4404 narratione
2919 4350 3180 4420 cognita;
3211 4349 3315 4404 fuit
3366 4353 3513 4403 enim

1926 4442 2141 4499 Marcus
2163 4442 2314 4500 Petri
2342 4451 2583 4498 sectator
2612 4452 2668 4498 et
2716 4442 3046 4512 discipulus.
3096 4442 3386 4497 Matthmus
3418 4458 3515 4496 au-

235 4547 314 4596 ρα
348 4530 601 4599 φωνῆσαι
628 4529 749 4598 τρὶς
775 4530 1075 4603 ἀπαρνήσῃ
1097 4547 1186 4600 με,
1214 4549 1235 4583 ι
1258 4531 1355 4601 τὴν
1375 4532 1507 4617 ὅλην
1527 4532 1822 4605 ἀλεκτορο-

1930 4546 2038 4592 tem
2067 4534 2192 4592 cum
2233 4538 2310 4592 ait
2351 4554 2365 4590 :
2399 4556 2417 4589 ε
2447 4536 2773 4605 Priusquam
2830 4534 3007 4617 gallus
3056 4543 3261 4598 cantet,
3298 4544 3381 4589 ter
3430 4551 3518 4589 me
3572 4557 3575 4559 ν

235 4624 460 4689 φωνίαν
512 4621 775 4691 ἐνέφηνε,
818 4621 973 4676 τοῦτ’
1000 4624 1257 4709 ἐστιιτὴν
1307 4625 1559 4695 πρώτην,
1587 4627 1708 4697 ἥτις
1737 4627 1826 4680 διά

235 4714 531 4782 διαφόρων
580 4714 947 4786 ἑκφωνήσεων
987 4714 1220 4789 γίνεται,
1275 4714 1464 4785 ὥσπερ
1507 4709 1602 4770 οὖν
1651 4718 1751 4773 καὶ
1791 4719 1824 4789 η

232 4806 489 4874 δευτέρα
510 4804 956 4875 ἀλεκτοροφωνία
983 4806 1079 4859 καὶ
1104 4808 1143 4877 ἡ
1166 4805 1349 4878 τρίτη.
1389 4808 1525 4878 Πρὶν
1566 4804 1660 4862 οὗν
1691 4809 1827 4863 ’ἀλέμ

233 4911 422 4964 κτορα
453 4894 725 4965 φωνῆσαι,
757 4896 787 4948 6
832 4887 1111 4960 Ματθαῖος
1138 4898 1335 4963 εἰπὼν,
1364 4899 1489 4970 τρὶς
1538 4901 1858 4973 ἀπαρνήσῃ,

236 5006 342 5060 με,
380 4986 544 5041 τοῦτο
595 4988 801 5042 ὡσανεὶ
854 4990 1189 5057 ἐλεγεν,’ὃτι
1218 4992 1329 5048 Καὶ
1354 4993 1462 5062 πρὸ
1500 4992 1594 5046 τοῦ
1626 4993 1830 5063 φθάσαι

233 5086 350 5151 τὴν
387 5081 617 5151 πρώτην
655 5080 948 5149 παρελθεῖν
982 5084 1457 5154 ἀλεκτοροφωνίαν
1498 5086 1619 5156 τρὶς
1648 5087 1831 5159 ἀπαρ-

232 5178 395 5247 νήστι
431 5191 522 5246 με·
1243 5200 1251 5210 ·
1389 5190 1401 5198 ·

321 5272 481 5328 Μετὰ
517 5272 704 5343 μέντοι
762 5272 825 5325 τὸ
878 5271 1142 5344 κριθῆναι
1193 5273 1289 5327 τὸν
1328 5274 1534 5346 Κύριον
1584 5275 1691 5329 ὑπὸ
1738 5274 1831 5329 τοῦ

236 5364 495 5418 Πιλάτου
553 5354 879 5433 μαστίζεται
930 5365 1023 5417 τὸν
1085 5365 1255 5427 νῶτον
1305 5365 1506 5439 λὼροις
1535 5369 1827 5432 πλεκτοῖς·

237 5455 503 5509 τοιοῦτον
534 5455 628 5508 καὶ
660 5455 771 5526 γὰρ
802 5456 863 5507 τὸ
890 5456 1275 5527 φραγγελλιον.
1304 5455 1421 5512 Εἶθ’
1454 5458 1629 5523 οὕτως
1660 5460 1739 5523 είς
1767 5463 1827 5515 1:6

237 5546 641 5617 σταυρωθῆναι
671 5546 1049 5616 παραδίδοται.
1081 5547 1268 5602 Ταῦτα
1294 5549 1352 5603 δὲ
1385 5551 1562 5626 πάντα
1589 5552 1824 5624 πεποίη-

236 5658 343 5695 κεν
373 5641 407 5711 ἡ
430 5639 663 5710 ἄκαιρος
682 5638 946 5710 ἀνανδρία
969 5638 1062 5711 τοῦ
1096 5640 1352 5695 Πιλάτου·
1382 5642 1509 5705 τοὺς
1541 5641 1650 5713 γὰρ
1692 5643 1826 5695 ’1ου-

319 5822 374 5855 ⁵⁸
403 5820 563 5879 Joan.
599 5839 719 5891 xm,
766 5826 857 5881 50.
932 5826 979 5859 ⁸⁸
1008 5826 1196 5882 Matth.
1265 5842 1413 5895 nn,
1465 5829 1555 5883 55.
1631 5830 1675 5862 ⁵³
1712 5828 1876 5883 Marc.

1931 4630 2157 4700 negabis
2184 4628 2255 4694 ⁸⁸,
2296 4645 2316 4679 ι
2351 4636 2524 4681 totum
2564 4624 2693 4695 galli
2746 4634 2970 4677 cantum
3022 4624 3268 4679 indicare
3321 4625 3514 4689 voluit,

1932 4720 2192 4775 videlicet
2218 4719 2482 4790 primum,
2538 4718 2633 4787 qui
2681 4714 2916 4770 diversis
2948 4712 3135 4768 editur
3166 4716 3415 4778 vocibus,
3461 4725 3519 4769 et

1932 4813 2261 4875 secundum,
2287 4818 2345 4863 et
2382 4807 2626 4863 tertium.
2658 4806 3007 4877 Quapropter
3057 4820 3182 4859 cum
3233 4804 3524 4858 Mattlnous

1938 4902 2120 4971 inquit
2152 4919 2165 4955 :
2220 4910 2241 4952 ι
2271 4880 2601 4969 Priusquam
2640 4899 2815 4968 gallus
2848 4906 3052 4975 cantet,
3089 4912 3177 4952 me
3221 4906 3305 4951 ter
3353 4913 3521 4961 nega-

1886 4993 1888 4996 ’
1930 4993 2037 5058 bis,
2074 5012 2093 5045 ι
2144 4993 2466 5064 huiusmodi
2500 4991 2761 5062 quiddam
2788 4990 2973 5045 dicere
2999 4988 3237 5053 videtur,
3273 4990 3521 5043 futurum

1930 5086 2144 5143 scilicet
2200 5094 2259 5140 ut
2315 5083 2513 5140 Petrus
2543 5098 2671 5139 eum
2704 5092 2787 5137 ter
2838 5084 2993 5153 prius
3038 5090 3287 5151 negaret,
3352 5098 3524 5152 quam

1931 5182 2057 5254 galli
2087 5188 2283 5237 cantus
2316 5180 2479 5233 linem
2514 5177 2764 5233 haberet.

2004 5272 2371 5343 Posteaquam
2428 5271 2487 5326 in
2513 5269 2812 5324 Dominum
2850 5266 3062 5321 Pilatus
3114 5264 3521 5335 inquisivisset,

1936 5373 2149 5435 tergum
2182 5365 2232 5419 ei
2258 5363 2390 5419 leris
2423 5363 2679 5433 implexis
2709 5361 2940 5416 creditur
2970 5375 2985 5415 :
3019 5360 3125 5414 hoc
3166 5357 3317 5413 enim
3365 5358 3527 5412 vocis
3592 5394 3600 5400 .

1937 5455 2133 5527 ﬂagelli
2161 5464 2245 5511 est
2268 5456 2661 5526 significatum.
2709 5452 2918 5508 Deinde
2970 5450 3039 5506 ad
3083 5448 3526 5520 crucifigendum

1938 5548 2195 5604 traditur.
2222 5548 2401 5619 Atque
2429 5548 2546 5604 haec
2576 5546 2762 5602 omnia
2808 5560 2906 5617 per
2936 5544 3309 5615 importunam
3349 5542 3525 5595 animi

1935 5641 2298 5712 dejectionem
2351 5641 2408 5694 in
2438 5640 2621 5696 Pilato
2655 5638 3001 5703 acciderunt,
3046 5636 3140 5706 qui
3189 5634 3407 5690 Judaros
3437 5649 3522 5688 re-

1931 5844 2052 5893 ειν,
2113 5828 2204 5885 30.
2284 5827 2328 5860 ⁸⁸
2360 5824 2555 5882 Matth.
2592 5840 2740 5894 sxw,
2774 5823 2867 5879 '54.
