4212 6448
725 427 816 493 511
1981 437 2404 495 MlClIAEHS
2445 437 2708 494 GHTle

3864 429 3975 484 ΗΞ

724 547 1016 596 uerebatur
1043 553 1369 597 accusantes
1401 545 1692 600 Dominum
1727 556 1984 616 tanquam
2022 549 2293 602 hominem

2404 547 2588 606 δαίους
2630 545 2950 612 δυσωπῆσαι
3001 543 3170 596 θέλων
3218 541 3304 611 ἐφ’
3337 541 3415 602 οἷς
3445 539 3750 600 ἐνεκάλουν,
3779 536 3981 603 ἀντάρ-

721 633 1071 686 seditiosum.
1134 635 1375 703 Ideoque
1423 651 1547 689 suas
1581 638 1742 690 etiam
1795 654 1983 706 pinnas
2031 639 2118 690 ille
2150 653 2300 690 com-

723 725 943 777 meruit.
1004 725 1217 793 Quippe
1269 741 1392 778 cum
1439 736 1762 794 potestatem
1809 729 1930 794 ejus
1978 726 2296 781 absolvendi

722 817 1061 876 Ιιςι1›σιι-ρι,ιιι
1107 817 1197 884 qui
1235 817 1418 870 dicere
1487 835 1594 872 non
1654 820 1932 873 dubitaret
1988 835 2046 874 se
2098 820 2298 872 habere

721 917 1044 972 potestatem
1083 907 1258 974 ipsius
1285 909 1366 960 vel
1402 910 1562 978 217
1607 910 1918 962 dimittendi
1954 910 2037 963 vel
2074 909 2296 962 cruciﬁ-

718 999 910 1061 gcndi.
939 998 1082 1066 quod
1135 998 1310 1052 facere
1362 1010 1580 1068 poterat
1631 1016 1736 1052 non
1775 1000 2046 1068 praestitit.
2086 999 2288 1052 Formi-

719 1089 890 1140 dabat
919 1089 1064 1141 cnim
1099 1087 1317 1142 Judzeos
1339 1094 1639 1142 clamantes
1669 1109 1681 1142 :
1713 1109 1732 1141 ι
1762 1089 1816 1143 Si
1847 1091 2010 1144 istum
2035 1089 2294 1150 absolvis,

718 1193 826 1228 non
886 1193 947 1228 cs
1003 1176 1236 1230 Ca‘saris
1286 1179 1581 1232 amicus“.
1622 1197 1640 1229 ι
1678 1177 1859 1244 Quare
1910 1195 2017 1233 non
2065 1179 2292 1232 dubium

715 1278 799 1320 est
839 1283 965 1320 eum
1016 1269 1443 1321 condemnatum
1493 1284 1637 1332 esse,
1675 1271 1742 1324 de
1797 1272 1930 1338 ipsis
1982 1271 2145 1323 etiam
2191 1270 2292 1323 Do.

716 1361 849 1412 mini
914 1361 1097 1412 verbis
1162 1358 1263 1411 hoc
1327 1362 1444 1427 ipso
1507 1378 1612 1414 non
1669 1363 1901 1416 obscure
1972 1373 2290 1430 apparente,

713 1468 837 1503 (um
872 1452 946 1504 ait
981 1468 995 1505 :
1030 1469 1048 1500 ι
1087 1450 1189 1516 Qui
1227 1469 1312 1507 mc
1353 1454 1450 1506 tibi
1487 1453 1734 1520 tradidit,
1794 1455 1849 1507 in
1901 1453 2103 1522 majore
2133 1453 2292 1521 culpa

712 1555 816 1596 cst.
859 1563 876 1593 ι

781 1637 1054 1690 (Imternm
1091 1637 1335 1691 Joannes
1384 1635 1631 1691 historia:
1687 1637 1920 1706 scriptor
1966 1637 2292 1703 evangelica:

714 1741 932 1793 tempus
986 1729 1231 1783 iudieare
1287 1730 1501 1794 volens,
1539 1746 1646 1798 quo
1683 1741 1928 1798 tempore
1977 1729 2185 1782 Pilatus
2236 1730 2289 1781 in

714 1821 834 1872 loco
872 1822 1114 1887 quodam
1175 1821 1489 1875 consederit
1543 1823 1638 1885 qui
1695 1821 2107 1890 Lapidipavium
2143 1820 2291 1873 dice-

712 1922 886 1972 retur.
956 1926 1010 1963 ιιι
1045 1912 1171 1965 Jesu
1231 1928 1453 1965 causam
1510 1922 1892 1981 cognosceret,
1953 1912 2028 1964 ait
2085 1910 2290 1965 factum

711 2011 816 2057 hoc
875 2003 1045 2056 fuisse
1113 2005 1166 2057 in
1227 2005 1625 2073 pra‘paratione
1689 2004 1938 2068 Paschze,
1995 2003 2127 2056 hora
2181 2003 2294 2056 fere

708 2106 882 2148 sexta.
919 2095 1032 2148 Cur
1058 2106 1245 2150 sextus
1280 2095 1368 2148 hic.
1415 2095 1535 2149 dies
1585 2095 1905 2163 septimana:
1948 2095 2016 2148 ab
2056 2109 2293 2162 evange-

707 2189 830 2240 lista
869 2187 1086 2242 Pascha}
1131 2189 1457 2257 praeparatio
1491 2189 1741 2260 dicitur?
1779 2188 1908 2257 Ejus
1944 2187 2025 2241 rei
2069 2202 2292 2242 causam

707 2282 806 2332 tibi
837 2283 1128 2348 perspicue
1159 2282 1470 2347 subjiciam.
1498 2280 1971 2346 Quemadmodum
1995 2279 2293 2334 Sabbattnn

706 2373 825 2424 dies
864 2372 1185 2441 septimana-
1213 2372 1484 2440 septimus
1511 2385 1615 2435 est,
1649 2383 1704 2427 et
1746 2373 2108 2426 nihilominus
2153 2371 2293 2426 Sab-

709 2467 895 2518 l:atuin
930 2476 1180 2526 vocatur,
1211 2466 1315 2520 hoc
1342 2475 1428 2519 est
1459 2467 1704 2534 requies.
1735 2476 1961 2534 propter
1995 2465 2292 2533 requietem

706 2573 813 2623 qua
844 2567 973 2610 tunc
1023 2558 1314 2625 quibusvis
1370 2558 1636 2626 operibus
1693 2557 2068 2629 abstinebant,
2119 2559 2291 2609 otium

703 2651 997 2718 agentibus
1029 2664 1096 2703 eo
1126 2649 1217 2703 die
1273 2650 1586 2718 mancipiis,
1641 2649 1906 2718 iumentis
1954 2656 2010 2700 et
2083 2646 2296 2701 ueteris

703 2742 985 2799 omnibus.
1015 2741 1097 2794 sic
1129 2741 1455 2809 praeparatio
1485 2741 1603 2793 dies
1624 2750 1708 2793 est
1737 2727 2056 2808 septimana:
2083 2749 2292 2799 sextus.

703 2831 1118 2902 etprteparatio
1155 2841 1449 2900 propterea
1503 2842 1878 2898 nuncupatur,
1929 2829 2075 2898 quod
2122 2831 2175 2883 in
2227 2845 2294 2883 eo

705 2923 881 2976 Judzei
919 2930 1231 2992 prreparent
1265 2923 1449 2976 omnia
1480 2923 1683 2990 quibus
1725 2920 1878 2974 usuri
1935 2937 2033 2990 per
2091 2921 2296 2974 Sabba—

705 3028 818 3070 tum
851 3026 1050 3081 erant;
1087 3031 1195 3085 quo
1234 3015 1324 3069 die
1357 3030 1460 3069 nec
1494 3015 1672 3084 ignem
1728 3013 2070 3067 accendendi
2118 3013 2294 3066 facul-

705 3120 868 3163 tatem
896 3109 1198 3172 habebant,
1234 3124 1334 3162 nec
1358 3107 1834 3177 congerendoruin
1867 3105 2162 3171 lignorum,
2193 3118 2294 3157 nec

2403 653 2503 706 την
2549 636 2712 689 αὐτὸν
2745 636 3221 698 ἀποδεικνύοντες.
3255 638 3336 698 εἰς
3367 635 3426 686 τὸ
3457 634 3835 702 σταυρωθῆναι
3872 647 3980 682 πα-

2402 728 2679 798 ραδίδωσι,
2732 725 3118 796 φραγγελλίοὶ;
3176 727 3443 796 πρότερον
3493 724 3759 794 μαστίξας
3788 723 3976 773 αὐτόν.

2401 819 2500 871 Διά
2548 818 2706 871 τοῦτο
2755 819 2852 870 καὶ
2884 819 3179 888 ’κολάσεως
3230 821 3259 870 ὁ
3295 817 3531 878 Πιλᾶτος
3560 816 3732 878 άξιος.
3761 814 3846 866 ὃτι
3879 811 3979 863 καὶ

2398 910 2696 979 δυνάμενος
2734 910 3006 964 ἀπολῦσαι
3062 911 3230 962 αὑτὸν
3280 905 3821 980 (σ’Ἑξουσίαν,γάρ,
3870 919 3979 971 φη·

2403 1003 2509 1066 σὶν,
2541 1001 2652 1070 ἔχω
2679 1001 2948 1054 ἀπολῦσαί
2977 1018 3058 1063 σε,
3092 1001 3188 1052 καὶ
3221 999 3470 1064 ἐξουσίαν
3513 997 3620 1066 ἔχω
3655 994 3977 1063 σταυρῶσαί

2403 1109 2461 1144 σε
2508 1094 2553 1162 ι)
2590 1091 2749 1145 τοῦτο
2793 1093 2894 1145 οὐκ
2947 1093 3195 1161 εποίησε,
3237 1093 3367 1153 τοὺς
3407 1089 3695 1149 Ἰουδαίους
3733 1089 3828 1140 καὶ
3870 1087 3978 1152 μά-

2397 1187 2555 1236 λιστα
2607 1181 2942 1250 πτοούμινος
2976 1181 3240 1248 λέγοντας
3261 1197 3276 1212 ·
3318 1199 3337 1230 ι
3374 1178 3503 1232 Ἐἀν
3534 1178 3724 1230 τοῦτον
3757 1175 3972 1228 ἀπολύ-

2403 1293 2523 1346 σῃς,
2562 1276 2661 1328 οὐκ
2702 1269 2754 1326 εἷ
2806 1275 2961 1340 φίλος
3009 1272 3103 1324 τοῦ
3143 1270 3449 1337 Καίσαρος.
3481 1283 3499 1320 δ
3535 1269 3654 1337 Ἐφ’
3677 1265 3837 1335 ᾢκαὶ
3870 1285 3974 1318 κα·-

2400 1367 2742 1436 τακρίνεται·
2778 1365 2873 1417 καὶ
2909 1365 3067 1431 δῆλον
3115 1363 3172 1428 ἐξ
3222 1357 3300 1416 ὧν
3347 1365 3374 1416 ὁ
3422 1363 3625 1432 Κύριος
3654 1361 3805 1428 ἔλεγε
3834 1359 3974 1428 πρὸς

2397 1458 2562 1513 αὐτόν
2589 1474 2600 1488 ·
2643 1475 2662 1508 ι
2710 1456 2772 1509 Ὀ
2826 1455 3154 1527 παραδιδούς
3207 1456 3274 1523 μέ
3323 1472 3404 1506 σοι
3440 1453 3662 1522 μείζονα
3692 1451 3974 1520 ἁμαρτίαν

2395 1552 2530 1620 ἔχει.
2567 1568 2584 1600 ι

2470 1641 2572 1694 Τὸν
2605 1642 2787 1711 μέντοι
2815 1639 3008 1708 καιρὸν
3048 1639 3076 1693 ὀ
3109 1637 3500 1707 εὖαγγελιστὴς
3528 1637 3782 1703 Ἰωάννης
3814 1653 3889 1688 πα
3901 1652 3933 1704 ρ
3953 1664 3973 1674 ο

2425 1734 2612 1794 ιστῶν,
2646 1734 2810 1800 ἡνίκα
2839 1735 2867 1784 ὁ
2901 1733 3132 1792 Πιλᾶτος
3179 1729 3448 1784 ἐκάθισεν
3495 1731 3574 1790 είς
3621 1730 3784 1781 τόπον
3815 1727 3972 1793 λεγό·

2400 1843 2559 1894 μενον
2591 1824 2991 1894 Λιθόστρωτον,
3030 1824 3117 1877 ἵνα
3145 1823 3306 1894 κρίνῃ
3339 1823 3406 1874 τὰ
3445 1822 3584 1875 κατά
3617 1823 3708 1873 τὸν
3737 1819 3974 1886 Ἰησοῦν,

2396 1917 2610 1981 ἔλεγεν·
2653 1935 2671 1966 ι
2709 1911 2819 1968 Ἦν
2869 1915 2928 1967 δὲ
2991 1918 3322 1983 παρασκευὴ
3373 1913 3468 1967 τοῦ
3525 1913 3736 1980 πάσχα,
3768 1911 3890 1979 ὥρα
3921 1913 3975 1963 δὲ

2395 2011 2530 2062 ὡσεὶ
2561 2011 2718 2078 ἕκτη.
2755 2027 2772 2058 ι
2807 2009 2908 2061 Διά
2930 2007 2981 2060 τί
3020 2008 3078 2060 δὲ
3110 2009 3142 2077 ἠ
3169 2008 3304 2076 ’ἐκτη
3334 2008 3432 2077 τῆς
3463 2007 3756 2072 ἑϐδομάδος
3789 2004 3975 2073 ἡμέρα

2397 2105 2722 2172 παρασκευὴ
2767 2102 2862 2152 τοῦ
2913 2099 3100 2168 πάσχα
3147 2099 3367 2166 λέγεται
3399 2099 3549 2167 παρὰ
3577 2098 3652 2166 τῷ
3685 2097 3977 2164 εὐαγγελι-

2398 2198 2497 2265 στῇ
2528 2192 2786 2266 Ἰωάννης
2831 2193 3019 2258 Σαφὴς
3054 2194 3087 2260 ὴ
3121 2192 3276 2245 αἰτία
3319 2209 3400 2243 σοι
3436 2193 3746 2260 πρόκειται.
3795 2189 3978 2243 Καθά-

2397 2305 2508 2355 περ
2542 2287 2650 2354 γάρ
2683 2288 2743 2338 τὸ
2784 2284 3062 2338 Σάϐϐατον
3097 2283 3303 2352 ἑϐδόμη
3331 2283 3429 2350 μὲν
3468 2284 3652 2352 ἡμέρα
3683 2282 3782 2350 τῆς
3819 2283 3978 2334 ἑϐδο-

2399 2380 2566 2448 μάδος
2623 2377 2763 2440 ἐστὶ,
2799 2377 3020 2446 λέγεται
3051 2376 3107 2428 δὲ
3137 2377 3288 2444 ὅμως
3328 2375 3604 2427 Σάὸδατον
3647 2376 3763 2444 ῆτοι
3807 2375 3979 2427 καινά⁴

2398 2484 2602 2528 παυσις
2640 2467 2728 2518 διὰ
2760 2466 2858 2534 τὴν
2912 2468 2970 2518 ὲν
3023 2465 3175 2535 αύτῷ
3222 2466 3530 2534 γενομένην
3586 2466 3691 2516 ἀπὸ
3755 2467 3978 2518 πάντων

2397 2558 2505 2609 τῶν
2550 2557 2727 2625 ἔργων
2754 2557 3099 2609 κατάπαυσιν
3123 2557 3264 2623 (τότε
3299 2557 3408 2626 γάρ
3437 2557 3601 2625 ἀργεῖ
3626 2559 3651 2608 ὁ
3673 2556 3883 2620 δοῦλος,
3918 2558 3978 2608 τὸ

2397 2647 2598 2716 κτῆνος
2624 2649 2721 2700 καὶ
2744 2646 2815 2698 τὰ
2839 2647 3004 2699 λοιπὰ,
3029 2647 3254 2711 πάντα),
3283 2646 3426 2700 οὕτω
3455 2649 3549 2700 καὶ
3579 2650 3613 2716 η
3647 2649 3977 2716 παρασκευὴ

2397 2742 2532 2809 ’ἐκτη
2569 2740 2668 2806 μὲν
2695 2722 2880 2808 ἡμέρα
2902 2738 3004 2807 τῆς
3041 2736 3335 2808 εὗδομάδος
3369 2739 3509 2800 ἐστὶ,
3535 2725 3759 2806 λέγεται
3789 2739 3845 2790 δὲ
3874 2757 3980 2791 πα-

2399 2833 2644 2902 ρασκευὴ
2709 2834 2798 2886 διὰ
2852 2832 2914 2884 τὸ
2975 2831 3425 2903 παρασκευάζειν
3479 2835 3573 2885 καὶ
3627 2828 3738 2885 οἷον
3801 2835 3980 2884 εἰπεῖν

2397 2925 2719 2991 ἑτοιμάζειν
2748 2926 2877 2986 τοὺς
2919 2923 3210 2986 Ἰουδαίους
3244 2925 3300 2975 ὲν
3336 2924 3472 2993 αὐτῇ
3515 2923 3584 2976 τὰ
3611 2923 3704 2976 τοῦ
3755 2924 3977 2976 Σαϐϐά-

2395 3035 2504 3072 του.
2544 3018 2632 3070 Ἐν
2673 3019 2823 3087 αύτῷ
2876 3018 2982 3087 γάρ
3033 3017 3157 3069 οὔτε
3229 3017 3343 3086 πῦρ
3389 3017 3524 3085 ἅψαι
3562 3017 3978 3086 συγχωροῦνται

2395 3109 2520 3162 οὒτε
2574 3109 2704 3173 ξύλα
2744 3109 2970 3172 συνάξαι
3026 3107 3154 3160 οὕτε
3215 3108 3286 3160 τὰ
3338 3109 3475 3177 πρὸς
3524 3111 3730 3178 τροφὴν
3787 3109 3981 3167 ἁπλῶς

703 3203 860 3254 cibos
896 3200 1035 3253 adeo
1067 3214 1310 3267 coquere
1341 3199 1564 3251 licebat.
1603 3197 1736 3262 Quae
1781 3196 1966 3250 omnia
1997 3195 2146 3265 quod
2203 3195 2287 3247 die

2401 3202 2704 3270 ἑτοιμάσαι.
2757 3199 2949 3252 Ταῦτα
2992 3197 3181 3251 λοιπὸν
3230 3200 3262 3267 ή
3297 3198 3436 3265 ’ἐκτη
3471 3199 3981 3269 παρασκευάζουσα

702 3302 858 3345 sexto
895 3301 1316 3360 appararentur,
1375 3307 1578 3343 nomen
1614 3290 1706 3342 ille
1741 3289 2155 3358 pra-parationis
2189 3301 2281 3339 ac-

701 3385 872 3454 cepit.
908 3385 1079 3453 Igitur
1105 3399 1230 3437 cum
1285 3383 1526 3438 Joannes
1555 3382 1891 3452 evangelista
1947 3380 2092 3434 diem
2145 3381 2286 3433 hunc

701 3476 1157 3543 prmparationcm
1230 3472 1451 3526 Pascha:
1529 3481 1728 3533 vocat,
1804 3480 1990 3540 aperte
2048 3471 2289 3524 ostendit

701 3567 924 3620 ,Ιιιύωυε
965 3582 1032 3619 eo
1072 3578 1315 3634 tempore
1346 3581 1402 3619 se
1430 3565 1497 3618 ad
1548 3564 1774 3619 Pascha:
1814 3564 2012 3617 festum
2045 3577 2110 3616 ex
2145 3577 2286 3631 pra:-

701 3661 910 3726 scripto
993 3657 1128 3726 legis
1191 3671 1550 3727 przeparassc.
1602 3655 1821 3724 Quippe
1891 3667 2014 3724 post
2096 3653 2287 3706 horam

705 3761 956 3814 sextam,
1012 3750 1100 3803 die
1173 3749 1376 3803 mensis
1412 3757 1612 3817 quarto
1669 3747 1923 3809 decimo,
1979 3746 2288 3799 fermentati

702 3859 872 3912 panes
901 3857 1096 3896 omnes
1127 3843 1251 3910 igne
1287 3839 1630 3894 concremati
1666 3853 1696 3892 e
1745 3839 1927 3892 medio
1960 3837 2292 3891 tollebantur

700 3946 758 3988 ct
791 3933 1165 3987 inlermentati
1210 3931 1277 3984 dc
1314 3946 1466 3984 more
1501 3929 1972 3998 praeparabantur.
2005 3926 2135 3993 Quae
2165 3943 2290 3980 cum

711 4029 785 4080 ita
822 4027 958 4089 sint,
991 4025 1284 4079 manifesto
1310 4025 1443 4078 licet
1477 4021 1800 4090 intelligere,
1853 4019 1906 4072 id
1939 4019 2084 4087 quod
2135 4017 2298 4072 Chriu

704 4128 824 4170 stus
856 4116 1147 4184 discipulis
1183 4125 1439 4185 porrecto
1475 4130 1618 4183 pane
1654 4129 1717 4168 ac
1747 4115 1876 4166 vino
1911 4113 2127 4166 dederit
2175 4113 2289 4180 ipsa

707 4225 920 4278 magna:
950 4211 1158 4278 quinta:
1191 4209 1343 4262 leriae
1380 4201 1634 4276 vespera,
1667 4211 2051 4260 ternientatum
2083 4204 2292 4258 fuisse:

702 4305 910 4372 quippe
972 4302 1212 4355 necdum
1284 4301 1336 4353 id
1393 4309 1612 4368 tempus
1666 4299 1993 4368 appetierat,
2041 4313 2151 4366 quo
2185 4312 2294 4350 non

707 4396 1061 4449 Ierincntatis
1102 4394 1342 4464 panibus
1371 4393 1637 4447 utendum
1697 4400 1864 4455 esset,
1902 4400 1960 4444 ut
2013 4390 2294 4444 hominum

707 4489 906 4558 \ulgus
970 4489 1275 4541 existimat.
1336 4485 1538 4538 Eorum
1590 4495 1646 4537 tu
1715 4484 2064 4537 sermonibus
2117 4483 2297 4535 valere

2398 3291 2726 3361 παρασκευὴ
2773 3290 3220 3358 κατωνόμασται.
3263 3287 3322 3343 '0
3362 3289 3543 3342 τοίνυν
3577 3290 3982 3358 εὐαγγελιστὴς

2399 3386 2658 3454 Ἰωάννης
2687 3385 3045 3455 παρασκευὴν
3078 3382 3173 3435 τοῦ
3200 3383 3394 3452 Πάσχα
3421 3383 3520 3452 τὴν
3553 3382 3810 3450 τοιαύτην
3841 3382 3982 3449 ἠμέ-

2402 3486 2512 3546 ραν
2530 3478 2773 3539 καλέσας
2822 3475 2991 3540 ἔδειξε
3029 3479 3325 3543 προφανῶς
3356 3477 3440 3528 ὅτι
3475 3474 3702 3544 πρώτην
3731 3474 3830 3526 τοῦ
3871 3474 3982 3526 Πά⁹

2400 3589 2503 3640 σχα
2553 3568 2860 3640 τηνικαῦτα
2897 3567 3382 3638 παρεσκευάζοντο
3423 3567 3619 3637 ἑορτὴν
3656 3568 3706 3619 οί
3732 3566 3982 3618 Ἰουδαῖοι

2399 3668 2541 3716 κατὰ
2571 3662 2668 3730 τὴν
2700 3660 2794 3713 τοῦ
2825 3661 2992 3730 νόμου
3029 3660 3295 3724 διάταξιν·
3339 3660 3448 3712 ἀπὸ
3474 3661 3583 3726 γὰρ
3622 3659 3791 3728 ἕκτης
3831 3658 3985 3730 ὥρας

2399 3758 2496 3824 τῆς
2537 3753 3145 3823 τεσσαρεσκαιδεκάτης
3200 3752 3298 3822 τῆς
3365 3752 3594 3820 σελήνης
3622 3752 3842 3821 ἡμέρας
3874 3753 3982 3812 πᾶς

2405 3851 2504 3918 μὲν
2533 3849 2789 3918 ζυμωτὸς
2831 3845 2993 3913 ἄρτος
3049 3848 3182 3913 πυρὶ
3235 3847 3526 3912 καιόμενος
3557 3843 3879 3912 ἠφανίζετο,
3915 3845 3986 3896 τά

2401 3943 2458 3994 δέ
2488 3959 2551 4009 γε
2587 3943 2772 4010 ἄζυμα
2805 3940 2949 3992 κατά
2979 3940 3040 3992 τδ
3069 3938 3260 3999 εἰωθὸς
3282 3936 3600 4006 ἡτοίμαζον.
3636 3937 3698 3988 Et
3730 3936 3985 3988 δὲταῦτα

2403 4035 2576 4098 οὓτως
2619 4034 2756 4102 ἔχει,
2811 4032 3066 4101 φαίνεται
3114 4029 3413 4100 προφανῶς
3468 4029 3553 4081 ὅτι
3615 4027 3678 4079 τὸ
3720 4028 3876 4080 δοθὲν
3917 4029 3985 4079 δι’

2402 4127 2569 4197 ἄρτου
2617 4128 2711 4178 καὶ
2767 4125 2914 4178 οίνου
2961 4126 3114 4193 παρὰ
3166 4122 3405 4193 Χριστοῦ
3444 4121 3586 4175 κατὰ
3621 4123 3723 4191 την
3750 4121 3854 4187 τῆς
3893 4139 3989 4190 με-

2404 4219 2577 4288 γάλης
2609 4220 2868 4288 πέμπτης
2905 4218 3149 4285 ἑσπέραν
3193 4215 3428 4284 ἐνζυμον
3456 4209 3545 4284 ἦν,
3580 4215 3661 4265 δτι
3704 4213 3842 4282 μηδὲ
3868 4230 3989 4264 και-

2408 4312 2503 4380 pe;
2560 4309 2789 4377 ἀζύμων
2820 4309 3087 4376 ἐτύγχανε
3117 4307 3239 4359 τότε
3270 4307 3412 4359 κατά
3460 4305 3557 4375 τὴν
3583 4305 3692 4357 τῶν
3720 4307 3988 4356 πλειόνωι

2410 4403 2707 4471 ὑπόληψιν.
2754 4402 2924 4466 Ἀφες
2969 4400 3156 4452 λοιπὸν
3215 4401 3344 4462 τοὺς
3375 4399 3484 4450 τῶν
3522 4397 3738 4450 πολλῶν
3771 4400 3986 4462 λόγουςς

2408 4494 2503 4546 καὶ
2533 4493 2598 4559 τῇ
2650 4489 2950 4558 ἀκολουθίᾳ
2983 4489 3094 4539 τῶν
3146 4487 3310 4556 ἱερῶν
3340 4486 3540 4554 λογίων
3572 4485 3837 4554 πρόσεχε.
3865 4485 3989 4537 Ὀτι

697 4581 878 4650 jussis
925 4581 1092 4636 seriei
1140 4595 1426 4635 sacrorum
1454 4578 1800 4631 oraculorum
1850 4576 2134 4629 inhrereto.
2167 4574 2293 4628 Nam

2411 4585 2510 4655 μὲν
2553 4584 2660 4652 γάρ
2708 4581 2849 4634 κατὰ
2905 4581 3004 4650 τὴν
3052 4581 3294 4648 ἑσπέραν
3343 4581 3444 4647 τῆς
3495 4577 3745 4647 μεγάλης
3802 4594 3989 4646 παρα-

703 4672 850 4744 quod
886 4691 1097 4744 magna:
1137 4674 1360 4742 quidem
1415 4670 1836 4739 prmparationis
1880 4683 2130 4737 vespera,
2189 4683 2298 4720 non

701 4781 888 4823 autem
963 4784 1178 4837 magna:
1247 4766 1455 4835 quintae
1533 4763 1682 4817 ferite
1759 4764 2081 4816 mactandos
2136 4761 2300 4813 fuerit

702 4875 879 4929 agnus
909 4900 921 4923 ,
954 4875 1082 4913 cum
1118 4859 1244 4911 aliis
1275 4856 1466 4910 multis
1495 4870 1560 4907 ex
1588 4854 1928 4923 argumentis
1958 4853 2138 4923 colligi
2177 4869 2300 4921 per-

698 4955 899 5022 spicue
969 4965 1172 5020 potest,
1215 4963 1328 5003 tum
1388 4965 1516 5002 vero
1572 4948 1624 5000 in
1659 4947 1851 5016 primis
1908 4963 1974 5000 ex
2028 4948 2134 5000 illis
2178 4961 2300 5014 qum

705 5061 855 5097 nunc
914 5041 1212 5095 iudicaturi
1277 5053 1490 5092 sumus.
1554 5036 1703 5090 Diem
1763 5038 1940 5097 illum,
1977 5038 2080 5091 sub
2138 5038 2296 5105 cujus

706 5150 991 5204 \cspcram
1021 5133 1228 5188 Pascha
1263 5131 1629 5192 mactabatur,
1664 5139 1720 5183 et
1772 5130 2290 5183 inl'erinentatorum

704 5244 907 5298 panum
938 5228 1108 5289 diem,
1150 5233 1207 5279 et
1245 5224 1615 5277 consimiliter
1648 5225 1812 5277 etiam
1868 5223 2087 5276 Pascha:
2139 5221 2298 5277 voea-

704 5321 835 5373 bulo
859 5319 1144 5388 appellare
1178 5317 1453 5380 solebant,
1495 5316 1761 5368 nimirum
1797 5315 1866 5368 ab
1891 5316 2010 5384 ejus
2043 5330 2290 5383 vespera.

703 5411 836 5465 Nam
877 5411 1007 5482 quia
1044 5409 1390 5462 mactabatur
1423 5423 1596 5477 agnus
1630 5417 1684 5460 et
1732 5407 2103 5461 infernientati
2134 5421 2299 5476 panes

705 5504 1151 5557 comcdcbantur
1210 5501 1326 5569 ipsa
1386 5500 1493 5552 dici
1553 5499 1753 5552 decimi
1804 5500 1986 5567 quarti
2046 5513 2300 5566 vespera.

702 5600 918 5653 idcirco
953 5598 1122 5649 ctiam
1183 5595 1305 5648 dies
1357 5593 1448 5648 hic
1477 5603 1712 5662 quartus
1746 5593 1996 5647 decimus
2029 5602 2141 5644 tum
2198 5592 2305 5647 Pa-

704 5696 872 5754 schu‘,
908 5700 1024 5744 tum
1069 5693 1402 5760 Azymorutu
1450 5703 1651 5742 nomen
1687 5687 1946 5742 habebat.
1983 5685 2089 5740 llas
2120 5693 2302 5738 autem

779 5876 826 5905 ⁵ί⁵
854 5875 1012 5930 Joau.
1046 5888 1163 5936 XIX,
1212 5873 1272 5926 10
1304 5887 1458 5941 seqq.

2407 4675 2612 4741 σκευῆς
2639 4713 2655 4737 ,
2706 4674 2769 4726 οὐ
2808 4672 2915 4743 μὴν
2950 4674 3008 4724 ὲν
3047 4674 3113 4741 τῇ
3171 4672 3388 4740 μεγάλῃ
3424 4671 3650 4739 πέμπτη
3697 4669 3937 4736 τυθῆναι
3964 4669 3993 4719 ὁ

2403 4767 2575 4838 ἀμνὸς
2634 4766 2859 4835 ἔμελλε,
2914 4764 3074 4832 δῆλον
3121 4763 3220 4830 μὲν
3267 4764 3359 4814 καὶ
3404 4761 3462 4828 ἐξ
3514 4748 3691 4814 ἀλλων
3744 4761 3989 4820 πολλῶν,

2405 4863 2503 4926 οὐχ
2555 4853 2722 4924 ἦττον
2778 4856 2834 4907 δὲ
2892 4857 2988 4907 καὶ
3024 4856 3087 4907 ἐκ
3129 4854 3240 4907 τῶν
3275 4855 3377 4924 ήδη
3439 4853 3843 4923 ῥηθησομένων
3887 4869 3990 4903 om.

2407 4947 2518 5018 Τὴν
2548 4949 2760 5016 ἡμέραν
2800 4946 3018 5015 ἐκείνην
3057 4941 3123 5017 ἧς
3157 4948 3224 5014 τῇ
3255 4945 3466 5014 ἑσπέρα
3505 4944 3566 4995 τὸ
3601 4945 3800 5010 Πάσχα
3839 4942 3992 4995 ἐθύε-

2407 5060 2493 5102 το,
2529 5042 2626 5093 καὶ
2673 5039 2902 5110 ἀζύμων
2946 5037 3163 5108 ἡμέραν
3198 5039 3294 5088 καὶ
3342 5037 3534 5105 Πάσχα
3563 5037 3771 5105 ὁμοίως
3806 5035 3994 5086 καλεῖν

2407 5135 2663 5186 εἰώθασιν
2698 5133 2805 5186 ἀπὸ
2844 5132 2943 5198 τῆς
2976 5131 3217 5200 ἑσπέρας
3249 5130 3465 5189 πάντως
3510 5130 3703 5197 αὑτῆς
3751 5130 3850 5178 καὶ
3890 5127 3996 5192 γάρ

2399 5226 2488 5278 διὰ.
2518 5226 2578 5276 τὸ
2617 5225 2709 5277 τὸν
2741 5223 2914 5291 ἀμνὸν
2941 5221 3168 5274 θύεσθαι
3202 5222 3298 5273 καὶ
3351 5220 3418 5272 τὰ
3475 5219 3666 5287 ἄζυμα
3707 5217 3993 5270 ὲσθίισθαι

2405 5318 2471 5386 τῇ
2503 5316 2717 5384 ἑσπέρᾳ.
2745 5314 2844 5382 τῆς
2877 5313 3507 5382 τεσσαρεσκαιδεκάτης,
3535 5312 3681 5364 κατά
3708 5310 3876 5363 τοῦτο
3902 5311 4000 5362 καὶ

2409 5410 2442 5477 ἡ
2488 5408 2545 5459 ιδ’
2581 5406 2722 5476 αὕτη
2761 5409 2855 5458 καὶ
2889 5406 3080 5475 Πάσχα
3117 5405 3213 5457 καὶ
3263 5403 3492 5470 ἀζύμων
3528 5401 3714 5472 ἡμέρα
3745 5402 3994 5469 ἐλέγετο.

2412 5497 2601 5552 Ταῦτα
2626 5497 2680 5550 δὲ
2720 5500 2788 5550 τὰ
2816 5498 3060 5564 ὀνόματα
3094 5499 3187 5550 καὶ
3221 5497 3322 5565 τὴν
3351 5493 3598 5564 μεγάλην
3631 5493 4000 5563 παρασκευὴν

2415 5591 2765 5660 κεκτημένην
2811 5590 3166 5658 εὑρίσκομεν.
3200 5588 3313 5640 Καὶ
3343 5574 3673 5656 πρόσσχες,’
3692 5588 3741 5638 εἰ
3790 5584 4000 5652 βούλει.

2417 5685 2530 5746 τοῖς
2568 5681 2908 5752 λεγομένοις.
2969 5679 3170 5751 Πρώτη
3218 5679 3326 5732 τῶν
3395 5679 3625 5749 ἀζύμων
3665 5677 3909 5746 λέγεται
3968 5681 4001 5746 ἡ
