4212 6448
219 387 327 454 L13

1453 376 1854 447 ANNALIUM
1894 388 2086 447 PARS
2126 387 2238 447 III.

3335 387 3447 450 ιιι

228 498 444 570 μεγάλη
479 498 705 568 πέμπτη
753 501 828 561 ὡς
870 502 975 569 πρδ
1003 497 1111 550 τῶν
1150 494 1380 566 ἀζύμων
1408 493 1562 551 οὖσα.
1608 498 1792 551 Καθά-

1910 499 2292 567 appellationes
2323 505 2377 551 et
2440 509 2644 568 magnae
2688 498 3101 569 pratparationis
3124 499 3230 555 dici
3286 496 3449 556 tribui

208 606 329 662 περ
366 591 475 662 γὰρ
527 594 556 644 ὁ
608 592 833 659 Μάρκος
861 589 961 659 τὴν
994 587 1345 657 παρασκευὴν
1404 588 1783 657 προσάϐὁατον

1910 589 2065 643 ιοιετε
2094 589 2258 658 218
2282 588 2762 656 deprehendimus.
2812 591 2880 644 Et
2911 592 3171 653 animum,
3208 592 3254 645 si
3287 593 3446 655 libet,

224 684 410 750 ἔλεγεν
448 682 523 744 ὡς
564 681 732 735 οὖσαν
766 681 873 752 πρὸ
920 681 1013 735 τοῦ
1046 681 1348 743 Σαὸὄάτου,
1380 679 1522 733 οὓτω
1561 680 1658 735 καὶ
1686 680 1785 751 τὴν

1910 682 1954 734 is
1972 681 2243 734 advertito
2269 694 2389 748 quae
2417 679 2615 734 dicturi
2650 682 3094 748 sumus._Primus
3122 684 3448 751 Azymorum

230 772 474 841 μεγάλην
513 771 773 840 πέμπτην
825 772 1050 842 πρώτην
1100 771 1209 824 τῶν
1268 772 1495 840 ἀζύμων
1550 772 1700 841 λέγει
1759 773 1787 825 ὀ

1910 769 2004 824 lies
2056 780 2287 824 vocatur
2340 785 2531 838 magna
2596 771 2786 840 quinta
2848 770 3005 831 feria,
3064 780 3124 824 ut
3162 773 3254 840 qui
3306 773 3451 825 diem

225 863 511 926 Ματθαῖος
561 862 637 924 ὡς
675 860 782 930 πρδ
812 862 920 914 τῶν
973 862 1201 932 ἀζύμων
1231 858 1420 927 οὖσαν,
1452 864 1597 918 καθά
1626 881 1789 933 φησιν

1910 861 2219 932 lzymorum
2271 861 2521 930 proxime
2560 861 2925 915 antecederet.
2982 859 3453 926 Quemadmodum

224 955 252 1004 ὁ
312 952 413 1022 τὴν
463 951 712 1021 γλῶτταν
751 950 989 1020 χρυσοῦς
1015 967 1030 983 ο
1070 970 1087 1003 ι
1124 952 1236 1022 Τὴν
1271 954 1514 1024 μεγάλην
1563 956 1788 1023 ἐνέφηνε

1910 950 2035 1004 :nim
2078 951 2290 1006 Marcus
2334 967 2542 1020 magna:
2592 951 3009 1021 praeparationis
3043 951 3186 1006 diem
3236 957 3455 1007 vocavit

156 1044 167 1050 ’
224 1045 447 1106 πάντως
477 1045 857 1113 παρασκευήν.
899 1061 916 1095 ι
966 1042 1201 1112 Ὁμοίως
1252 1044 1308 1095 δὲ
1361 1045 1455 1097 καὶ
1503 1045 1787 1110 ὁΛουκᾶς,

1893 1048 2018 1093 ante
2049 1038 2368 1105 Sabbatum,
2393 1043 2472 1097 uti
2511 1058 2630 1112 quae
2665 1042 2960 1096 Sabbatum
2994 1042 3347 1109 praecederet,
3376 1046 3455 1098 sic

227 1134 405 1188 ἐλθεῖν
463 1133 660 1201 λέγων,
699 1133 979 1187 τουτέστιν
1016 1134 1324 1202 ὴγγικὲναι,
1376 1133 1473 1202 τὴν
1522 1132 1630 1185 τῶν
1664 1134 1795 1197 ἀζύ-

1910 1139 1947 1185 ιι
1984 1146 2230 1202 magnam
2264 1134 2406 1188 illam
2430 1134 2676 1203 quintam
2699 1133 2886 1187 feriam
2912 1133 3197 1188 Matthzeus
3226 1135 3452 1203 primam

229 1243 351 1294 μων
374 1226 613 1295 ἡμέραν,
645 1226 713 1279 τά
760 1224 900 1281 αὐτὰ
936 1225 1012 1293 τῷ
1049 1224 1314 1294 Ματθαίῳ
1347 1225 1588 1295 ᾐνίξατο.
1636 1225 1794 1278 Ἀλλά

226 1319 321 1367 καὶ
358 1317 386 1368 ὁ
424 1316 697 1387 Ἰωάννης,
743 1316 851 1386 πρὸ
902 1314 1002 1383 τῆς
1054 1316 1246 1385 ἑορτῆς
1283 1316 1377 1368 τοῦ
1422 1316 1610 1385 Πάσχα
1643 1316 1796 1383 γενέο

227 1406 360 1460 σθαι
382 1406 555 1474 λέγων
582 1406 645 1459 τὸ
676 1406 912 1473 δεῖπνον,
948 1406 1114 1476 αὐτὴν
1143 1402 1263 1460 εἷπε
1285 1408 1384 1477 τὴν
1413 1407 1791 1479 παρασκευὴν,

233 1497 332 1549 καὶ
368 1497 592 1565 δηλοῦσι
626 1498 693 1551 τὰ
732 1499 871 1566 μετὰ
922 1495 1114 1549 ταῦτα’
1152 1496 1302 1563 λέγει
1334 1499 1440 1566 γάρ
1464 1513 1478 1527 ο
1522 1515 1539 1547 ι
1575 1496 1686 1549 Καὶ
1710 1497 1824 1561 αὑ-⁸

229 1588 323 1639 τοὶ
377 1588 480 1640 οὐκ
530 1587 784 1656 εἰσῆλθον
813 1588 899 1641 ἵνα
943 1588 1017 1657 μὴ
1076 1586 1397 1656 μιανθῶσιν,
1431 1586 1547 1641 ἀλλ’
1578 1588 1664 1639 ἵνα
1694 1586 1798 1654 φά-

225 1693 370 1743 γωσι
398 1678 460 1730 τὸ
514 1677 740 1747 Πάσχαο
781 1696 800 1729 ι
832 1677 929 1729 xal
979 1673 1157 1742 αὖθις,
1192 1693 1213 1727 ι
1254 1677 1413 1729 Ἐστι
1448 1676 1506 1730 δὲ
1535 1677 1799 1745 συνήθεια

1897 1226 2225 1295 Azymorum
2255 1224 2414 1288 dixit,
2448 1225 2524 1279 uti
2557 1240 2678 1294 quae
2704 1224 3033 1296 Azymorum
3062 1226 3178 1281 dies
3208 1227 3455 1295 proxime

1897 1313 2255 1368 antecederet
2326 1333 2339 1368 :
2396 1315 2474 1369 sic
2522 1315 2670 1368 enim
2735 1329 2902 1368 aurea
2957 1315 3139 1384 lingua
3198 1315 3460 1393 praeditus

1895 1411 2081 1457 orator
2108 1404 2333 1475 colligit.
2367 1403 2570 1459 Eodem
2628 1403 2793 1458 modo
2839 1403 3015 1457 Lucas
3060 1406 3222 1458 etiam
3270 1404 3462 1458 dicens

1897 1492 2244 1559 adventasse,
2279 1494 2383 1563 hoc
2433 1504 2517 1549 est
2572 1495 2863 1563 appetiisse
2919 1494 3062 1548 diem
3112 1496 3459 1565 Azymorum.

1899 1584 2211 1653 signiﬁcare
2270 1600 2501 1653 prorsus
2563 1584 2705 1650 idem
2740 1583 2885 1652 quod
2942 1583 3226 1638 Mattha’us
3273 1584 3463 1637 voluit.

1900 1674 2145 1744 Denique
2169 1673 2408 1728 Joannes
2441 1690 2563 1733 cum
2602 1682 2729 1729 ante
2763 1672 2986 1728 Pascha:
3016 1674 3214 1728 festum
3254 1689 3465 1728 cautam

231 1764 366 1833 ὑμῖν
411 1765 498 1817 ενα
532 1765 632 1819 ἕνα
683 1765 813 1835 ὑμῖν
862 1764 1121 1819 ἀπολύσω
1153 1767 1213 1817 ἑν
1242 1765 1319 1835 τῷ
1355 1766 1623 1836 πάσχατι,
1664 1785 1682 1818 ›
1718 1764 1796 1834 τῷ

1910 1775 2177 1836 peractam
2233 1765 2445 1828 scribit,
2485 1766 2629 1819 diem
2663 1766 3078 1835 prmparationis
3107 1765 3215 1819 hoc
3247 1765 3470 1819 Pascha“.

233 1855 579 1924 ὲνισταμένῳ
606 1844 833 1925 δηλαδή.
861 1855 1021 1909 Ἀλλά
1051 1856 1146 1908 καὶ
1177 1855 1266 1907 τὸν
1296 1857 1490 1925 καιρὸν
1514 1855 1796 1925 παριστῶν

227 1948 395 2016 ἡνίκα
424 1948 452 1998 ὁ
481 1948 715 2011 Πιλᾶτος
755 1948 1013 2001 ἐκάθισεν
1042 1949 1123 2010 είς
1155 1947 1319 2001 τόπον
1348 1948 1469 2001 τινὰ
1492 1948 1799 2021 Λιθόστρω-

227 2057 325 2093 τον
390 2040 709 2111 λεγόμενον,
745 2040 890 2095 οὕτω
947 2038 1114 2109 φησίν
1138 2057 1153 2072 ⁸
1188 2058 1207 2092 ι
1240 2035 1347 2094 Ἦν
1379 2040 1437 2094 δὲ
1471 2042 1798 2113 παρασκευὴ

225 2132 326 2185 τοῦ
361 2115 584 2201 Πάσχα,
609 2132 726 2203 ὥρα
780 2132 837 2185 δὲ
870 2132 1000 2185 ὡσεὶ⁵
1028 2132 1184 2204 ἕκτη.
1218 2152 1238 2186 ι
1273 2116 1385 2189 Kal
1424 2133 1798 2205 παρακατιὼν,

234 2243 259 2275 ς
286 2220 401 2278 Ἦν
428 2225 534 2295 γάρ
576 2226 785 2295 μεγάλη
817 2227 849 2297 ἡ
880 2224 1062 2297 ἡμέρα
1105 2227 1286 2297 ἑκείνη
1315 2226 1410 2278 τοῦ
1442 2226 1741 2281 Σαὸσάτου.
1778 2246 1797 2279 ι

232 2314 503 2385 Μεγάλην
534 2315 590 2369 δὲ
638 2317 810 2386 αὐτὴν
867 2316 968 2368 οὐκ
1025 2316 1093 2368 ἂν
1141 2315 1325 2379 ἄλλως,
1368 2315 1625 2370 ἐκάλεσεν
1650 2317 1698 2369 εί
1729 2319 1801 2387 μή

236 2423 347 2460 που
409 2407 711 2460 συνέπιπτε
770 2405 848 2473 τῷ
881 2405 1152 2478 Σαΰὸάτῳ
1183 2408 1377 2479 ἑκείνῳ
1408 2409 1441 2479 ἠ
1476 2407 1663 2478 πρώτη
1695 2409 1805 2463 τῶν

234 2498 468 2567 ἀζύμων
489 2499 696 2568 ἡμέρα,
724 2499 759 2568 ἡ
787 2499 880 2551 καὶ
906 2498 1039 2567 άγία
1074 2499 1224 2570 παρὰ
1256 2499 1332 2568 τῷ
1363 2499 1515 2569 νόμῳ
1543 2499 1808 2569 καλουμέ-

232 2606 329 2659 νη.
386 2587 574 2641 Ταῦτα
625 2588 682 2641 δὲ
742 2588 923 2656 πάντα
974 2588 1164 2657 σαφῶς
1225 2589 1663 2659 ύπεμφαίνουσιν
1710 2591 1807 2643 -ὃτι

232 2680 385 2733 κατὰ
409 2680 512 2745 τὴν
545 2680 909 2749 παρασκευὴν
940 2681 1158 2747 ἐκείνην
1216 2680 1453 2750 ἑσπέρας
1509 2681 1805 2750 ὁμολογου-

235 2769 423 2836 μένως
455 2766 517 2819 τὸ
567 2767 761 2837 Πάσχα
794 2767 1001 2821 ἐθύετο.
1035 2769 1135 2821 Διὰ
1166 2768 1269 2839 γὰρ
1298 2768 1455 2822 τοῦτο
1493 2770 1586 2822 καὶ
1626 2788 1808 2841 παρα-

238 2858 450 2928 σκευὴν
483 2857 576 2911 τοῦ
611 2858 800 2929 Πάσχα
849 2856 1001 2913 εἶπεν
1032 2860 1200 2929 αὐτὴν
1248 2858 1323 2922 ὡς
1360 2843 1806 2932 παρασκεύάξου-

234 2966 343 3004 σαν
377 2951 446 3003 τὰ
472 2949 564 3002 τοῦ
597 2951 949 3019 ἐνισταμένου
1002 2951 1219 3013 πάντως⁵
1252 2951 1461 3020 Πάσχα.
1502 2952 1685 3021 Χωρὶς
1717 2950 1811 3004 οῦν

166 3047 177 3054 ’
233 3042 551 3107 ἀντιλογίας
600 3044 658 3095 ἑν
685 3040 750 3112 τῇ
793 3043 1007 3112 ἑσπέρᾳ
1042 3044 1291 3110 φαίνεται
1320 3046 1418 3112 τῆς
1459 3043 1810 3113 παρασκευῆς

232 3135 303 3186 τὸ
338 3136 531 3204 Πάσχα
585 3134 851 3200 γίνεσθαι.
885 3134 947 3186 Et
983 3134 1057 3204 μὴ
1091 3134 1198 3204 γὰρ
1242 3134 1399 3186 τοῦτο
1428 3131 1518 3204 ἦν,
1563 3135 1664 3187 οὐκ
1690 3134 1754 3186 ἂν
1784 3136 1811 3185 ὁ

234 3319 345 3370 οὐκ
395 3317 644 3385 εἰσῆλθον
680 3319 758 3380 είς
789 3318 850 3369 τὸ
880 3317 1217 3387 πραιτώριον
1247 3316 1334 3369 ἴνα
1367 3318 1441 3386 μὴ
1479 3316 1805 3386 μιανθῶσιν,

235 3412 358 3464 ἀλλ’
392 3414 482 3464 ἵνα
512 3412 730 3479 φάγωσι
760 3411 821 3462 τὸ
860 3410 1070 3480 Πάσχα.
1100 3428 1118 3461 ι
1146 3410 1257 3460 Kal
1289 3409 1581 3478 πρόσσχες,
1616 3409 1665 3459 εί
1691 3408 1813 3477 βού-

231 3506 347 3569 λει,
382 3504 460 3572 τῷ
510 3504 733 3571 μεγάλῳ
770 3503 1024 3573 Κυρίλ).ῳ
1055 3502 1161 3571 πρὸ
1193 3500 1303 3554 τῶν
1338 3500 1512 3553 ἄλλων
1546 3502 1815 3570 ἐπισφρα-

234 3596 451 3663 γίζοντι
485 3598 553 3648 τὰ
603 3596 829 3653 τοιαῦεα
872 3601 964 3647 καὶ
1000 3595 1214 3659 λέγοντι
1267 3594 1349 3645 ὅτι
1400 3592 1492 3644 τὸν
1537 3592 1709 3644 τύπον
1737 3608 1817 3643 τι-

240 3687 461 3757 μῶντες
509 3688 627 3757 ἦτοι
666 3686 727 3739 τὸ
767 3686 1059 3755 πρίὸατον,
1099 3685 1396 3737 κάντεῦθεν
1437 3684 1702 3736 εἰσελθεῖν
1736 3685 1816 3746 είς

233 3781 306 3831 τὸ
358 3779 698 3848 πραιτώριον
747 3779 809 3831 οὺ
864 3775 1318 3847 προαιρούμενοι,
1376 3777 1478 3842 τὴν
1547 3774 1814 3844 ἀλήθειαν

240 3871 415 3925 αὑτὸν
445 3871 538 3924 τὸν
571 3870 809 3939 Χριστὸν
870 3868 1125 3936 ὕϐριζον·
1162 3867 1390 3936 ἔμελλον
1417 3867 1524 3936 γὰρ
1557 3865 1710 3918 θύειν
1758 3865 1820 3918 τὸ

242 3963 446 4030 Πάσχα
498 3962 640 4015 κατά
694 3960 786 4012 τὸν
844 3960 1008 4029 νόμον
1072 3957 1164 4010 τὸν
1224 3957 1389 4026 μηδὲν
1449 3958 1581 4025 παρ’
1634 3957 1819 4019 αὐτοῖς

245 4055 531 4123 ἰσχύοντα.
559 4053 694 4105 Είδὲ
730 4050 904 4103 ταῦτα
931 4050 1103 4112 οὕτως
1131 4051 1269 4117 ἔχει,
1304 4049 1666 4118 ματαιάζουσι
1690 4066 1822 4117 προ-

188 4204 191 4207 ,
242 4142 437 4210 φανῶς
464 4143 513 4193 οί
542 4141 791 4208 λέγοντες
821 4141 903 4192 ὅτι
941 4140 1079 4191 κατὰ
1105 4139 1207 4207 τὴν
1244 4137 1486 4205 ἑσπέραν
1511 4137 1610 4207 τῆς
1644 4137 1818 4206 μεγά-

245 4236 353 4300 λης
386 4235 646 4302 πέμπτης
676 4232 738 4283 τὺ
761 4232 995 4284 τυπικὶν
1019 4229 1260 4281 ἐσθίεται
1292 4229 1584 4299 πρόϐατονο
1616 4229 1684 4282 τὰ
1711 4228 1821 4298 γὰρ

248 4326 446 4393 ἄζυμα
518 4324 786 4392 συστῆσαι
865 4320 1297 4391 φιλονεικοῦντες
1380 4322 1822 4388 παραχαράττειν

242 4414 595 4485 ἐπιχειροῦσι
650 4412 965 4473 κακοθελῶς
1009 4412 1106 4482 τὴν
1154 4412 1435 4478 ἀλήθειαν.
1467 4411 1576 4462 Καὶ
1608 4410 1684 4479 μή
1733 4427 1822 4479 μοι

1897 1856 2166 1912 vocabulo
2205 1856 2447 1911 denotat.
2484 1858 2634 1913 Licet
2662 1858 2767 1913 hoc
2803 1858 2869 1913 de
2898 1859 3083 1913 verbis
3118 1858 3260 1924 apud
3291 1858 3469 1926 ipsum

1900 1949 2160 2018 deinceps
2194 1950 2456 2017 subjectis
2486 1950 2815 2019 intelligere.
2847 1950 2938 2005 Sic
2964 1950 3111 2004 enim
3143 1951 3220 2004 ait
3254 1966 3268 2003 :
3304 1969 3321 2001 ι
3357 1950 3469 2019 lpsi

1901 2038 1956 2091 in
1988 2037 2299 2107 praetorium
2334 2053 2440 2091 non
2470 2038 2761 2101 intrarunt,
2794 2054 2868 2095 ne
2915 2039 3312 2110 polluerentur,
3375 2041 3470 2093 sed

1901 2130 2107 2185 Pascha
2162 2138 2540 2185 vescerentur.
2575 2147 2594 2181 ι
2637 2131 2700 2184 Ει
2730 2145 2951 2186 rursum
2991 2148 3005 2185 :
3038 2149 3056 2182 ι
3090 2132 3188 2187 Εςι
3211 2133 3369 2187 vobis
3424 2132 3473 2185 is

1904 2237 2024 2277 mos
2053 2230 2113 2275 ut
2144 2238 2310 2276 unutn
2340 2221 2499 2275 vobis
2545 2223 2600 2276 in
2640 2222 2848 2277 Pascha
2896 2222 3227 2287 condonem,
3269 2243 3287 2275 ι
3316 2224 3473 2277 vide—

1906 2314 2033 2369 licet
2060 2330 2207 2369 nunc
2242 2314 2587 2369 imminente.
2632 2315 2902 2369 Praeterea
2961 2324 3172 2385 tempus
3221 2315 3472 2369 indicans

1906 2421 2015 2476 quo
2047 2416 2294 2476 tempore
2344 2405 2550 2460 Pilatus
2597 2406 2653 2461 in
2706 2406 2830 2460 loco
2872 2407 3109 2476 quodam
3161 2407 3476 2461 consederit

1907 2498 2000 2567 qui
2023 2498 2435 2568 Lapidipavium
2461 2497 2777 2553 diceretur:
2804 2517 2822 2549 ‹
2850 2498 3002 2558 Erat,
3029 2497 3229 2566 inquit,
3254 2498 3478 2552 Pascha:

1908 2590 2254 2659 praeparatio,
2295 2588 2432 2644 hora
2482 2588 2599 2644 fere
2630 2598 2804 2645 sexta.
2843 2608 2862 2641 ι
2904 2590 3042 2644 Hinc
3077 2590 3311 2645 ulterius
3355 2604 3478 2658 pro-

1909 2682 2161 2749 grediens
2190 2699 2203 2735 :
2242 2699 2258 2732 ι
2301 2682 2428 2734 Erat
2457 2681 2624 2745 enim,
2659 2681 2755 2749 ait,
2792 2697 3020 2751 magnus
3055 2691 3218 2751 atque
3264 2681 3481 2736 celeber

1911 2770 2153 2824 illedies
2189 2770 2436 2823 Sabbali.
2473 2788 2490 2820 ι
2526 2770 2597 2822 At
2623 2784 2753 2825 vero
2800 2786 3054 2840 magnum
3102 2780 3157 2824 et
3207 2772 3477 2827 celebrem

1912 2861 2061 2915 hunc
2094 2861 2239 2915 diem
2270 2876 2379 2915 non
2421 2861 2668 2924 dixisset,
2699 2864 2742 2916 si
2778 2861 2992 2929 primus
3017 2860 3478 2933 diesAzymorum

1918 2954 1970 3006 in
2004 2951 2302 3006 Sabbatum
2357 2952 2490 3006 illud
2540 2966 2647 3006 non
2709 2952 3012 3015 incidisset,
3053 2954 3147 3022 qui
3201 2970 3332 3008 sane
3362 2955 3480 3009 die;

1918 3056 2141 3100 sanctus
2174 3045 2339 3098 etiam
2373 3046 2427 3098 in
2460 3045 2579 3114 lege
2629 3055 2879 3102 vocatur.
2926 3045 3051 3099 llarc
3088 3054 3268 3100 autem
3298 3047 3480 3101 omnia

1837 3166 1879 3225 ς
1914 3139 2057 3190 clare
2083 3136 2382 3190 ostendunt
2413 3136 2467 3188 in
2495 3128 2646 3190 more
2678 3135 2846 3189 fuisse
2872 3146 2932 3189 ut
2958 3137 3022 3188 ad
3058 3138 3483 3206 praeparationis

234 3224 642 3293 εύαγγελιστὴς
704 3224 962 3294 Ἰωάννης
1025 3225 1182 3278 τοῦτο
1221 3226 1398 3293 ἔλεγε,
1437 3245 1453 3275 ι
1497 3226 1602 3278 Kal
1652 3226 1812 3278 αὐτοὶ

1911 3244 2195 3297 vesperam
2231 3227 2440 3282 Pascha
2477 3228 2615 3281 citra
2646 3228 3081 3282 controversiam
3131 3239 3483 3283 mactarctur.

1910 3323 2044 3377 Nam
2074 3322 2281 3376 idcirco
2305 3322 2449 3376 diem
2484 3321 2632 3375 hunc
2662 3321 2995 3390 evangelista
3027 3323 3478 3391 praeparationem

1911 3414 2135 3468 Pascha:
2198 3408 2558 3482 nuncupavit,
2606 3413 2681 3465 ttti
2738 3428 2848 3481 quo
2903 3428 2992 3466 res
3042 3413 3105 3466 ad
3154 3415 3485 3469 eminentem

1913 3507 2133 3561 Paschae
2160 3506 2304 3560 diem
2339 3506 2661 3560 necessaria:
2684 3514 3097 3574 praeparentur.
3129 3503 3314 3573 Itaque
3350 3506 3484 3558 citra

1916 3599 2138 3649 omnem
2192 3593 2633 3648 adversationem
2693 3604 2921 3662 apparet
2973 3593 3198 3647 mactari
3259 3594 3480 3647 solitum

1917 3685 2083 3741 fuisse
2116 3701 2313 3754 agnum
2350 3689 2467 3754 ipsa
2509 3685 2923 3754 praeparationis
2969 3700 3216 3753 vespera.
3258 3670 3389 3738 Nam
3430 3688 3485 3738 ni

1918 3793 2005 3832 res
2040 3778 2111 3831 ita
2136 3793 2194 3831 se
2229 3778 2480 3842 haberet,
2523 3774 2763 3831 Joannes
2810 3777 3143 3846 evangelista
3189 3777 3346 3845 prius
3377 3793 3486 3830 non

1919 3868 2157 3922 dixisset
2196 3886 2209 3921 :
2258 3887 2276 3919 ι
2307 3868 2411 3937 lpsi
2464 3868 2519 3921 in
2552 3868 2869 3937 praetorium
2927 3883 3036 3920 non
3073 3868 3370 3932 intrarunt,
3427 3885 3495 3923 ne.

1920 3957 2323 4026 polluerentur,
2354 3957 2447 4011 scd
2475 3952 2683 4011 Pascha
2730 3966 3105 4011 vescerentur.
3149 3976 3167 4009 ι
3203 3958 3336 4013 Vide
3362 3959 3493 4027 quid

1922 4064 2152 4119 magnus
2172 4048 2261 4102 ille
2279 4048 2831 4119 Cyrillusdicat,cum
2851 4047 3359 4118 hujusmodiverbis
3385 4049 3451 4101 hzi
3470 4066 3499 4102 c

1922 4140 2074 4193 velut
2101 4138 2441 4209 ohsignando
2472 4138 2762 4194 confirmat
2790 4157 2803 4193 :
2835 4159 2853 4190 ι
2889 4140 3025 4195 Cum
3051 4140 3281 4209 figuram
3320 4141 3495 4193 hono-

1925 4216 2081 4285 riﬁce
2113 4236 2382 4296 colerent,
2433 4232 2539 4286 hoc
2586 4241 2671 4286 est
2727 4246 2949 4301 agnum,
3000 4231 3234 4299 ideoque
3283 4231 3493 4299 ingredi

1927 4323 2141 4376 nollent
2171 4322 2224 4375 in
2265 4323 2607 4392 praetorium,
2661 4322 2951 4375 veritatem
2998 4321 3194 4390 ipsam,
3238 4321 3501 4375 videlicet

1924 4412 2228 4478 Christum,
2284 4414 2634 4485 contumeliis
2688 4412 3020 4467 adiciebant.
3080 4412 3217 4465 Nam
3265 4427 3331 4465 ex
3378 4411 3498 4479 lege

241 4510 344 4562 τὸν
378 4506 807 4578 χρυσοῤῥήμονα
834 4503 1138 4573 παρείσαγε
1179 4504 1431 4570 Ἰωάννην
1460 4504 1518 4553 ἑν
1545 4503 1611 4570 τῇ
1645 4504 1725 4564 εἰς
1759 4501 1816 4554 τὸ

1925 4504 2134 4559 Pascha
2185 4505 2409 4559 mactari
2442 4505 2699 4567 debebat,
2746 4521 2867 4574 qum
2926 4513 3105 4557 tamen
3166 4504 3249 4557 lcx
3304 4520 3496 4573 parum

238 4599 399 4652 κατὰ
420 4592 700 4651 Ματθαϊον
747 4595 834 4650 πδ⁶
862 4594 1048 4665 ὁμιλίᾳ
1074 4594 1304 4662 λέγοντα
1342 4594 1425 4646 ὅτι
1458 4593 1550 4646 τὸν
1581 4590 1815 4660 Χριστὸν

236 4692 299 4743 οῖ
368 4688 611 4741 Ἰουδαῖοι
664 4686 1084 4757 ἀπροσδοκήτως
1136 4688 1513 4763 κρατήσαντες
1570 4684 1667 4738 καὶ
1716 4684 1816 4756 τὴν

240 4783 345 4836 τοῦ
386 4782 578 4852 Πάσχα
608 4780 858 4850 παριδεῖν
884 4764 1089 4832 εἵλοντο
1129 4777 1322 4849 ἑορτὴν
1349 4778 1652 4848 τηνικαῦτα
1682 4794 1819 4849 συμ-

238 4873 579 4926 πίπτουσαν.
606 4872 796 4941 Ἔχεις
826 4868 1120 4939 γὰραύτὸν
1153 4871 1209 4921 ἑν
1240 4870 1307 4938 τῇ
1334 4867 1430 4920 τοῦ
1458 4866 1601 4922 κατά
1634 4868 1817 4921 Ἰωάν-

231 4978 344 5030 νην
401 4958 711 5031 ἑρμηνείᾳ,
750 4958 916 5026 ήνίκα
974 4954 1234 5023 λέγεται·
1289 4974 1307 5007 ι
1357 4956 1466 5008 Καὶ
1518 4955 1674 5009 αὐτοὶ
1717 4956 1818 5009 οὐκ

233 5052 500 5122 εἰσῆλθον
539 5051 629 5104 ἴνα
655 5052 731 5121 μὴ
768 5049 1095 5119 μιανθῶσιν,
1119 5048 1235 5099 ἀλλ’
1260 5047 1348 5100 ίνα
1378 5046 1598 5115 φάγωσι
1628 5047 1687 5099 τὸ
1708 5048 1818 5101 Πά-

235 5162 379 5214 σχα,
413 5162 431 5195 ι
458 5143 641 5196 τέλεον
684 5139 1015 5211 ἀναιροῦντα
1065 5141 1165 5209 τὴν
1220 5138 1485 5208 τοιαύτην
1537 5139 1815 5194 ὑπόνοιαν.

234 5238 449 5293 Ἔνθεν
480 5252 568 5288 τοι
608 5235 704 5289 xal
736 5235 805 5287 τὰ
841 5232 937 5286 τοῦ
989 5233 1138 5285 θείου
1180 5230 1568 5295 κατεξετάζειν
1604 5232 1816 5302 ἀνδρὸς,

226 5330 414 5402 ἡνίκα
460 5329 557 5381 καὶ
608 5325 808 5395 μᾶλλον
856 5326 1195 5377 ιναντιοῦται
1250 5323 1385 5392 πρὸς
1429 5312 1634 5405 ἄλληλα
1668 5364 1684 5388 ,
1745 5325 1819 5394 μὴ

228 5423 387 5492 πρὸς
442 5419 629 5489 ἰσχύος
660 5419 897 5489 ιχοντες,
934 5418 1114 5485 σιωπῇ
1148 5420 1245 5468 καὶ
1280 5414 1515 5483 μάλιστα
1556 5415 1818 5484 τιμᾶσθαι

228 5518 312 5570 τὰ
355 5513 589 5568 τοιαῦτα
614 5513 732 5566 δέον
769 5512 1052 5582 κρίνομεν,
1089 5509 1207 5576 εἴγε
1238 5513 1335 5560 καὶ
1368 5507 1567 5579 μᾶλλον
1597 5505 1821 5573 εῦλογον

225 5612 312 5665 τὰ
346 5608 562 5662 ὕστατα
606 5606 884 5674 κατέχειν,
919 5605 1002 5656 ὅτι
1050 5602 1147 5655 καὶ
1191 5600 1461 5669 σύμφωνα
1502 5599 1676 5652 ταῦτα
1701 5600 1822 5663 ταῖς

224 5703 352 5758 τῶν
380 5699 589 5753 λοιπῶν
621 5684 881 5766 Πατέρων
915 5692 1284 5763 ἐπεξηγήσεσι
1323 5693 1623 5759 φαίνονται.
1657 5692 1822 5759 Λέγει

225 5798 337 5853 καὶ
362 5797 473 5869 γὰρ
507 5794 587 5846 ὅτι
625 5794 653 5844 ὁ
690 5789 922 5860 Χριστὸς
963 5788 1067 5857 πρὸ
1120 5786 1250 5856 μιᾶς
1293 5784 1464 5853 ἔφαγε
1504 5786 1562 5838 τὸ
1601 5787 1816 5854 Πάσχα,

1928 4596 2071 4665 apud
2109 4597 2255 4666 ipsos
2286 4596 2525 4650 habebat
2567 4596 2784 4650 roboris
2813 4606 2867 4649 et
2898 4595 3263 4649 auctoritatis.
3304 4614 3321 4647 ι
3367 4596 3500 4660 Qua:

1916 4705 2043 4746 cum
2086 4692 2158 4744 ita
2184 4692 2315 4756 sint,
2353 4689 2705 4760 perspicuum
2731 4701 2813 4744 est
2841 4705 2936 4744 eos
2981 4705 3116 4742 vana
3150 4689 3356 4751 dicere,
3401 4687 3497 4757 qui

1920 4784 1988 4837 ad
2021 4798 2305 4851 vesperam
2338 4798 2545 4847 magna:
2573 4783 2776 4853 quinta:
2820 4782 2967 4837 feriae
3002 4782 3228 4835 mactari
3272 4783 3495 4835 solitum

1919 4872 2089 4927 fuisse
2122 4873 2360 4943 typicum
2413 4866 2565 4925 illum
2629 4888 2829 4941 agnttm
2882 4871 3128 4925 tradunt.
3180 4870 3316 4924 Dum
3354 4871 3500 4924 enim

1920 4976 2125 5031 panum
2195 4960 2708 5015 infermentatorum
2771 4954 3228 5027 usum'probare
3300 4958 3498 5025 iusigut

1922 5054 2276 5107 contentione
2345 5054 2623 5117 nituntur,
2697 5050 2963 5105 malevole
3037 5049 3328 5102 veritatem
3405 5049 3501 5103 de-

1921 5161 2152 5216 pravare
2183 5156 2469 5199 conantur.
2504 5144 2690 5213 Neque
2727 5143 2859 5197 mihi
2916 5144 3020 5196 hoc
3066 5142 3186 5196 loco
3232 5140 3501 5195 Jo:tnnem

1923 5236 2373 5306 Chrysostomum
2401 5234 2751 5307 opposueris,
2789 5233 2884 5301 qui
2934 5232 2989 5285 in
3024 5232 3335 5286 orationum
3374 5231 3499 5282 illa.

1922 5343 2044 5381 rum
2076 5326 2408 5395 octogesima
2434 5333 2651 5394 quarta,
2697 5324 2898 5393 quibus
2932 5322 3281 5377 orationibus
3322 5321 3507 5375 Evan-

1924 5419 2127 5489 gelium
2184 5417 2425 5473 Matthati
2499 5417 2853 5485 explanavit,
2903 5415 3067 5483 219
3144 5412 3365 5468 Judzcns
3420 5415 3500 5467 ait

1922 5511 2144 5581 Christo
2173 5518 2371 5580 praeter
2413 5509 2880 5578 exspectationem
2934 5510 3137 5577 potitos
3186 5507 3351 5560 etiam
3406 5507 3508 5560 νυ-

1925 5602 2068 5657 εοὴςυ
2129 5601 2329 5655 festum
2386 5601 2672 5671 negligere
2734 5614 2845 5653 non
2879 5600 3203 5663 dltliilaa'SP,
3237 5598 3383 5667 quod
3447 5598 3505 5651 in

1926 5694 2078 5747 illum
2102 5696 2246 5747 diem
2283 5692 2590 5747 incidisset.
2628 5692 2895 5746 Nimirum
2930 5692 3097 5746 habes
3120 5691 3221 5745 alia
3254 5693 3501 5761 ejusdem

1926 5788 2091 5841 verba
2129 5789 2183 5840 in
2209 5784 2573 5856 explicatione
2613 5783 2893 5853 EVangelii
2948 5802 2975 5838 ιι
3024 5783 3230 5839 Joanne
3280 5784 3495 5852 scripti,
