4212 6448
711 418 815 479 ἇἱῆ

1981 416 2031 472 Μ
2051 410 2400 471 lCIIAELIS
2441 412 2704 471 GLYCJE

3864 412 3972 472 iiii

708 546 832 583 eum
862 529 1071 581 dictum
1122 526 1227 580 hoc
1280 526 1568 579 declarat:
1612 543 1627 572 ι
1670 524 1771 591 Ipsi
1822 536 1931 575 non
1986 522 2284 583 intrabant,

2398 520 2578 589 τηρῶν
2625 521 2722 588 τὴν
2767 519 2963 572 ἑαυτοῦ
3014 521 3233 591 σφαγὴν
3268 526 3333 591 cf,
3367 527 3717 593 παρασκευῇ,
3752 525 3842 577 ὅτε
3873 531 3973 578 καὶ

714 638 782 675 ne
828 621 1229 690 polluerentur,
1285 615 1379 671 sed
1444 614 1650 668 Pascha
1689 622 2066 666 vescerentur.
2107 630 2123 661 ι
2188 610 2285 663 llic

704 714 851 767 enim
885 711 1207 780 opinionem
1238 709 1397 761 istam
1433 720 1657 775 prorsus
1685 703 1902 758 evertit.
1937 703 2287 772 Quapropter

705 820 828 859 cum
891 817 991 856 nos
1040 801 1208 854 verba
1263 800 1437 854 divini
1498 800 1665 869 hujus
1709 797 1812 850 viri
1869 811 1897 848 a
1931 810 1989 849 se
2048 795 2284 848 invicem

706 906 816 946 non
901 907 1094 961 parum
1156 887 1526 958 discrepantia
1588 888 1722 942 satis
1803 885 2117 940 examinare
2192 898 2287 937 ne-

705 998 1015 1052 queamus,
1092 983 1253 1035 tacite
1317 981 1565 1035 venerari
1644 978 1828 1048 potius
1895 992 1958 1031 ea
2034 974 2288 1029 decrevi-

706 1092 849 1129 mus.
931 1077 1007 1128 Ac
1098 1074 1332 1127 fortasse
1413 1072 1589 1140 magis
1674 1071 1876 1124 rationi
1989 1076 2283 1123 consenta-

706 1184 869 1222 neum
938 1167 1104 1221 fuerit
1188 1165 1383 1219 ultimo
1458 1165 1582 1218 loco
1650 1162 1718 1216 ab
1798 1162 1917 1228 ipso
1982 1158 2287 1229 perscripta

706 1263 958 1324 retineri,
989 1260 1133 1329 quod
1169 1272 1232 1312 ea
1260 1273 1385 1311 cum
1426 1257 1766 1325 reliquorum
1801 1254 2023 1307 Patrum
2065 1265 2290 1305 enarra-

705 1356 953 1408 tionihus
987 1349 1307 1407 consentire
1350 1357 1667 1407 vidcantur.
1704 1349 1795 1403 Ait
1831 1347 1977 1399 enim
2009 1343 2290 1399 Christum

703 1446 909 1499 Pascha
944 1443 1288 1499 eomedcndo
1316 1444 1460 1497 diem
1492 1458 1660 1495 unum
1693 1439 2051 1506 anticipasse,
2086 1445 2293 1490 macta—

703 1538 907 1589 tioncm
950 1551 1104 1589 suam
1149 1534 1214 1587 ad
1262 1534 1406 1587 diem
1450 1529 1881 1601 prmparationis
1914 1526 2289 1586 diﬂ‘erentem,

702 1644 812 1697 quo
839 1629 925 1681 ilic
958 1627 1165 1680 Pascha
1202 1626 1375 1694 legale
1413 1622 1641 1677 mactari
1694 1617 2066 1674 consueverit.
2101 1616 2292 1670 Fuisse

2398 611 2460 661 τὸ
2496 612 2724 678 νομικὶν
2753 611 2944 680 Πάσχα
2980 613 3188 666 ἐθύετο.
3235 615 3358 666 ’Ὁτι
3396 616 3452 666 δὲ
3487 615 3548 667 τὸ
3578 616 3729 685 παρὰ
3758 616 3974 685 Κυρίου

2392 705 2504 764 τοῖς
2533 704 2857 768 ἀποστόλοις
2900 706 2958 757 ὲν
3004 704 3083 774 τῷ
3124 706 3326 775 δείπνῳ
3363 706 3517 759 δοθὲν
3544 706 3777 777 ἐνζυμος
3804 708 3975 777 ἄρτος

2390 789 2479 861 ἦν,
2526 794 2587 847 οὐ
2630 795 2736 864 μὴν
2765 795 2995 866 ἄζυμος,
3051 798 3127 869 ᾡς
3174 798 3377 851 ἐκείνοι
3428 798 3899 868 διισχυρίζονται,
3949 802 3979 851 6

2390 883 2672 947 Θειότατος
2738 882 2895 948 οὗτος
2946 887 3085 956 ἀνὴρ
3135 886 3454 954 σαφέστατά
3509 904 3591 940 σοι
3650 888 3975 957 παρίστησι.

2396 976 2530 1046 Περὶ
2564 978 2672 1044 γὰρ
2700 978 2801 1045 τῆς
2831 979 3067 1039 παλαιᾶς
3099 981 3195 1030 καὶ
3231 978 3332 1045 τῆς
3370 980 3494 1038 νέας
3523 978 3617 1030 τὸν
3647 977 3808 1044 λόγον
3856 992 3978 1027 ποε-

2384 1068 2612 1137 ούμενος
2643 1074 2738 1125 καὶ
2768 1070 2892 1123 τάδε
2940 1060 3081 1123 κατὰ
3133 1071 3286 1140 ῥῆμα
3338 1070 3626 1134 διέξεισιν·
3663 1086 3684 1121 ι
3730 1068 3883 1120 Ἐκεῖ
3918 1066 3980 1118 τὺ

2388 1162 2648 1230 γράμμα,
2701 1158 2802 1215 ὦδε
2864 1163 2925 1213 τὸ
2987 1161 3226 1231 πνεῦμα·
3264 1163 3383 1212 ἐκεῖ
3427 1163 3458 1230 ἡ
3509 1150 3760 1222 κιῗῶτὸς,
3802 1155 3908 1211 ὦδε
3945 1162 3976 1225 1‘;

2392 1254 2685 1322 παρθένος’
2728 1253 2846 1304 ἐκεῖ
2905 1254 2936 1320 ἠ
2984 1252 3181 1323 ῥάϐδος
3217 1253 3451 1319 Ἀαρὼν,
3497 1245 3597 1304 ὧδε
3638 1253 3665 1303 6
3718 1247 3976 1319 σταυρός·

2391 1347 2507 1397 ἐκεῖ
2549 1344 2577 1394 6
2618 1344 2813 1413 ἀμνὸς.
2863 1336 2971 1396 ὦδε
3008 1343 3036 1394 6
3084 1344 3321 1412 Χριστός
3345 1360 3358 1373 ·
3390 1344 3506 1394 ἐκεῖ
3535 1342 3601 1395 τὰ
3634 1341 3845 1408 ἄζυμα,
3876 1334 3979 1392 ὧδε

2390 1436 2417 1487 6
2450 1435 2637 1504 ἄρτος.
2684 1454 2701 1486 ι
2732 1434 2921 1487 Ταῦτα
2978 1436 3076 1501 μὲν
3131 1433 3595 1504 ὲνεχαράχθηλσοι
3637 1431 3763 1483 κατ’
3794 1432 3982 1481 tmte-

2393 1525 2521 1595 μὴν,
2582 1526 2659 1588 ὡς
2713 1527 2863 1596 ἐρᾷς·
2914 1526 3035 1578 οὐδὲ
3092 1526 3202 1597 γὰρ
3250 1527 3486 1594 ἐγχωρεῖ
3534 1524 3603 1576 vi
3636 1522 3729 1576 τοῦ
3780 1520 3975 1591 καιροῦ

2394 1617 2575 1668 πλεῖον
2606 1615 2945 1685 ἐνδιατρίψαι
2968 1619 3081 1679 τοῖς
3123 1618 3252 1683 περὶ
3287 1617 3497 1669 τούτων
3524 1615 3722 1677 λόγοις

702 1734 886 1777 autem
940 1722 1069 1775 illud
1094 1719 1316 1788 quodin
1342 1732 1496 1770 crrna
1529 1715 1792 1769 Dominus
1831 1712 2097 1781 apostolis
2130 1710 2361 1779 prmbuit
2409 1726 2600 1779 [auem
2639 1710 3052 1768 fermentatum,
3099 1725 3209 1763 non
3262 1709 3518 1765 tormenti
3566 1720 3873 1779 exprrtem,
3925 1716 3981 1759 ut

703 1812 777 1865 illi
816 1819 1094 1869 asserunt,
1143 1808 1284 1860 idem
1324 1804 1411 1856 hic
1479 1802 1861 1855 tlivinissimus
1889 1800 1987 1867 ,vir
2055 1799 2360 1852 clarissime
2402 1798 2700 1867 significat.
2756 1799 2891 1853 Nam
2925 1800 2994 1852 de
3044 1799 3216 1853 veteri
3256 1815 3512 1868 novoque
3565 1798 3772 1855 {ardre
3815 1801 3977 1854 verba

702 1910 911 1963 ficii-ns
939 1947 951 1969 ,
1028 1924 1045 1949 ο
1088 1904 1239 1965 Istic,
1296 1904 1391 1964 ait,
1448 1900 1627 1952 littera
1685 1908 1826 1961 erat,
1888 1896 1976 1949 hic
2037 1895 2291 1963 Spiritus.
2333 1896 2458 1952 Istic
2496 1910 2643 1961 arca,
2686 1895 2772 1947 hic
2837 1895 3012 1964 virgo.
3048 1894 3173 1948 Istic
3200 1894 3431 1948 Aaronis
3475 1896 3643 1964 virga.
3700 1893 3793 1948 hic
3820 1910 3976 1947 crux.

703 1999 830 2053 l.-tic
872 2014 1067 2068 agnus,
1127 1996 1213 2048 hic
1281 1994 1551 2046 Christus.
1602 1990 1730 2045 istic
1792 1988 2200 2051 infermentata,
2271 1985 2359 2041 hic
2401 1988 2581 2057 panis.
2615 2006 2633 2038 ι
2673 1986 2796 2040 Haec
2842 1986 3084 2055 quodam
3135 1988 3189 2040 in
3246 1986 3593 2055 cmnpcnilio,
3649 2002 3751 2040 ceu
3803 1986 3978 2051 vides,

704 2093 1005 2163 perscripta
1042 2088 1139 2142 tihi
1170 2098 1374 2142 sunto:
1423 2096 1637 2154 tempus
1665 2085 1811 2137 enim
1853 2098 1959 2135 non
1996 2082 2203 2150 patitur
2229 2090 2287 2133 ut
2325 2080 2533 2134 diutius
2572 2080 2639 2133 de
2676 2080 2839 2135 rebus
2871 2079 3020 2135 hisce
3054 2090 3516 2133 commentemur.

776 2190 1050 2255 Deinceps
1083 2184 1347 2237 Dominus
1387 2189 1580 2235 noster
1602 2180 1759 2233 thstts
1788 2176 2041 2231 Christus
2072 2178 2136 2230 ad
2162 2191 2287 2230 cru-
2324 2180 2366 2233 Β

701 2278 1037 2349 eiligendum
1074 2274 1309 2329 traditur
1341 2290 1355 2327 :
1406 2282 1461 2326 tu
1492 2288 1611 2341 qua:
1646 2278 1940 2324 consecuta
1982 2268 2114 2331 sint,
2143 2267 2287 2320 vide.

707 2375 842 2427 Nam
877 2369 946 2423 ab
988 2370 1121 2421 hora
1153 2364 1262 2418 diei
1295 2372 1447 2418 sexta
1478 2362 1717 2416 tenebrae
1745 2370 1946 2415 terram
1973 2360 2288 2413 universam

701 2468 1051 2532 occuparunt
1076 2458 1140 2512 ad
1179 2458 1369 2510 horam
1395 2470 1567 2525 usque
1593 2469 1818 2515 nonam,
1848 2454 1981 2516 Deo,
2008 2466 2109 2506 ceu
2138 2450 2290 2505 credi

707 2567 802 2619 par
834 2559 940 2611 est,
975 2556 1202 2617 propter
1233 2560 1296 2599 ea
1338 2559 1459 2613 qua:
1484 2543 1917 2616 designabantur
1950 2540 2288 2611 indignante.

702 2642 820 2695 Non
846 2640 994 2693 enim
1026 2637 1161 2691 solis
1185 2634 1463 2690 defectum
1504 2632 1797 2696 accidisse,
1824 2631 2292 2709 quemadmodum

700 2733 1135 2803 Chrysostomus
1171 2727 1289 2791 ait,
1344 2726 1438 2781 sed
1474 2740 1592 2779 rem
1625 2734 1793 2779 totam
1846 2723 1915 2778 ab
1943 2724 2021 2777 ira
2056 2731 2113 2778 et
2148 2723 2293 2778 indi-

704 2826 964 2897 gnatione
1029 2822 1218 2876 divina
1269 2819 1575 2891 profectam
1633 2819 1845 2882 fuisse,
1898 2819 2030 2874 licet
2062 2835 2131 2874 ex
2176 2818 2294 2890 ipso

703 2918 871 2970 etiam
919 2924 1166 2982 tempore
1202 2911 1504 2981 colligere;
1539 2910 1757 2964 duravit
1787 2911 1932 2964 enim
1970 2911 2090 2965 haec
2118 2910 2295 2980 caligo

709 3022 820 3063 tres
853 3007 1042 3069 horas,
1077 3021 1199 3075 qua:
1230 3002 1528 3065 czcteroqui
1577 3002 1692 3056 fieri
1725 3002 1869 3057 solet
1914 3002 1969 3056 in
2008 3016 2117 3055 uno
2150 3012 2293 3057 tem-

706 3099 858 3169 poris
892 3104 1199 3151 momento.
1240 3095 1365 3149 llaec
1397 3093 1781 3163 Chrysostomi
1827 3103 1915 3149 est
1954 3094 2117 3149 ratio.
2146 3093 2296 3148 Divi-

708 3207 811 3245 nus
848 3200 1031 3244 autem
1060 3190 1143 3243 vir
1177 3188 1290 3251 ille,
1334 3187 1627 3256 Dionysius
1665 3186 1994 3257 Areopagita
2017 3226 2032 3251 ,
2074 3202 2184 3241 non
2220 3187 2295 3241 ita

706 3283 1055 3351 simpliciter,
1087 3280 1181 3335 sed
1222 3296 1321 3350 per
1349 3278 1721 3350 objectionem
1762 3278 2012 3346 corporis
2042 3278 2252 3333 lunaris
2277 3318 2293 3344 ,

708 3380 883 3433 solem
912 3377 1065 3432 velut
1121 3376 1462 3431 obstrnentis
1487 3413 1501 3438 ,
1559 3374 1904 3429 universales
1937 3375 2102 3430 hasce
2139 3384 2294 3429 tene-

710 3471 837 3527 bras
888 3469 1170 3524 exstitisse
1224 3481 1367 3520 novo
1416 3464 1655 3534 quodam
1701 3472 1758 3518 et
1809 3464 2073 3519 inusitato
2130 3464 2295 3519 modo

2479 2174 2537 2226 Ὀ
2568 2174 2623 2227 δὲ
2656 2175 2859 2244 Κύριος
2894 2174 3051 2243 ἡμῶν
3098 2173 3304 2244 Ἰησοῦς
3334 2172 3571 2243 Χριστὸς
3597 2172 3679 2233 είς
3722 2170 3784 2223 τὸ
3820 2189 3984 2225 σταυ-

2400 2264 2641 2335 ρωθῆναι
2670 2267 3026 2337 παραδίδοται
3050 2283 3064 2295 ·
3098 2268 3191 2319 καὶ
3218 2266 3320 2335 ὅρα
3348 2266 3412 2318 τὰ
3443 2265 3584 2334 μετὰ
3612 2263 3808 2319 ταῦτα,
3844 2264 3982 2317 Ἀττὸ

2395 2358 2503 2427 γὰρ
2533 2357 2699 2422 ἕκτης
2729 2358 2879 2426 ὥρας
2913 2359 3104 2422 σκότος
3149 2358 3372 2425 ἐγένετο
3395 2358 3487 2409 ἐπὶ
3520 2357 3702 2410 πᾶσαν
3731 2356 3833 2425 τὴν
3875 2355 3981 2424 γῆν

2396 2450 2500 2512 ἕως
2543 2449 2693 2520 ὧρας
2724 2449 2974 2521 ἐννεὶτης,
3002 2450 3449 2518 ἀγανακτοῦντος
3484 2450 3573 2503 ἐπὶ
3622 2452 3736 2511 τοῖς
3764 2448 3983 2516 τολμω-

2399 2544 2605 2610 μένοις,
2633 2540 2719 2596 οἶα
2745 2544 2915 2608 εἰκὸς,
2945 2544 3037 2596 τοῦ
3062 2543 3219 2597 Θεοῦ.
3255 2543 3378 2596 Ὅτι
3416 2543 3525 2612 γὰρ
3561 2543 3661 2593 οῦκ
3698 2536 3769 2611 ἦν
3800 2540 3983 2593 ἔκλει-

2395 2633 2510 2703 ψις,
2540 2638 2680 2691 καθὰ
2713 2654 2877 2706 φησιν
2908 2637 2936 2688 6
2975 2635 3075 2704 τὴν
3112 2636 3363 2704 γλῶτταν
3396 2633 3655 2705 χρυσοῦς,
3687 2633 3807 2686 ἀλλ’
3835 2633 3981 2704 ὀργῆ

2398 2738 2489 2791 καὶ
2527 2736 2931 2800 ἀγανάκτησις,
2960 2729 3057 2782 καὶ
3106 2730 3214 2781 ἀπὸ
3246 2727 3340 2780 τοῦ
3373 2727 3572 2796 καιροῦ
3600 2727 3761 2796 δῆλον
3786 2741 3801 2756 ο
3832 2727 3987 2794 τρεῖς

2397 2827 2506 2896 γὰρ
2531 2825 2680 2894 ὧρας
2722 2821 3055 2890 παρέμεινεν
3095 2821 3129 2890 ἡ
3162 2818 3431 2887 ἔκλειψις,
3458 2819 3583 2887 ῆτις
3609 2819 3668 2870 ὲν
3701 2817 3803 2886 μιᾷ
3831 2818 3983 2882 γίνε-

2398 2936 2488 2971 ται
2520 2914 2717 2986 καιροῦ
2773 2915 2937 2985 ῥοπῇ.
2989 2911 3101 2965 Καὶ
3155 2913 3224 2965 τὰ
3284 2911 3385 2980 μὲν
3434 2910 3529 2963 τοῦ
3583 2905 3983 2978 Χρυσοστόμου

2397 3010 2625 3065 τοιαῦτα
2646 3023 2662 3039 ⁸
2696 3009 2724 3061 6
2755 3008 2812 3060 δὲ
2864 3007 3144 3069 θειότατος
3192 3006 3471 3069 Διονύσιος
3503 3008 3531 3058 6
3575 3007 3983 3075 Ἀρεοπαγίτης

2398 3107 2497 3175 οὐχ
2532 3102 2720 3164 ἁπλῶς
2771 3099 2935 3164 οὕτω,
2966 3100 3110 3153 κατὰ
3155 3100 3214 3153 δὲ
3262 3098 3587 3169 ἀντίφραξιν
3610 3098 3708 3167 τῆς
3743 3096 3983 3166 σελήνης

2397 3197 2457 3249 τὸ
2502 3197 2695 3258 σκότος
2736 3198 2915 3248 ἐκεῖνο
2968 3194 3119 3262 λέγει
3164 3191 3422 3260 γενέσθαι
3470 3190 3863 3261 καινοπρεπῶς
3919 3192 3981 3241 τὸ

2398 3287 2763 3355 παγκόσμιον.
2824 3285 3193 3337 Ἐπιστέλλων
3245 3283 3357 3354 γὰρ
3411 3281 3642 3351 ῑεράρχῃ
3686 3279 3764 3348 τῷ
3803 3279 3982 3331 Πολυ-

2398 3379 2597 3447 κὰρπῳ
2632 3377 2719 3430 διὰ
2746 3377 2840 3429 τὸν
2874 3376 3138 3446 σοφιστὴν
3179 3374 3596 3442 Ἀπολλοφάνην
3634 3372 3710 3441 μὴ
3744 3370 3979 3423 καταδε-

2397 3470 2626 3540 χόμενον
2668 3470 2737 3521 τὰ
2778 3468 3125 3539 Χριστιανῶν
3177 3467 3275 3520 καὶ
3302 3466 3430 3520 τάδε
3480 3465 3616 3537 φησὶ
3648 3464 3793 3516 κατὰ
3824 3465 3982 3534 ῥῆμα

709 3564 898 3619 tradit.
927 3562 1063 3616 Nam
1090 3559 1156 3613 ad
1188 3558 1553 3629 Polvcarpum
1599 3557 1945 3611 hierarcliam
1979 3557 2045 3612 de
2073 3573 2140 3611 eo
2170 3572 2294 3628 per-

2398 3560 2536 3629 πρδς
2584 3561 2784 3614 αὐτόν’
2821 3579 2839 3612 ι
2882 3560 3014 3613 Εἰπὲ
3067 3560 3123 3613 δὲ
3157 3558 3311 3628 αὖτῷ
3343 3558 3420 3627 τῷ
3460 3555 3881 3625 Ἀπολλοφάνει,
3916 3552 3983 3604 Τί

706 3656 960 3712 scribens
992 3653 1138 3724 quod
1193 3650 1608 3720 Apollophanes
1648 3649 1897 3719 sophista
1925 3648 2293 3704 Christianam

711 3749 1035 3818 religionem
1096 3762 1206 3799 non
1264 3745 1719 3814 amplecteretur,
1776 3742 1842 3796 ad
1892 3743 2122 3797 verbum
2179 3743 2297 3798 hazc

688 3838 921 3911 'profert
954 3853 969 3888 :
1005 3854 1024 3888 ι
1068 3835 1246 3889 Dicito
1306 3843 1491 3887 autem
1538 3832 1589 3887 ei
1618 3873 1633 3898 ,
1675 3851 1693 3885 ι
1723 3884 1735 3898 ,
1761 3832 2022 3886 nimirum
2070 3832 2298 3902 Apollo-

709 3931 901 4002 pliani,
948 3948 966 3980 ι
1008 3926 1153 3994 Quid
1213 3927 1282 3981 de
1342 3925 1433 3979 illa
1469 3939 1664 3979 censes
1700 3924 1915 3993 eclipsi,
1952 3940 2073 3994 qua:
2104 3924 2299 3978 saluti-

710 4030 841 4079 t'erae
869 4021 1147 4093 passionis
1182 4030 1432 4088 tempore
1456 4018 1708 4072 accidit?
1746 4033 1848 4073 nos
1872 4017 2021 4071 enim
2046 4016 2209 4071 ambo
2241 4015 2296 4071 id

711 4114 976 4185 temporis
1002 4110 1278 4181 Heliopoli
1322 4124 1689 4184 una_eramus
1710 4150 1725 4174 ,
1752 4118 1809 4163 et
1853 4109 2049 4163 eodem
2088 4107 2144 4161 in
2175 4107 2298 4162 loco
2319 4147 2337 4156 -

708 4209 1089 4264 consistentes
1123 4207 1310 4259 lunam
1358 4203 1624 4258 inusitato
1656 4203 1820 4257 modo
1853 4205 1909 4256 in
1949 4202 2120 4256 solum
2157 4200 2297 4257 inci-

713 4303 846 4356 dere
888 4300 1300 4355 cernebamus:
1333 4299 1539 4369 quippe
1577 4314 1685 4353 non
1730 4297 1865 4353 illud
1903 4296 2164 4352 coitionis
2207 4310 2301 4351 eo-

717 4412 839 4448 rum
897 4393 1142 4448 siderum
1204 4402 1422 4462 tempus
1469 4400 1607 4446 erat.
1669 4390 1879 4447 Deinde
1938 4406 2131 4445 rursus
2179 4405 2299 4444 eam

713 4483 1196 4553 conspieichamus
1223 4483 1292 4537 ab
1326 4483 1460 4537 liora
1505 4497 1648 4536 nona
1696 4497 1869 4552 usque
1903 4481 1971 4535 ad
2016 4496 2301 4551 vesperam

716 4578 932 4649 ratione
961 4576 1203 4644 quadam
1236 4574 1622 4629 ultranaturali
1670 4589 1738 4629 eo
1790 4588 2089 4640 reversam,
2141 4574 2305 4643 220

716 4680 774 4721 ut
826 4669 1147 4737 Oppositum
1212 4667 1317 4723 sibi
1388 4683 1455 4721 ex
1507 4668 1782 4721 diametro
1830 4667 2001 4721 solem
2049 4665 2300 4721 haberet.

712 4762 1028 4828 Quinetiam
1070 4761 1188 4831 ipse
1219 4760 1355 4814 adeo
1387 4768 1503 4814 tum
1547 4761 1812 4829 temporis
1844 4760 2132 4829 perculsus
2154 4769 2304 4813 metu

715 4854 958 4923 quodam
986 4852 1294 4923 obstupuit,
1338 4861 1398 4906 ut
1443 4853 1511 4906 ad
1559 4869 1644 4907 me
1680 4866 1985 4907 conversus
2041 4851 2301 4907 diceret:

723 4946 870 5009 limo,
898 4945 1121 5016 Dionysi
1153 4986 1166 5010 ,
1216 4962 1402 4999 rerum
1437 4944 1752 4999 divinarum
1790 4956 1916 4998 sunt
1960 4944 2299 4999 vicissitudi-

716 5055 833 5093 nes.
868 5057 885 5089 ›
937 5036 1093 5093 llunc
1156 5039 1211 5092 iu
1272 5038 1496 5092 modum
1561 5039 1664 5092 hac
1691 5038 1760 5091 de
1791 5054 1850 5092 re
1877 5038 2189 5109 Dionysius.
2223 5037 2299 5093 De

716 5133 914 5187 iisdem
943 5132 1189 5186 tenebris
1216 5129 1517 5185 salutifera:
1546 5131 1820 5200 passionis
1856 5140 2102 5201 tempore
2136 5132 2301 5185 obor-

718 5225 787 5277 tis
827 5223 998 5277 etiam
1045 5221 1346 5276 Zacharias
1386 5232 1541 5275 vates
1585 5222 1907 5276 admiranda
1932 5223 2171 5291 quadam
2219 5239 2303 5275 ra-

718 5320 870 5372 tione
912 5316 1162 5386 quuitur
1199 5333 1209 5368 :
1245 5334 1263 5367 ι
1304 5315 1423 5380 Illo,
1460 5315 1678 5383 inquit,
1727 5315 1817 5370 die
1847 5316 1938 5370 lux
1974 5316 2121 5370 nulla
2154 5317 2302 5371 exsi-

715 5414 825 5464 stet
855 5410 924 5475 "',
966 5427 983 5459 ι
1016 5424 1130 5479 quo
1164 5407 1424 5463 videlicet
1454 5408 1708 5463 Christus
1729 5408 1783 5462 in
1812 5424 2033 5465 crucem
2066 5419 2258 5481 agetur
2286 5428 2299 5475 ;

724 5522 743 5553 ι
787 5500 883 5556 sed
917 5511 1033 5555 toto
1084 5498 1377 5569 die‘t'rigus
1406 5513 1473 5553 ac
1522 5502 1647 5568 gelu
1678 5499 1940 5565 durabit;
1991 5516 2155 5569 quem
2182 5500 2307 5569 qui-

719 5595 845 5649 dem
903 5594 1050 5648 diem
1121 5592 1391 5647 Dominus
1440 5594 1614 5648 novit.
1660 5613 1677 5645 ο
1716 5594 1860 5649 Deus
1918 5595 2063 5649 cnim
2118 5596 2302 5648 omnia

719 5692 873 5760 prius
907 5688 1131 5755 cognita
1190 5687 1379 5743 habet.
1424 5688 1544 5743 Non
1584 5688 1629 5742 is
1664 5688 1785 5743 dies
1832 5689 1960 5754 erit,
2028 5704 2127 5745 nec
2173 5691 2304 5745 item

719 5802 848 5839 nox.
898 5782 1169 5836 Nimirum
1207 5782 1473 5851 appellari
1515 5782 1635 5838 dies
1672 5785 1893 5853 proiirie
1930 5797 2040 5837 non
2092 5793 2309 5852 poterat

770 5908 814 5941 ⁸⁷
856 5905 1087 5959 Zachar.
1133 5920 1245 5966 xw,
1280 5909 1334 5961 b'.

2397 3651 2576 3720 λέγεις
2605 3656 2736 3720 περὶ
2785 3652 2887 3722 τῆς
2935 3652 2994 3703 ἐν
3036 3651 3113 3721 τῷ
3144 3650 3401 3721 σωτηρίῳ
3438 3650 3657 3719 σταυρῷ
3690 3647 3989 3715 γεγονυίας

2399 3742 2732 3813 ἐκλείψεως;
2768 3742 3098 3814 Ἀμφότεροι
3141 3742 3253 3810 γὰρ
3300 3744 3421 3795 ⁴ιιότε
3470 3742 3614 3795 κατὰ
3645 3739 3747 3810 τὴν
3796 3738 3988 3791 Ἡλίου

2402 3841 2559 3893 πόλιν
2594 3839 2713 3909 ἅμα
2746 3839 3015 3910 παρόντες
3048 3841 3143 3892 καὶ
3183 3837 3523 3902 συνεστῶτες
3551 3835 3883 3908 παραδόξως
3909 3834 4011 3901 τῷ·

2399 3934 2539 4005 ἡλίῳ
2569 3932 2668 4002 τὴν
2700 3932 2933 4003 σελήνην
2958 3930 3346 4000 ἐμπίπτουσαν
3373 3930 3636 4001 ἑωρῶμεν
3664 3930 3752 4001 (οὐ
3778 3930 3893 3997 γὰρ
3918 3924 3991 3999 ἦν

2402 4025 2624 4078 συνόδου
2663 4026 2881 4095 καιρὸς)
2916 4023 3074 4086 αὖθίς
3113 4039 3174 4075 τε
3225 4022 3398 4093 αὐτὴν
3449 4022 3559 4075 ἀπὸ
3600 4022 3701 4089 τῆς
3754 4023 3992 4089 ὲννάτης

2400 4117 2551 4188 ὥρας
2591 4118 2728 4189 ἄχρι
2764 4117 2863 4188 τῆς
2895 4116 3137 4185 ἑσπέρας
3179 4116 3259 4177 είς
3290 4115 3352 4167 τὸ
3381 4113 3475 4167 τοῦ
3507 4113 3659 4183 ἡλίου
3689 4113 3994 4183 διάμετρον

2402 4197 2697 4281 ὑπερφυῶς
2733 4210 3241 4263 ἁντικαταστᾶσαν.
3277 4206 3549 4260 Τοσοῦτον
3578 4207 3637 4259 δὲ
3686 4207 3786 4259 καὶ
3820 4206 3995 4267 αὐτὸς

2404 4302 2682 4373 ἐξεπλάγη
2718 4302 2841 4355 τότε
2869 4302 2943 4365 ὠς
2977 4300 3121 4353 οὕτω
3146 4302 3283 4371 πρός
3318 4315 3385 4370 με
3412 4300 3609 4353 είπεῖι.
3651 4316 3670 4348 ι
3699 4297 3914 4364 Ταῦτα,
3946 4292 3997 4350 ὦ

2404 4400 2670 4464 Διονύσιε,
2708 4400 2870 4453 Θείων
2934 4397 3167 4468 ἀμοιϐαὶ
3218 4396 3568 4467 πραγμάτων
3614 4396 3751 4449 είσί.
3783 4415 3829 4448 Δι
3884 4396 3998 4449 Καὶ

2404 4492 2577 4546 ταῦτα
2631 4490 2731 4561 μὲν
2783 4489 2973 4543 τοῦτον
3022 4488 3137 4559 ἔχει
3178 4489 3269 4542 τὸν
3320 4491 3545 4557 τρόπον.
3602 4488 3739 4558 Περὶ
3782 4487 3841 4539 δὲ
3894 4486 3997 4539 τοῦ

2409 4580 2729 4652 σκοτασμοῦ
2777 4581 2994 4635 ἐκείνου
3048 4579 3145 4634 τοῦ
3198 4581 3343 4634 κατὰ
3382 4579 3445 4633 τδ
3493 4580 3769 4650 σωτήριον
3819 4578 4000 4640 πάθος

2407 4677 2697 4746 γεγονότος
2725 4674 3052 4745 Θαυμασίως
3074 4689 3193 4737 πως
3218 4674 3316 4727 καλ⁸
3345 4672 3423 4743 τῷ
3451 4674 3711 4744 προφήτῃ
3736 4674 4001 4742 Ζαχαρία

2406 4769 2746 4836 διείληπται’
2785 4766 2937 4834 λέγει
2960 4766 3092 4835 γὰρ,
3145 4783 3163 4816 ι
3214 4764 3307 4818 Ἐν
3342 4764 3526 4832 ἐκείνῃ
3550 4767 3615 4834 τῇ
3650 4763 3843 4833 ἡμέρᾳ
3894 4764 4001 4815 οὐκ

2337 4860 2561 4958 Dte-rat
2596 4858 2712 4928 φῶς
2768 4858 2953 4928 (ἡνίκα
2993 4855 3197 4927 δηλαδὴ
3246 4855 3698 4925 σταυρωθήσεται
3755 4857 3785 4906 6
3852 4854 3997 4925 Χριο

2410 4954 2577 5023 στος),
2633 4951 2771 5005 ἀλλὰ
2817 4950 2991 5021 ψῦχος
3025 4951 3119 5002 καὶ
3161 4950 3337 5016 πάγος
3377 4951 3530 5001 ἔσται
3570 4947 3700 5017 μίαν
3732 4947 3959 5018 ἡμέραν
3984 4964 4000 4976 ’

2366 5087 2375 5094 .
2409 5046 2503 5099 καὶ
2534 5046 2568 5115 ἡ
2599 5044 2781 5114 ἡμέρα
2816 5043 2999 5112 ἐκείνη
3033 5043 3252 5111 γνωστὴ
3290 5042 3367 5110 τῷ
3399 5041 3612 5109 Κυρίῳ.
3651 5059 3669 5091 ι
3696 5042 3851 5094 Ἀνω
3887 5042 4003 5110 γὰρ

2408 5138 2626 5192 ᾶπαντα
2665 5138 3079 5206 προεγίνωσκεν
3110 5136 3138 5187 6
3171 5134 3327 5198 Θεός.
3372 5135 3484 5188 Καὶ
3520 5136 3629 5203 γὰρ
3672 5132 3776 5202 οὐχ
3813 5135 4007 5202 ἡμέρα
4038 5124 4047 5131 ἀ

2410 5233 2506 5286 xui.
2549 5230 2611 5283 οὺ
2668 5230 2784 5296 νύξ.
2845 5228 2985 5281 Οὔτε
3035 5229 3145 5298 γὰρ
3200 5229 3387 5299 ἡμέρα
3432 5228 3643 5295 κυρίως
3695 5222 3768 5295 ἦν
3801 5226 3895 5279 διὰ
3936 5227 4007 5278 τὸ

2412 5325 2649 5394 τρίωρον
2679 5324 2856 5375 ἐκεῖνο
2898 5319 3111 5383 σκότος,
3148 5318 3272 5372 οὔτε
3320 5317 3419 5384 νὺξ
3468 5318 3688 5387 άληθῶς
3728 5319 3821 5372 διά
3842 5336 3904 5371 τε
3938 5323 4007 5371 τὸ

2417 5418 2609 5486 μέχρις
2638 5414 2803 5485 ’ἑκτης
2827 5414 2976 5483 ὧρας
3009 5415 3107 5465 καὶ
3137 5411 3275 5482 μετὰ
3303 5411 3402 5482 τὴν
3436 5413 3668 5481 ἐννὰτην
3700 5412 4011 5479 γενόμενον

2413 5508 2629 5576 φῶς.⁶¹0
2648 5506 2711 5578 δὴ
2742 5509 2837 5559 καὶ
2866 5503 3044 5575 δηλῶν
3078 5506 3106 5557 6
3134 5504 3421 5574 προφήτης
3454 5502 3634 5570 ελιγε,
3674 5521 3693 5554 ι
3721 5502 3839 5555 Καὶ
3866 5504 4012 5571 πρὸς

2415 5601 2656 5670 ἑσπέραν
2698 5599 2852 5651 ἔσται
2888 5596 3023 5668 φῶς.
3068 5615 3086 5647 ι
3123 5596 3312 5649 Ταῦτα
3341 5593 3418 5658 δὲ,
3444 5594 3804 5664 ἀγαπητὲ,οὑ
3840 5595 4004 5663 μόνο.

2417 5694 2697 5766 προφῆται
2741 5696 3026 5761 προεῖπον,
3055 5690 3194 5745 ἀλλὰ
3244 5689 3338 5742 καὶ
3376 5690 3436 5741 ὲν
3491 5686 3711 5749 πολλοῖς
3758 5686 3983 5754 Έλληνι

2418 5789 2534 5849 κοῖς
2578 5786 2973 5856 ὑπομνήμασιν
3013 5782 3273 5854 εὕρηνται
3303 5798 3318 5813 ⁸
3364 5781 3459 5835 καὶ
3495 5781 3727 5851 σεισμὸν
3758 5783 3870 5851 γὰρ
3905 5782 4002 5849 με
