4212 6448
259 456 353 518 ιρι

1488 448 1886 510 ANNALIUM
1932 447 2124 506 PARS
2163 446 2275 507 Ill.

3399 433 3501 495 4‘22

328 575 395 629 Οί
430 576 485 628 δὲ
545 577 807 642 Ἰοιδαῖιι,
843 579 927 631 ἵνα
977 576 1053 647 μὴ
1106 574 1267 645 μείνῃ
1311 572 1403 625 ἐπὶ
1454 572 1548 623 τοῦ
1600 567 1831 637 σταυροῦ

2006 558 2274 620 Caeterum
2300 565 2469 619 .ludzei
2498 579 2563 617 nc
2597 564 2649 616 in
2682 576 2844 616 cruce
2879 572 3105 627 corpora
3148 569 3243 625 per
3290 553 3501 607 Subba-

242 670 325 721 τὰ
353 668 577 737 σώματα
608 670 665 721 ἐν
700 668 1124 741 Σαϐϐάτῳ,ὲπε“ι
1154 666 1484 737 παρασκευὴ
1513 659 1581 733 ἦν
1609 657 1697 731 (ἦν
1716 662 1823 728 γὰρ

262 761 472 831 μεγάλη
509 762 690 832 ἡμέρα
713 763 895 832 ἐκείνη
939 760 1037 814 τοῦ
1067 759 1390 827 Σαϐσάτου),
1418 754 1710 826 ἠρώτησαν
1734 752 1825 804 τὸν

261 854 512 917 Πιλᾶτον,
574 855 669 908 καὶ
712 856 780 908 τὰ
829 854 977 921 ἑξῆς.
1033 851 1384 919 Κατάγουσιν
1422 846 1517 900 οὖν
1570 848 1678 899 ἀπὺ
1730 842 1824 896 τοῦ

262 943 417 1007 ξύλου
463 945 553 996 τὸν
591 946 826 1015 Ἰησοῦν,
867 945 965 999 καὶ
999 944 1242 1013 μνήματι
1291 939 1467 1009 καινῷ
1511 936 1828 991 κατατίθεν⁶

259 1052 372 1087 ται.
435 1036 574 1088 Ἀλλ’
633 1038 736 1108 ὅρα
783 1035 1041 1089 κάνταῦθ’
1088 1038 1187 1104 τὴν
1235 1033 1329 1085 τοῦ
1396 1028 1531 1083 Θεοῦ
1594 1027 1826 1095 σοφίαν,

260 1128 539 1196 ἀγαπητὲ,
572 1128 658 1180 ῐνα
705 1127 778 1196 μὴ
826 1128 921 1180 τὸν
970 1125 1202 1195 σταυρὸν
1242 1124 1404 1177 αὑτὸν
1437 1119 1827 1189 ζημιωθῶμεν,

261 1217 349 1270 ἵνα
397 1219 474 1287 μὴ
500 1218 560 1270 τὸ
600 1219 866 1285 πανάγιον
895 1216 988 1269 τοῦ
1027 1214 1236 1285 Κυρίου
1272 1213 1434 1281 σῶμα
1466 1215 1636 1280 πυρδς
1665 1211 1705 1279 ἦ
1727 1208 1825 1262 θα-

260 1308 465 1378 λάσσης
502 1309 661 1378 ἔργον
690 1310 983 1377 ποιήσωσι,
1011 1310 1075 1378 τῇ
1126 1306 1345 1374 συνήθει
1380 1306 1481 1356 κᾶν
1513 1302 1684 1371 τούτῳ
1722 1318 1828 1369 μα-

258 1401 350 1467 νίᾳ
376 1401 730 1470 χρησάμενοι,
768 1400 858 1453 τὸν
890 1400 1195 1467 Αῦγουστον
1229 1398 1419 1467 ἤγειρε
1450 1395 1704 1464 Καίσαρα
1729 1393 1829 1463 τὴν

260 1491 588 1558 οἰκουμένην
630 1489 851 1544 ἃπασαν
902 1489 1353 1559 ἀπογράψασθαι.
1380 1489 1593 1540 Γίνεται
1632 1485 1827 1547 ταῦτα.

261 1582 361 1635 καὶ
392 1582 451 1635 τὸ
483 1583 588 1635 τῶν
623 1581 891 1652 Ἐϐραίων
940 1581 1096 1650 γένος
1125 1583 1190 1651 τῇ
1224 1580 1332 1633 τῶν
1366 1577 1656 1647 Ῥωμαίων
1699 1576 1831 1629 ὐπο-

189 1659 197 1665 .
264 1673 455 1725 πίπτει
484 1675 648 1743 ἀργῇ.
685 1672 871 1744 Ταύτῃ
897 1691 977 1726 τοι
1006 1673 1099 1725 καὶ
1120 1671 1199 1741 τῷ
1223 1672 1442 1740 λαχόντι
1482 1669 1697 1737 Πιλάτῳ
1734 1666 1831 1736 τὴν

260 1760 560 1829 ἡγεμονίαν
590 1761 767 1814 αὐτῶν
799 1761 1106 1830 παριστῶσι
1133 1760 1224 1813 τὸν
1253 1760 1476 1830 Κύριον,
1518 1757 1591 1826 μὴ
1620 1774 1833 1827 συγχω-

268 1851 519 1919 ρούμενοι
578 1852 639 1904 τὸ
687 1852 943 1921 βουλητὸν
993 1853 1174 1912 αὐτοῖς
1230 1849 1317 1903 ἐπ’
1351 1838 1500 1917 αύτῴ
1528 1848 1832 1919 διαπράξα-

1941 670 2055 713 tum
2098 668 2421 721 manerent,
2479 655 2698 725 quando
2741 664 2852 707 tum
2914 648 3332 719 praeparationis
3384 645 3504 697 dies

1935 760 2077 812 erat,
2126 750 2347 803 Sahbati
2394 759 2577 802 autem
2624 748 2743 801 dies
2778 745 3013 800 celebris
3062 750 3226 811 atque
3270 754 3459 805 magna
3490 778 3503 794 .

1937 854 2161 899 exorato
2187 842 2445 912 precibus
2470 841 2643 893 Pilato
2670 836 2857 892 Iesum
2890 837 2957 889 de
3007 834 3157 903 ligno
3187 831 3435 885 demittit:
3464 839 3505 886 I,

1938 938 2097 1008 isque
2128 952 2328 990 novum
2365 934 2419 988 in
2451 939 2866 988 monumentum
2897 928 3214 995 deponitur.
3248 919 3347 974 llic
3375 936 3509 988 qun-

1940 1045 2070 1099 que,
2103 1029 2303 1082 dilecte
2336 1026 2447 1088 fili,
2483 1022 2806 1093 sapientiam
2836 1018 2970 1071 mihi
3003 1016 3240 1069 divinam
3270 1013 3507 1065 intuere.

1940 1121 2154 1188 Quippe
2182 1134 2249 1172 ne
2284 1116 2462 1169 crucis
2507 1110 2775 1166 beneflcio
2798 1107 3183 1177 spoliarcmur,
3233 1115 3371 1154 neve
3421 1114 3511 1150 sa-

1944 1218 2292 1268 crosanctum
2333 1206 2465 1261 illud
2493 1203 2713 1259 Domini
2736 1214 2939 1270 corpus
2957 1197 3130 1252 Judzei
3162 1195 3246 1250 vel
3274 1194 3399 1261 igne
3429 1190 3509 1242 vel

1944 1304 2081 1357 mari
2115 1302 2427 1373 perderent,
2463 1301 2648 1353 furore
2682 1294 2936 1349 videlicet
2963 1297 3227 1344 consueto
3262 1288 3367 1344 usi,
3399 1286 3514 1354 Au_-

1941 1407 2161 1466 gustum
2190 1394 2459 1449 Caesarem
2505 1390 2707 1444 excitat
2754 1397 2813 1441 ut
2868 1384 3132 1439 ninndum
3192 1379 3511 1432 universum

1944 1495 2213 1543 censeret.
2244 1484 2364 1552 Quo
2398 1484 2544 1538 facto
2574 1480 2929 1535 llebrmorum
2955 1474 3106 1529 natio
3140 1470 3511 1525 Romanorum

1948 1580 2000 1633 in
2026 1586 2352 1647 potestatem
2380 1572 2627 1630 devenit.
2658 1570 2953 1639 Propterea
2982 1574 3199 1635 captum
3227 1562 3294 1615 ab
3317 1574 3375 1615 se
3406 1559 3515 1611 Do-

1945 1672 2154 1726 minum
2180 1669 2354 1725 Pilato
2378 1667 2613 1731 sistunt,
2639 1663 2732 1733 qui
2762 1660 3014 1733 prmtoris
3036 1655 3177 1727 apud
3211 1656 3359 1724 ipsos
3391 1669 3481 1705 mn
3500 1682 3516 1692 -

1947 1779 2081 1821 nere
2116 1757 2564 1830 fungebaturJta
2583 1762 2822 1825 potestas
2852 1752 2931 1806 eis
2967 1750 3217 1817 adempta
3249 1755 3356 1810 cst,
3383 1760 3520 1813 qun-

1946 1854 2131 1909 minus
2190 1867 2255 1907 οι
2310 1850 2477 1905 animi
2531 1847 2615 1903 sui
2666 1846 2896 1902 libidine
2935 1859 3059 1898 cum
3102 1842 3221 1910 ipso
3270 1847 3519 1907 agerent.

266 1915 415 1994 σθαι.
456 1943 560 1994 Καὶ
602 1915 710 2011 γὰρ
748 1944 797 1995 εί
837 1915 1341 2013 ’συνεχωρήθησαη
1404 1915 1576 2001 λίθοις
1622 1915 1689 1992 ἂν
1744 1938 1839 1991 τὸν

1952 1945 2169 2000 Etenim
2198 1943 2243 1999 si
2274 1942 2605 2012 permissum
2644 1939 2751 1993 hoc
2776 1937 2856 1992 eis
2883 1934 3097 1999 fuisset,
3130 1932 3215 1984 vel
3244 1929 3522 1998 lapidibus

264 2033 501 2101 Χριστὶν
537 2033 889 2087 ἐθανάτωσαν
931 2033 965 2103 ἢ
1016 2032 1216 2103 ξυλίνῳ
1248 2034 1593 2101 κατέπρισαν
1636 2029 1839 2099 πρίονι,

262 2122 561 2177 κάντεῦθεν
612 2126 770 2195 ἡμεῖς
827 2125 917 2178 τὸν
964 2124 1183 2195 φύλακα
1231 2124 1396 2194 ’ἡμῶν
1459 2112 1842 2193 ὲξημιούμεθα

265 2214 522 2284 σταυρόν.
559 2212 768 2286 Εί”γὰρ
813 2212 907 2266 τὸν
950 2213 1199 2282 φιλόθεον
1256 2212 1527 2283 Ἰερεμίαν
1580 2210 1844 2281 βορϐόρου

264 2304 458 2373 λάκκῳ
486 2304 760 2368 ἐνέϐαλον,
794 2305 847 2358 τί
878 2304 979 2358 ούκ
1006 2304 1071 2358 ἂν
1098 2307 1179 2367 είς
1223 2305 1283 2356 τὸ
1314 2304 1409 2356 τοῦ
1443 2303 1649 2371 Κυρίου
1682 2302 1845 2370 σῶμα

264 2396 556 2466 ἐποίησαν,
589 2398 636 2449 εἰ
671 2397 745 2466 μή
780 2413 842 2465 γε
890 2396 982 2447 τὸν
1019 2395 1329 2466 Ῥωμαῗκδν
1361 2390 1504 2463 εἶχον
1552 2394 1719 2462 νόμον
1752 2394 1848 2445 αύ-

263 2488 395 2550 τοῦς
461 2488 894 2553 ἁναστέλλοντας
926 2488 1141 2542 Γίνεται
1188 2486 1380 2541 λοιπὸν
1430 2488 1463 2556 ἡ
1518 2483 1844 2557 ἀπογραφὴ,

264 2579 336 2631 τὰ
362 2579 462 2647 τῆς
494 2578 746 2643 εὐταξίας
775 2579 1077 2647 εἰσάγεται,
1097 2577 1401 2632 κάντεῦθεν
1427 2576 1488 2630 τὸ
1514 2576 1606 2629 τοῦ
1637 2575 1846 2645 Κυρίου

267 2670 434 2740 σῶμα
464 2670 645 2740 τελεία
672 2672 820 2741 ταφῇ
850 2670 1225 2740 παραδίδοται.

340 2758 475 2813 Οἶδα
521 2758 599 2825 δὲ,
640 2761 911 2829 ἁγαπητδ,
954 2761 1035 2812 ὃτι
1085 2761 1181 2812 καὶ
1235 2760 1363 2830 περὶ
1403 2761 1503 2829 τῆς
1540 2763 1848 2832 τριημέρου

265 2850 451 2919 ταφῆς
508 2850 603 2904 τοῦ
662 2852 871 2921 Κυρίου
932 2852 1132 2922 πολλὴν
1204 2854 1447 2923 ἐποιήσω
1509 2853 1844 2926 συζήτησιν,

265 2943 487 3009 ἡμέρας
516 2943 852 3012 ἐκμετρῆσαι
886 2944 1047 3013 δῆθεν
1087 2946 1182 2997 ἐπὶ
1207 2944 1412 3016 ταύτης
1451 2950 1601 3015 τρεῖς
1650 2949 1724 3016 μὴ
1762 2948 1854 3000 δυ-

220 3100 230 3107 _
273 3034 529 3103 νάμενος.
573 3032 705 3087 Ἀλλ’
733 3033 890 3101 ἄφες,
928 3037 977 3087 εἰ
1015 3033 1218 3108 βούλει,
1247 3035 1357 3088 τῶν
1392 3036 1624 3102 πολλῶν,
1643 3038 1726 3091 ὅτι
1757 3040 1851 3091 καὶ

1950 2036 2017 2091 ad
2052 2050 2300 2107 mortem
2329 2048 2504 2103 usque
2536 2030 2816 2087 Christum
2857 2026 3198 2090 obruissent,
3246 2022 3331 2075 νι·1
3372 2037 3521 2074 serra

1948 2128 2129 2199 lignea
2163 2126 2580 2187 dissecuissent,
2613 2137 2790 2193 eoque
2833 2128 2992 2191 pacto
3025 2117 3183 2171 nobis
3214 2126 3399 2170 custo~i
3431 2112 3520 2166 illa

1950 2231 2137 2291 nostra
2167 2236 2302 2273 crux
2335 2219 2612 2289 periisset.
2635 2217 2849 2286 Quippe
2890 2215 2936 2270 si
2974 2214 3066 2268 Dei
3108 2213 3343 2266 amicum
3370 2209 3515 2263 Jere-

1949 2312 2113 2367 miam
2146 2312 2200 2364 in
2244 2310 2815 2380 voraginemlutosam
2864 2306 3204 2376 abiecerunt,
3234 2302 3363 2371 quid
3412 2316 3522 2352 neu

1951 2406 2006 2462 in
2042 2405 2222 2475 ipsum
2274 2404 2485 2458 Domini
2527 2417 2726 2473 corpus
2751 2401 3150 2471 designassent,
3184 2397 3236 2450 ni
3271 2399 3384 2466 lege
3421 2396 3525 2448 lio-

1953 2513 2113 2552 mana
2136 2496 2371 2566 repressi
2407 2494 2686 2551 fuissent?
2717 2492 2827 2549 liae
2846 2493 3015 2564 igitur
3042 2491 3108 2545 de
3140 2505 3305 2543 causa
3327 2504 3525 2541 census

1955 2591 2239 2646 institutus
2273 2588 2377 2643 fuit
2431 2598 2488 2643 et
2535 2586 2752 2657 egregie
2782 2585 3034 2640 ordinata
3065 2597 3152 2637 res
3195 2580 3431 2651 publica.
3467 2587 3526 2631 ut

1953 2681 2170 2736 Domini
2207 2695 2427 2750 quoque
2452 2693 2651 2747 corpus
2682 2690 2879 2744 expers
2901 2672 3199 2742 sepulturae
3231 2685 3336 2723 non
3364 2667 3523 2721 foret.

2023 2772 2247 2828 Memini
2302 2773 2465 2826 etiam
2495 2814 2508 2837 ,
2561 2770 2761 2824 dilecte
2793 2767 2891 2832 fili,
2930 2776 2981 2821 te
3011 2779 3226 2819 mecum
3258 2761 3429 2816 multa
3459 2760 3526 2813 de

1923 2855 2211 2918 'triduana
2240 2864 2521 2932 sepultura
2548 2860 2868 2923 contulisse,
2919 2872 3044 2912 cum
3092 2856 3255 2909 trium
3309 2852 3525 2906 dierum

1954 2956 2044 3010 hic
2072 2956 2308 3023 spatium
2341 2953 2522 3008 metiri
2550 2968 2656 3007 non
2685 2966 2890 3022 posses.
2922 2948 3096 3003 Velim
3134 2956 3185 3001 te
3212 2955 3393 3000 autem
3426 2945 3528 2997 hac

1956 3047 2009 3099 in
2043 3055 2197 3114 parte
2236 3045 2527 3113 opiniones
2560 3044 2947 3112 plcrorumque
2972 3043 3165 3093 missas
3198 3037 3378 3091 facere
3412 3045 3529 3088 tan-

266 3123 552 3190 λογισμῶν
587 3125 945 3194 ἀνθρωπίνων
976 3126 1115 3178 εἰσὶν
1144 3127 1517 3197 ἑφευρέματα.
1564 3129 1761 3182 Πείθου
1792 3130 1847 3183 δὲ

1954 3153 2115 3205 quam
2154 3137 2514 3190 humanarum
2560 3134 3039 3188 ratiocinationum
3068 3131 3307 3184 inventa.
3338 3128 3528 3181 Potius

270 3215 477 3284 μᾶλλον
517 3215 776 3286 Ἰσιδώρῳ
800 3215 878 3285 τῷ
911 3216 1268 3290 Πηλουσιώτῃ
1314 3219 1526 3285 λέγοντι
1559 3221 1640 3272 ὅτι
1671 3221 1846 3273 καθά-

267 3322 385 3375 περ
424 3308 517 3358 ἐπὶ
569 3306 676 3358 τῶν
713 3307 1091 3361 τελευτώντων
1139 3313 1313 3362 ποιεῖν
1361 3311 1656 3380 εἰώθαμεν,
1689 3312 1849 3383 ὁποία

259 3398 316 3451 δ’
344 3398 414 3450 ἂν
453 3399 573 3471 ῶρα
608 3399 911 3472 τελευτήσῃ
955 3418 1060 3466 τις,
1098 3401 1196 3472 τὴν
1231 3402 1360 3471 ἑξῆς
1410 3405 1579 3473 μόνην
1622 3405 1847 3474 ὑπερτι-

265 3492 504 3560 θέμιθα,
550 3495 620 3562 τῇ
671 3494 727 3546 δὲ
775 3494 939 3564 ἑτέρᾳ
970 3495 1141 3548 ἕωθεν
1172 3497 1425 3565 τριταίαν
1458 3496 1665 3565 ἄγομεν
1717 3500 1852 3566 ἠμέ-

264 3604 378 3656 ραν
406 3585 573 3637 αὐτοῦ
594 3603 607 3616 ·
635 3586 729 3637 καὶ
754 3586 897 3638 οὕτω
919 3587 1011 3638 καὶ
1033 3586 1125 3637 ἐπὶ
1146 3586 1316 3639 αὐτοῦ
1348 3586 1443 3639 τοῦ
1466 3588 1705 3657 Χριστοῦ
1730 3589 1848 3641 δια-

260 3675 514 3729 νοεῖσθαί
559 3694 616 3728 σε
669 3678 797 3746 χρή.
831 3678 941 3731 Καὶ
986 3677 1096 3747 γὰρ
1144 3679 1285 3731 κατὰ
1338 3678 1439 3749 τὴν
1487 3680 1851 3751 Παρασκευὴν

262 3768 563 3837 παρέδωκε
590 3769 651 3821 τδ
683 3767 932 3836 πνεῦμα·
959 3768 1118 3823 τοῦτο
1145 3769 1243 3840 μία
1273 3770 1481 3841 ἡμέρα.
1501 3772 1589 3824 Ἰ“ὸ
1634 3771 1852 3827 Σάῦϐα-

256 3880 363 3914 τον
416 3862 538 3913 ὅλον
587 3861 645 3913 ὲν
696 3861 775 3931 τῷ
822 3862 978 3933 τάφῳ
1007 3863 1303 3933 ἐποίησεν*
1336 3863 1445 3916 ἰδοὺ
1491 3863 1585 3917 δύο
1618 3865 1847 3935 ἡμέραι.

256 3951 432 4004 Μετὰ
460 3951 515 4003 δὲ
545 3950 701 4004 τοῦτο
739 3950 841 4021 τῆς
891 3951 1177 4022 Κυριακῆς
1212 3953 1631 4023 ἐπιφωσκούσης
1666 3955 1729 4008 bc
1760 3956 1853 4009 τά·

257 4060 375 4111 φου
411 4042 739 4111 ἑγήγερται’
780 4043 890 4096 ἰδοὺ
922 4046 1016 4097 καὶ
1053 4046 1246 4115 τρίτην
1280 4045 1425 4115 ἔχεις
1466 4047 1704 4116 ἡμέραν.
1738 4048 1853 4102 Καὶ

253 4134 468 4187 πείθου
504 4136 617 4197 τοῖς
652 4135 778 4204 περὶ
800 4135 1018 4189 Λουκᾶν
1055 4138 1150 4189 καὶ
1178 4136 1431 4191 Κλεόπαν
1460 4137 1603 4192 οὕτω
1632 4138 1853 4207 λέγουσι

252 4226 413 4295 πρὸς
440 4224 601 4277 αὑτὸν
630 4224 719 4277 τὸν
746 4225 1003 4295 Χριστὸν,
1038 4226 1230 4289 ι’Λλλά
1250 4243 1314 4296 γε
1345 4228 1444 4283 σὺν
1478 4229 1612 4280 πᾶσι
1642 4228 1851 4291 τούτοις

245 4316 466 4388 τρίτην
490 4314 693 4383 ταύτην
724 4316 937 4387 ἡμέραν
967 4317 1091 4385 ἄγει
1132 4318 1398 4389 σήμερον,
1434 4317 1528 4385 ἀφ’
1573 4312 1636 4373 οῦ
1678 4309 1885 4373 ταῦτα’

249 4406 518 4471 ἐγένετο.
553 4422 571 4454 ι
611 4405 672 4456 Et
704 4404 760 4457 δὲ
783 4408 876 4457 καὶ
899 4396 1087 4475 τάχιον
1132 4408 1195 4459 ὲκ
1226 4407 1400 4475 τάφου
1430 4409 1754 4477 ἐγήγερται,
1787 4409 1849 4460 ού

1954 3226 2116 3296 223
2148 3226 2356 3279 Isidoro
2394 3224 2684 3278 Pelusiotae
2732 3222 2890 3275 fidem
2945 3220 3207 3273 adhibeto
3237 3258 3253 3282 ,
3296 3217 3391 3286 qui
3428 3218 3527 3268 hu-

1950 3314 2195 3386 jusmodi
2224 3313 2470 3383 quaedam
2502 3312 2684 3365 tradit.
2718 3310 2873 3375 Quod
2903 3309 2957 3363 in
2985 3308 3051 3363 iis
3081 3308 3259 3361 facere
3287 3322 3527 3360 consuc-

1961 3407 2143 3460 vimus
2167 3406 2259 3474 qui
2295 3404 2404 3458 vita
2429 3404 2810 3466 decesserunt,
2852 3411 2909 3455 ut
2933 3414 3261 3471 quacunque
3308 3399 3526 3451 tandem

1956 3502 2088 3553 hora
2122 3497 2244 3566 quis
2285 3497 2571 3560 moriatur,
2631 3494 2791 3548 modo
2846 3493 2965 3547 dies
3010 3493 3148 3547 alter
3180 3490 3482 3545 intercedat
3509 3529 3526 3551 ,

1954 3606 2082 3647 eum
2113 3605 2327 3644 summo
2356 3589 2502 3643 tertii
2538 3588 2645 3641 diei
2685 3601 2844 3640 mane
2874 3584 3059 3639 triduo
3101 3584 3213 3650 jam
3246 3591 3527 3635 mortuum

1956 3682 2366 3751 perhibeamus,
2394 3678 2537 3735 idem
2574 3678 2641 3732 de
2681 3677 2905 3732 Christo
2951 3685 3195 3744 cogitare
3235 3689 3334 3727 nos
3366 3688 3530 3741 opor-

1960 3781 2057 3826 tel.
2109 3771 2241 3825 Nam
2296 3770 2341 3823 is
2382 3770 2501 3840 ipso
2520 3752 2952 3839 praeparationis
2985 3767 3075 3822 die
3126 3768 3380 3836 spiritum
3418 3767 3529 3819 Deo

1958 3864 2218 3926 tradidit;
2249 3862 2368 3915 dies
2399 3862 2566 3930 igitur
2594 3860 2683 3915 hic
2710 3876 2853 3914 unus
2883 3868 2987 3913 est.
3022 3857 3320 3913 Subhatum
3356 3865 3527 3912 totum

1956 3957 2013 4010 in
2044 3956 2299 4024 sepulcro
2322 3954 2556 4018 mansit;
2588 3967 2657 4006 en
2686 3952 2830 4006 diem
2855 3950 3086 4005 alterum
3113 3950 3300 4004 habes.
3329 3950 3530 4002 Deinde

1957 4064 2082 4104 cum
2128 4047 2244 4117 jam
2298 4044 2620 4100 Doniinicus
2654 4044 2775 4099 dies
2822 4043 3144 4105 diluxisset,
3197 4058 3228 4096 e
3276 4043 3529 4109 sepulcro

1959 4139 2198 4204 resurgit
2225 4155 2238 4191 :
2273 4152 2342 4191 en
2377 4136 2523 4190 diem
2551 4134 2649 4191 tibi
2687 4136 2933 4189 tertium.
2960 4131 3082 4186 Haec
3112 4149 3238 4186 vera
3267 4132 3449 4195 dabis,
3484 4134 3530 4186 si

1958 4229 2123 4284 Lucae
2155 4227 2305 4282 voles
2335 4237 2391 4281 et
2424 4227 2639 4296 Cleopre
2662 4225 2912 4289 credere,
2942 4224 3036 4294 qui
3065 4223 3133 4277 ad
3161 4224 3337 4292 ipsum
3371 4224 3534 4278 Chri.

1956 4330 2099 4376 stum
2119 4320 2271 4374 aiunt
2308 4338 2322 4373 :
2357 4337 2375 4370 ι
2414 4317 2723 4372 Acceditad
2759 4318 2875 4371 haec
2898 4331 3086 4370 omnia
3110 4354 3126 4381 ,
3165 4316 3311 4385 quod
3338 4317 3535 4370 tertius

1958 4414 2050 4468 hic
2078 4412 2199 4467 dies
2224 4412 2426 4482 agitur,
2456 4427 2524 4467 ex
2559 4426 2671 4479 quo
2716 4409 2829 4465 haec
2868 4404 3008 4464 facta
3041 4420 3171 4465 sunt
3209 4409 3277 4462 ⁸⁵.
3304 4428 3321 4460 ι
3358 4408 3534 4464 Citius

248 4496 421 4551 κατὰ
453 4494 613 4548 τοῦτο
638 4495 859 4557 πάντως
930 4496 1326 4567 αίτιαθήσεται,
1380 4500 1579 4567 μᾶλλον
1620 4501 1720 4569 μὲν
1758 4482 1848 4555 οὖν

1962 4514 2146 4559 autem
2172 4503 2454 4572 aliquanto
2492 4502 2773 4557 Christum
2808 4517 2837 4555 e
2864 4503 3118 4570 sepulcro
3145 4505 3532 4569 resurrexisse,

244 4589 370 4641 καὶ
431 4587 1142 4671 προαυνηθὴσεταιπαρά
1189 4591 1431 4657 πάντων,
1473 4594 1553 4645 ὅτι
1613 4594 1713 4663 μὲν
1754 4596 1848 4663 τὴν

1956 4595 2174 4663 culpam
2208 4592 2438 4647 omnino
2483 4591 2690 4645 nullam
2741 4600 3035 4644 meretur-z
3069 4593 3161 4647 sed
3196 4594 3379 4662 potius
3427 4588 3534 4647 hoc

238 4676 668 4748 ἑμπρόθεσμον
697 4678 1047 4748 καρτερήσας
1078 4679 1374 4749 ὑπόσχεσιν
1407 4684 1504 4747 τὴν
1539 4685 1605 4735 ὲκ
1638 4684 1848 4750 νεκρῶν

1958 4687 2182 4741 nomine
2219 4685 2392 4754 magis
2435 4684 2601 4737 etiam
2650 4684 2720 4737 ab
2770 4683 3027 4736 omnibus
3071 4693 3159 4738 est
3198 4685 3534 4749 adorandus.

238 4766 447 4823 αὐτοῦ
511 4768 700 4838 τάχιον
744 4769 1044 4838 ἐποιήσατο
1099 4771 1337 4839 ἔγερσιν.
1407 4775 1517 4827 Καὶ
1575 4776 1704 4845 περὶ
1756 4778 1848 4844 μὲν

1957 4775 2101 4845 quod
2131 4775 2375 4845 praestita
2409 4774 2712 4827 toleranter
2732 4774 3116 4842 promissione,
3152 4776 3287 4829 certi
3324 4787 3536 4846 tempo—

145 4917 153 4922 η
237 4857 484 4910 τούτων
540 4857 714 4919 οῦτως
759 4858 788 4909 ὁ
824 4857 1146 4931 ’διαληφθεὶς
1191 4859 1328 4922 θεῖος
1371 4861 1531 4932 ἀνὴρ,
1566 4864 1592 4914 ὁ
1639 4864 1696 4914 δὲ
1724 4882 1848 4932 χρυ-

1961 4870 2037 4920 ris
2060 4869 2238 4936 spatio
2264 4864 2513 4927 definita,
2545 4865 2781 4918 Celerius
2817 4868 3276 4921 resurrectionem
3298 4884 3360 4922 ex
3393 4886 3537 4923 mor-

237 4952 576 5021 σορῤήμων
639 4949 894 5019 Ἰωάννης
952 4953 1118 5019 φησιν
1163 4954 1243 5005 ὅτι
1301 4955 1394 5004 καὶ
1456 4954 1577 5019 λίαν
1625 4958 1848 5025 ἐποίησε

1965 4960 2076 5012 tuis
2121 4974 2277 5011 suam
2325 4957 2707 5010 maturaverit.
2756 4956 2813 5010 In
2848 4957 2995 5011 hunc
3042 4958 3265 5013 modum
3315 4961 3538 5015 divinus

232 5040 463 5103 καλῶς
493 5042 522 5094 ὁ
553 5042 786 5112 Χριστὸς
818 5045 923 5112 πρὸ
957 5043 1054 5113 τῆς
1103 5046 1212 5095 τῶν
1260 5047 1429 5114 τριῶν
1461 5047 1687 5116 ἡμερῶν
1717 5067 1848 5118 συμ-

1968 5054 2058 5108 ille
2092 5053 2196 5117 vir,
2223 5067 2389 5121 quem
2422 5052 2683 5116 diximus,
2717 5051 2818 5105 hac
2847 5053 2915 5107 de
2950 5067 3009 5106 re
3056 5052 3337 5108 disseruit.
3371 5053 3537 5109 Joan-

234 5135 619 5207 π).ηρώσεως
670 5138 920 5209 ἐγερθεὶς
968 5140 1033 5192 ἐκ
1083 5141 1316 5211 νεκρῶν.
1355 5143 1414 5193 El
1467 5143 1541 5215 μὴ
1586 5144 1698 5217 γὰρ
1738 5146 1848 5196 τότε

1968 5160 2066 5199 nes
2087 5152 2271 5197 autem
2298 5141 2727 5213 Chrysostomus
2751 5145 2827 5196 ait
2852 5143 3134 5198 Christum
3175 5145 3339 5198 etiam
3383 5147 3543 5199 valde

231 5236 480 5299 ἀνέστη
509 5231 838 5299 καθημένων
879 5232 1070 5285 αὐτόθι
1095 5233 1205 5285 τῶν
1243 5229 1599 5303 στρατιωτῶν
1633 5238 1729 5291 καὶ
1762 5256 1848 5306 φυα

1967 5237 2021 5290 in
2051 5251 2117 5290 eo
2152 5235 2412 5311 praeclare
2444 5234 2659 5298 fecisse,
2696 5235 2841 5305 quod
2874 5247 3001 5290 ante
3028 5236 3147 5289 dies
3173 5247 3282 5291 tres
3305 5239 3544 5305 comple-

226 5327 326 5377 λα.
345 5321 616 5379 σσόντων.
648 5322 763 5375 ἀλλ’
803 5324 1279 5393 ἀναχωρησάντων
1330 5328 1469 5395 μετὰ
1523 5330 1623 5398 τὴν
1665 5331 1848 5399 τρίτην

1969 5338 2054 5382 tos
2087 5328 2471 5383 resurrexerit.
2520 5328 2737 5382 Etenim
2794 5329 2841 5382 si
2877 5344 2946 5382 eo
2982 5331 3103 5398 ipso
3159 5340 3402 5400 tempore
3432 5346 3542 5382 non

225 5414 515 5487 ἡμέραν,
550 5411 695 5482 εἶχον
748 5414 815 5467 ἄν
863 5432 917 5467 τι
969 5417 1064 5468 καὶ
1118 5415 1297 5483 λέγειν
1325 5421 1371 5469 οἱ
1408 5418 1678 5473 κάκιστοι.
1716 5422 1848 5487 Προ-

1966 5420 2382 5485 resurrexisset,
2415 5422 2888 5475 commorantibns
2909 5422 3088 5475 adhuc
3128 5422 3249 5475 istic
3280 5422 3546 5475 militibus

225 5506 484 5574 ἐτροασε
514 5505 699 5558 λοιπὸν
734 5507 998 5569 ἀναστάς.
1040 5508 1188 5561 Ἔδει
1229 5512 1334 5579 γὰρ
1376 5511 1848 5580 παρακαθημένωι

1970 5513 2399 5582 sepulcrumque
2429 5513 2879 5569 custodientibus
2905 5555 2919 5576 .
2976 5516 3225 5586 adeoque
3259 5516 3304 5569 si
3345 5516 3548 5569 milites

225 5598 462 5657 αὐτῶν
488 5598 746 5664 γενάσθαι
774 5601 877 5669 τὴν
912 5601 1232 5655 ἀνάστασιν.
1271 5603 1481 5655 Οὐκοῦν
1516 5605 1848 5672 ἡναγκάζετι

1973 5607 2127 5661 illinc
2160 5608 2323 5676 tertio
2351 5608 2442 5661 die
2482 5608 2902 5671 discessissent.
2952 5612 3203 5667 homines
3247 5613 3549 5682 improbis-

221 5694 365 5750 καὶ
398 5690 511 5744 τῶν
544 5692 968 5762 τριῶν-ἡμερῶν
1004 5695 1153 5757 ἐντὸς
1193 5696 1258 5746 ὲκ
1296 5694 1509 5765 νεκρῶν
1541 5694 1848 5766 ἐγερθῆναι1

1972 5698 2098 5753 simi
2135 5698 2366 5754 fortasse
2420 5701 2672 5755 nonnihil
2729 5702 3053 5759 habuissent
3093 5721 3202 5774 quo
3246 5721 3303 5759 se
3351 5719 3552 5775 purga-

333 5853 400 5886 “
439 5851 580 5908 Luc.
622 5868 768 5912 xxiv.
799 5854 893 5912 21.
