4212 6448
264 396 368 454 425

266 512 320 561 ἐν
374 510 438 576 τῇ
483 505 758 574 Τιϐεριάδι
785 520 797 532 ⁹
850 501 1004 569 ὼροη
1048 499 1288 566 Ἰακώῦῳ

263 599 417 665 ὧσθη
452 600 636 650 ὲπάνω
684 592 1059 647 πεντακοσίων
1093 590 1320 657 ἀνδρῶν.
1359 587 1466 640 Καὶ
1511 588 1819 637 τελευταῖον

262 688 429 753 ἐφάνη
462 686 643 745 αὐτοῖς
666 688 722 737 ὲν
756 682 831 751 τῷ
865 682 981 749 ὅρει
1010 682 1117 734 τῶν
1141 680 1389 738 Ἐλαιῶν,
1423 680 1478 728 ἐν
1503 670 1546 742 ᾧ
1592 678 1684 727 καὶ
1715 678 1815 742 τὴν

261 776 498 844 χαμόθεν
532 775 828 845 ἐποιήσατο
855 771 1085 841 ἔπαρσιν
1127 767 1247 841 μεθ’
1279 768 1515 838 ἡμέρας,
1559 768 1632 829 ὡς
1674 769 1822 836 εἰρη-

262 886 375 936 ται,
411 877 485 940 μ’.

335 1132 395 1184 Εἰ
423 1132 479 1184 δὲ
511 1130 605 1183 καὶ
632 1130 789 1183 τοῦτο
819 1128 1001 1198 βούλει
1031 1128 1248 1197 μαθεῖν,
1283 1128 1427 1190 τίνος
1454 1128 1641 1181 ἕνεκεν
1686 1125 1825 1194 μετὰ

263 1225 365 1290 τὴν
426 1223 491 1273 ἐκ
556 1220 766 1287 νεκρῶν
826 1218 991 1272 αὐτοῦ
1039 1217 1258 1285 ἔγερσιν
1310 1217 1519 1285 ἡμέρας
1576 1214 1667 1265 ἐπὶ
1722 1216 1824 1282 γῆς

262 1312 493 1380 ιποίησε
530 1310 579 1379 μ’
611 1310 706 1363 καὶ⁸
736 1310 796 1362 ού
836 1309 1021 1363 πλεῖον
1065 1309 1097 1377 ἢ
1153 1309 1401 1371 ἔλασσον,
1437 1307 1466 1357 6
1498 1306 1670 1374 μέγας
1717 1305 1825 1357 ίδου

276 1403 591 1469 Ἐπιιράνιος
645 1400 712 1453 δι’
767 1402 965 1468 ὀλίγων
1019 1399 1265 1452 ὲπιλύσει
1338 1414 1418 1450 σοι
1475 1396 1534 1450 τὸ
1589 1395 1828 1448 τοιοῦτον

266 1490 597 1559 ἀπόρρητον.
636 1507 655 1541 ι
713 1490 810 1542 Ὃν
857 1489 963 1558 γὰρ
1010 1488 1229 1557 τρόπον,
1263 1508 1281 1539 ι
1318 1488 1474 1555 φησι,
1536 1503 1553 1535 ι
1583 1485 1720 1553 μετὰ
1769 1485 1829 1537 τὸ

267 1581 597 1649 γεννηθῆναι
629 1582 657 1632 6
702 1581 940 1649 Χριστὸς
980 1578 1236 1648 ἁνεκλξθη
1282 1578 1341 1629 ὲν
1387 1578 1583 1644 φάτνῃ,
1624 1577 1830 1643 ἐσπαρ-

264 1671 509 1738 γανὼοη,
541 1670 635 1722 καὶ
687 1669 806 1738 μεθ’
852 1668 1068 1738 ἡμέρας
1131 1674 1185 1736 μ’
1236 1666 1520 1737 προσήχθη
1580 1665 1658 1732 τῷ
1701 1664 1829 1732 θείῳ

264 1760 381 1828 ναῷ
410 1763 502 1814 καὶ
532 1760 673 1814 κατὰ
705 1760 797 1813 τὸν
847 1760 941 1812 τοῦ
986 1759 1228 1821 Μωσέως
1274 1758 1441 1827 νόμον
1473 1756 1721 1827 παρέστη
1751 1755 1828 1825 τῷ

264 1854 426 1922 Θεῷ,
466 1852 606 1905 οὓτω
654 1854 750 1905 καὶ
812 1852 1161 1922 πρωτότοκος
1215 1854 1278 1904 ὲκ
1335 1851 1544 1920 νεκρῶν
1591 1850 1828 1917 γεγονὼς

265 1943 478 2010 ἡμέρας
516 1940 749 1995 ἰνταῦθα
773 1943 919 1993 ποιεῖ
973 1941 1046 2009 μ’,
1077 1939 1179 1994 εἷθ’
1208 1940 1383 2003 οὕτως
1416 1941 1554 2010 πρὸς
1579 1942 1682 2009 τὴν
1717 1942 1829 1996 ἄνω

273 2032 638 2102 Ἰερουσαλὴμ
697 2032 1051 2098 ἐπανάγεται,
1088 2032 1167 2101 τῷ
1218 2031 1492 2101 προσώπῳ
1539 2030 1635 2084 τοῦ
1695 2032 1828 2084 Θεοῦ

266 2123 805 2193 ὲμφανισθησόμενος
856 2124 995 2193 ὑπὲρ
1040 2122 1220 2192 ἡμῶν.
1279 2142 1298 2175 ι
1354 2122 1465 2177 Καὶ
1515 2122 1703 2175 πείθου
1751 2122 1831 2193 τῷ

270 2216 496 2283 μεγάλῳ
531 2215 726 2282 Παύλῳ
764 2214 971 2279 λέγοντι
1001 2230 1015 2245 ’
1053 2232 1073 2265 ε
1115 2214 1190 2266 Ού
1221 2214 1329 2283 γὰρ
1360 2215 1439 2276 είς
1484 2216 1832 2284 χειροποίητα

269 2308 408 2371 ἅγια
449 2305 696 2374 εἰσῆλθεν
733 2306 760 2358 6
798 2306 1052 2375 Χριστὸς,
1084 2304 1350 2358 ἀντίτυπα
1370 2303 1482 2359 τῶν
1530 2303 1823 2373 ἀληθινῶν,

265 2395 385 2447 ἀλλ’
423 2396 503 2458 εὶς
545 2394 710 2447 αὑτὸν
761 2395 852 2448 τὸν
910 2395 1143 2463 οὐρανὸν
1192 2394 1289 2446 νῦν
1321 2393 1722 2464 ἐμφανισθῆναι
1753 2393 1831 2463 τῷ

265 2485 548 2556 προσώπῳ
579 2486 671 2538 τοῦ
705 2485 841 2538 Θεοῦ
875 2485 1014 2556 ὑπὲρ
1049 2486 1227 2556 ἡμῶν.
1267 2504 1286 2537 ι

342 2664 553 2718 Οὐκοῦν
589 2665 865 2735 ἀνελήφθη
898 2668 926 2719 6
959 2666 1182 2735 Κύριος.
1228 2666 1464 2737 Ἡμέραι
1502 2668 1638 2737 μετὰ
1660 2665 1833 2720 ταῦτα

266 2757 577 2825 διέρχονται
638 2758 790 2820 δέκα,
816 2759 909 2809 καὶ
955 2759 989 2826 ἡ
1040 2757 1135 2809 τοῦ
1188 2757 1452 2825 παναγίου
1515 2757 1833 2825 Πνεύματος

270 2849 487 2914 γίνεται
543 2848 788 2911 κάθοδος.
820 2851 974 2903 Μετὰ
1005 2849 1137 2902 δέκα
1166 2850 1221 2901 δὲ
1254 2850 1650 2920 συμπλήρωσιν
1697 2853 1834 2920 ἠμε-

270 2936 387 3004 ρῶν
448 2937 480 3005 ἡ
537 2937 760 3004 τοιαύτη
819 2936 1029 3004 γίνεται
1080 2936 1333 3001 κάθοδος,
1378 2938 1516 2993 διότι
1565 2940 1774 3004 τέλειος
1805 2941 1834 2992 6

217 3056 225 3061 -
269 3028 497 3091 δέκατος
528 3028 778 3099 ἀριθμός.
810 3030 1028 3098 Ἐπειδὴ
1059 3029 1239 3083 τοίνυν
1261 3030 1320 3082 τὸ
1344 3030 1568 3100 Πνεῦμα
1595 3032 1655 3084 τὸ
1678 3034 1835 3100 ἆγιον

1494 384 1891 443 ANNALIUM
1939 383 2131 439 PARS
2178 382 2286 438 Ill.

1348 497 1420 565 ῖςι
1470 494 1776 561 ἁδελροθέιει
1806 511 1816 524 ·
1852 494 1897 550 Α
1926 506 2252 564 conspectus
2287 510 2315 547 a
2346 491 2628 559 distipulis
2665 489 2850 543 decem
2881 526 2894 547 ,
2924 502 3011 539 cur

1812 511 1816 524 '
1852 494 1897 550 Δ
1926 506 2252 564 conspectus
2287 510 2315 547 ει
2346 491 2628 559 distipulis
2665 489 2850 543 decem
2881 526 2894 547 ,
2924 494 3247 551 conspectus
3278 486 3341 534 ili)
3375 498 3475 535 tm-

3371 368 3476 424 ἇτῗιῖ

1924 588 2097 641 decim
2126 603 2139 649 ;
2166 588 2233 638 ab
2268 585 2460 638 iisdem
2502 589 2825 647 conspectus
2858 578 2912 629 in
2949 576 3181 632 Galilwa,
3222 573 3478 621 consimi-

1925 681 2049 732 liter
2083 678 2147 731 ad
2197 675 2577 737 Tilieriadem;
2615 680 2939 740 conspectus
2979 684 3005 721 ιι
3036 666 3239 721 Jacolm
3270 662 3474 716 (Σιωπή

1925 769 2017 824 Dei
2052 770 2243 832 fratre,
2274 775 2600 834 conspectus
2630 778 2658 816 a
2691 762 2940 831 pluribus
2967 774 3129 828 quam
3161 753 3478 823 quingentis

1926 860 2283 922 hominibus;
2331 864 2658 924 conspectus
2686 864 3021 923 postremum
3058 850 3124 902 ab
3153 848 3231 900 cis
3271 848 3323 898 in
3372 844 3482 896 Oli-

1926 968 2113 1005 varum
2150 958 2357 1014 monte,
2389 948 2480 1001 ubi
2513 948 2678 1002 etiam
2710 961 2738 997 a
2767 953 2907 998 terra
2950 942 3197 996 sublatus
3248 948 3331 992 cst
3362 948 3481 1004 past

1925 1043 2091 1105 diem,
2126 1056 2225 1095 ceu
2255 1040 2512 1100 diximus,
2548 1035 3041 1106 quadragesimum.

1995 1136 2198 1201 Quodsi
2253 1137 2360 1205 jam
2424 1134 2557 1189 illud
2616 1147 2835 1201 quoque
2894 1140 3223 1195 cognoscere
3284 1123 3481 1189 cupis.

1929 1228 2284 1294 quamobrem
2352 1234 2472 1293 post
2519 1222 2903 1278 excitationem
2958 1220 3025 1273 de
3093 1216 3319 1270 mortuis
3368 1215 3482 1264 dies

1930 1316 2052 1370 illos
2077 1315 2143 1369 40
2178 1318 2230 1369 in
2258 1314 2420 1369 terris
2458 1313 2629 1382 egerit
2655 1351 2670 1374 ,
2706 1326 2813 1364 non
2849 1312 3028 1376 plures
3048 1308 3129 1359 vel
3158 1304 3442 1373 [lanci-ires
3468 1342 3481 1359 ,

1928 1421 1994 1459 en
2020 1422 2247 1473 magnus
2281 1404 2610 1473 Epiphanius
2632 1404 2770 1455 hanc
2802 1401 2899 1453 tibi
2932 1398 3327 1452 dubitationem
3353 1409 3483 1460 pau-

1928 1495 2008 1548 cis
2032 1495 2317 1547 dissolvet.
2348 1493 2467 1558 Quo
2509 1500 2687 1559 pacto,
2736 1489 2934 1559 inquit,
2961 1488 3218 1540 Christus
3241 1484 3421 1537 statim
3455 1498 3483 1534 a

1930 1585 2217 1638 nativitale
2267 1599 2363 1637 sua
2397 1583 2693 1637 reclinatus
2744 1589 2827 1634 est
2885 1580 2936 1631 in
2984 1576 3247 1646 praesepi,
3302 1573 3486 1627 fasciis

1931 1677 2228 1739 involutus,
2264 1684 2386 1744 post
2423 1672 2901 1743 quadragesimum
2947 1670 3090 1722 diem
3124 1668 3190 1720 ad
3228 1665 3484 1734 templum

1932 1768 2251 1836 deportatus
2299 1772 2371 1819 ac
2430 1764 2727 1820 secundum
2784 1762 3029 1817 Mosaicae
3067 1760 3203 1828 legis
3240 1757 3489 1827 praescri-

1934 1870 2085 1928 ptum
2112 1858 2327 1912 oblatus
2356 1857 2487 1921 Deo,
2511 1855 2591 1910 sic
2613 1856 2777 1909 etiam
2801 1863 2939 1917 tum,
2960 1866 3082 1906 cum
3101 1848 3493 1918 primogenitus

1936 1956 2277 2002 mortuorum
2309 1946 2483 2000 factus
2505 1954 2684 2009 esset,
2712 1942 2831 1997 dies
2864 1944 2918 1996 in
2954 1940 3115 1995 terris
3140 1940 3208 1993 40
3246 1954 3489 1992 commo-

1936 2050 2112 2105 ratur,
2160 2048 2324 2108 atque
2356 2040 2427 2091 ita
2478 2036 2678 2091 deinde
2731 2048 3023 2103 supernam
3063 2032 3492 2101 Hierosolymam

1937 2132 2254 2193 revertitur,
2292 2145 2474 2185 coram
2521 2128 2673 2183 vultu
2718 2126 2811 2181 Dei
2852 2133 3040 2180 nostra
3075 2138 3238 2179 causa
3275 2137 3495 2189 compa-

1937 2226 2162 2279 riturus.
2194 2220 2528 2279 Persuadeat
2554 2218 2659 2273 hoc
2691 2217 2805 2287 ipse
2834 2216 2933 2271 tibi
2980 2215 3198 2276 Paulus,
3234 2227 3357 2267 cum
3382 2214 3490 2267 ait:

1944 2335 1963 2368 ι
2020 2315 2140 2369 Non
2175 2315 2229 2368 in
2287 2311 2525 2367 sacraria
2576 2306 2887 2363 manufacta
2924 2305 3178 2362 Christus
3215 2304 3494 2375 ingressus

1935 2418 2021 2463 est
2049 2446 2062 2470 ,
2095 2422 2215 2475 quae
2265 2418 2522 2459 verorum
2583 2401 2951 2457 sacrariorum
2990 2398 3280 2453 simulacra
3319 2406 3491 2451 sunt:

1938 2500 2033 2555 sed
2064 2498 2117 2552 in
2149 2498 2344 2554 coelum
2387 2496 2585 2565 ipsum,
2622 2501 2682 2548 ut
2710 2491 2872 2547 modo
2889 2501 3075 2545 nostra
3103 2502 3266 2545 causa
3304 2504 3487 2543 coram

1938 2588 2031 2643 Dei
2068 2587 2203 2641 facie
2236 2594 2547 2655 compareat
2570 2585 2635 2636 ⁸⁸.
2675 2603 2694 2637 ι

2007 2678 2167 2748 225
2199 2679 2561 2744 Posteaquam
2584 2690 2720 2731 vero
2744 2686 3061 2744 assumptus
3091 2672 3283 2728 fuisset
3310 2673 3493 2727 Domi-

1938 2785 2063 2832 nus,
2114 2768 2304 2823 decem
2340 2766 2540 2836 elapsis
2574 2765 2771 2820 diebus
2817 2772 3038 2819 sanctus
3075 2764 3166 2819 ille
3195 2763 3432 2833 Spiritus
3466 2778 3496 2815 c

1939 2862 2079 2917 coelo
2125 2859 2433 2914 descendit.
2464 2858 2688 2913 Factum
2734 2858 2837 2912 hoc
2868 2865 2953 2912 est
2986 2857 3201 2911 decimo
3251 2865 3374 2925 post
3411 2856 3499 2909 die

1940 2960 2251 3020 propterea,
2291 2949 2436 3018 quod
2488 2963 2749 3003 numerus
2799 2946 3060 3001 denarius
3090 2948 3160 3000 sit
3201 2946 3494 3015 perfectus.

1943 3044 2208 3109 Quoniam
2247 3044 2417 3112 igitur
2466 3040 2707 3109 Spiritus
2759 3049 2978 3093 sanctus
3014 3039 3218 3092 idcirco
3250 3038 3502 3093 demitte-

272 3118 371 3170 ἐπὶ
402 3118 563 3171 τοῦτο
597 3120 1020 3190 κατερχόμενον,
1056 3121 1143 3173 ἵνα
1193 3122 1288 3173 καὶ
1325 3124 1450 3185 τοὺς
1482 3122 1695 3187 ἀτελεῖς
1736 3140 1837 3192 μα·
1864 3142 1907 3200 c

1864 3142 1907 3200 α
1941 3133 2122 3196 batur,
2181 3140 2240 3186 ut
2285 3127 2636 3197 imperfectos
2689 3126 2867 3183 adhuc
2905 3126 3202 3195 discipulos
3231 3125 3501 3195 perfectos

271 3210 448 3277 θητὰς
503 3211 746 3275 τελείους
814 3213 1238 3281 ἀπεργάσηται,
1297 3216 1489 3268 τούτου
1552 3217 1713 3286 χάριν
1778 3218 1835 3269 ὲν

270 3298 494 3368 ἀριθμῷ
527 3300 736 3370 τελείῳ,
770 3303 1051 3355 τουτέστιν
1097 3305 1156 3355 ἐν
1208 3304 1390 3375 ἡμέρᾳ
1450 3305 1672 3379 δεκάτῃ,
1699 3307 1837 3377 πρὸς

271 3390 475 3452 αὐτοὺς
520 3392 895 3461 ὲπεφοίτησεν.
926 3394 1049 3445 Ὅτι
1107 3395 1165 3447 δὲ
1220 3395 1462 3460 τελείους
1513 3397 1681 3462 ἔδειξε
1711 3401 1838 3461 τοὺς

271 3482 489 3545 ἀτελεῖς
539 3482 804 3554 μαθητάς,
834 3486 861 3537 6
896 3490 1191 3554 κορυφαῖος
1226 3489 1430 3558 Πέτρος
1478 3489 1635 3543 τοῦτο
1670 3492 1839 3561 παρέ-

276 3588 502 3640 στησεν,
541 3571 681 3641 Ὅρα
714 3574 822 3643 γὰρ
851 3573 1118 3643 νουνεχῶς
1145 3576 1225 3629 ὅτι
1266 3578 1526 3650 παιδίσκῃ
1555 3580 1663 3634 τινὶ
1710 3581 1843 3650 πρό·

274 3680 437 3732 τερον
467 3664 659 3733 οίκτρᾷ
691 3663 947 3733 θροηθεὶς
980 3667 1070 3718 τὸν
1099 3666 1417 3722 διδάσκαλον
1453 3671 1637 3740 τρίτον
1668 3673 1841 3743 ἠρνή-

276 3772 432 3817 σατο,
463 3754 539 3823 τῷ
569 3754 819 3822 παναγίῳ
850 3756 907 3808 δὲ
952 3758 1235 3832 Πνεύματι
1282 3761 1589 3830 στομωθεὶς
1615 3762 1843 3836 ὕστερον

280 3847 424 3916 μετά
454 3850 759 3918 παρρησίας
796 3851 876 3903 ὅτι
906 3851 1107 3921 πολλῆς
1136 3855 1467 3928 ἐδημηγόρει
1488 3862 1653 3929 μέσον
1682 3863 1837 3931 λαοῦ,

278 3939 582 3993 κάντεῦθεν
614 3940 829 3994 ἔπειθεν
878 3942 1125 4007 ἅπαντας
1171 3946 1567 4015 ἀνενδοιάστως
1607 3958 1845 4025 προσέρ-

276 4028 476 4098 χεσθαι
502 4029 581 4097 τῷ
608 4030 849 4099 Χριστῷ.

348 4120 487 4173 Μεθ’
510 4122 721 4190 ἡμέρας
749 4121 873 4185 οὖν,
904 4124 975 4187 ὡς
1006 4126 1253 4196 εἴρηται,
1286 4132 1625 4201 πεντήκοντα
1652 4134 1754 4206 τῆς
1785 4139 1849 4191 ἐκ

274 4212 494 4280 νεκρῶν
520 4214 793 4280 ὲγέρσεως
817 4213 913 4267 τοῦ
943 4217 1180 4285 Χριστοῦ
1206 4222 1237 4288 ἡ
1264 4222 1358 4274 τοῦ
1385 4226 1653 4293 παναγίου
1684 4228 1852 4282 Πνεύ-

282 4319 455 4371 ματος
507 4301 718 4369 γίνεται
768 4305 1010 4369 κάθοδος.
1068 4310 1225 4372 Τίνος
1274 4312 1493 4380 ἒνεκεν;
1529 4316 1649 4370 Ὀτι
1684 4320 1776 4372 καὶ
1823 4322 1851 4373 ὁ

277 4394 512 4456 παλαιὸς
546 4395 708 4461 νόμος
741 4395 799 4447 ἐν
832 4398 1013 4468 ἡμέρᾳ.
1049 4407 1386 4474 πεντηκοστῇ
1420 4405 1557 4459 Θεοῦ
1591 4411 1847 4476 φανέντος

274 4486 502 4539 ἐδίδοτο.
557 4486 711 4538 Κατὰ
765 4487 872 4554 γὰρ
924 4490 1014 4542 τὸν
1065 4494 1489 4564 χρυσορῥήμονα
1550 4499 1643 4551 καὶ
1699 4500 1843 4555 θεῖον

289 4575 581 4643 Ἰωάννην,
615 4575 813 4643 μᾶλλον
839 4576 895 4628 δὲ
925 4578 1065 4631 κατὰ
1093 4580 1194 4647 τὴν
1219 4583 1314 4633 τοῦ
1349 4583 1575 4637 θεόπτου
1605 4587 1847 4652 Μωσέως

276 4667 548 4735 ἱστορίαν,
592 4668 935 4734 ⁴πεντήκοντα
974 4669 1188 4737 διῆλθον
1224 4673 1426 4742 ἡμέραι
1475 4679 1613 4746 μετὰ
1649 4681 1749 4749 τὴν
1788 4681 1847 4744 ἐξ

272 4758 567 4825 Αἰγύπτου
603 4757 708 4809 τῶν
743 4758 1010 4812 Ἰουδαίων
1046 4761 1244 4825 ἔξοδον,
1285 4768 1379 4818 καὶ
1412 4769 1711 4835 τηνικαῦτα
1746 4774 1847 4835 τὰς

274 4850 688 4919 θεοχαράκτους
716 4852 745 4903 ό
772 4852 974 4921 Μωσῆς
1005 4852 1214 4915 πλάκας
1243 4854 1455 4911 ἐλαϐεν.
1490 4860 1553 4912 Εἰ
1579 4860 1759 4914 τοίνυν
1788 4864 1845 4915 ὲν

268 4943 522 5010 ἡμέραις
562 4941 895 5008 πεντήκοντα
934 4944 962 4995 ό
1006 4942 1231 5007 παλαιὸς
1276 4945 1472 5000 ἐδίδοτο
1517 4949 1702 5020 νόμος,
1742 4953 1848 5008 ἔδει

270 5030 505 5091 πάντως
548 5030 670 5082 κατ’
696 5031 911 5098 ἐκείνην
956 5031 1052 5100 τὴν
1095 5032 1306 5103 ἡμέραν
1346 5035 1566 5105 δοθῆναι
1612 5041 1709 5092 καὶ
1750 5042 1847 5111 τὴν

268 5119 378 5174 τοῦ
414 5120 689 5187 παναγίου,
717 5120 1030 5188 Πνεύματος
1063 5124 1225 5193 χάριν
1245 5163 1260 5189 ,
1291 5125 1365 5189 ὡς
1396 5129 1646 5198 ἐντεῦθεν
1665 5171 1681 5196 ,
1712 5134 1851 5201 ἀγα-

268 5213 448 5279 πητέ,
476 5212 619 5263 κατά
644 5227 708 5277 γε
734 5211 831 5280 τὴν
857 5213 1095 5267 Παλαιὰν
1122 5217 1215 5269 καὶ
1241 5217 1338 5287 τὴν
1363 5219 1522 5285 Νέαν,
1552 5224 1853 5293 ἀδιαίρετον

268 5304 566 5373 δειχθῆναι
591 5304 687 5373 τὴν
712 5304 875 5373 φύσιν
899 5306 996 5375 τῆς
1024 5306 1293 5376 θεότητος,
1320 5313 1411 5364 καὶ
1435 5314 1516 5367 ὅτι
1538 5316 1598 5366 τὸ
1626 5316 1855 5386 Πνεῦμα

268 5398 342 5448 τὸ
376 5396 534 5458 ἄτιον
567 5396 874 5461 ἐνομοθέτει
903 5399 997 5450 καὶ
1025 5401 1146 5452 τότε
1183 5402 1275 5453 καὶ
1308 5403 1424 5457 νῦν.

353 5487 473 5567 Καὶ,
490 5484 758 5554 ὤφθησαν
780 5486 960 5550 αὐτοῖς
987 5489 1437 5561 διαμεριζόμεναι
1462 5495 1698 5563 γλῶσσαι
1722 5498 1856 5554 ὡσεὶ⁹

267 5578 479 5646 πυρίας.
521 5577 617 5629 Διά
653 5577 704 5628 τί
739 5578 1012 5646 γλῶσσαι;
1051 5581 1239 5651 ἐπειδὴ
1276 5585 1628 5657 κηρύγματος
1663 5590 1853 5660 χρεία,

339 5760 578 5815 "Hebr.
621 5762 803 5829 ψει.
886 5765 926 5795 ⁴⁸⁷
964 5765 1080 5819 Act.
1132 5767 1264 5830 ",5.

1937 3221 2200 3285 efﬁceret,
2229 3236 2292 3275 ea
2322 3220 2389 3274 de
2419 3234 2582 3273 causa
2610 3217 2664 3273 in
2694 3218 2938 3287 perfecto
2968 3233 3187 3288 quoque
3230 3235 3459 3275 numero
3484 3258 3500 3279 .

1939 3314 2152 3369 decimo
2211 3312 2469 3366 nimirum
2511 3310 2622 3375 die,
2653 3324 2818 3377 super
2854 3323 2951 3363 eos
2999 3308 3300 3363 descendit.
3346 3309 3500 3373 Quod

1940 3414 2127 3459 autem
2156 3417 2221 3457 ex
2254 3398 2588 3469 imperfectis
2610 3398 2895 3468 discipulis
2924 3399 3193 3467 perfectos
3217 3399 3460 3453 effecerit
3486 3442 3500 3463 ,

1941 3507 2190 3548 summus
2238 3492 2330 3547 ille
2376 3490 2572 3545 Petrus
2623 3489 2757 3542 satis
2801 3488 3061 3542 ostendit.
3096 3487 3231 3542 Nam
3270 3489 3314 3542 si
3359 3489 3504 3543 hunc

1944 3584 2239 3653 diligenter
2280 3580 2553 3649 inspicere
2607 3579 2780 3643 voles,
2819 3578 3034 3633 videbis
3060 3578 3211 3633 illum
3243 3596 3272 3634 a
3304 3580 3503 3635 misera

1945 3675 2192 3730 territum
2251 3671 2511 3727 ancillula
2565 3671 2882 3738 magistrum
2934 3685 3093 3724 suum
3133 3680 3215 3725 ter
3254 3687 3504 3741 negasse.

1946 3765 2217 3830 Deinceps
2253 3777 2386 3816 vero
2425 3760 2780 3816 confirmatus
2829 3774 2859 3813 a
2904 3770 3093 3815 sancto
3145 3761 3349 3830 Spiritu
3393 3779 3507 3818 ma-

1948 3855 2093 3910 xima
2119 3867 2241 3907 cum
2276 3850 2474 3905 ﬁducia
2498 3859 2551 3904 ct
2581 3849 2691 3903 oris
2728 3848 2981 3903 libertate
3010 3851 3189 3905 medio
3222 3852 3274 3906 in
3308 3856 3506 3922 ρορυιη

1947 3945 2258 4017 perorabat,
2310 3941 2681 4010 omnibusque
2714 3942 3080 4010 persuadebat
3127 3954 3188 3997 ut
3235 3945 3302 3998 ad
3326 3946 3508 4011 ιϐιιτί-

1948 4046 2091 4093 stum
2124 4034 2260 4090 citra
2280 4032 2674 4089 dubitationem
2709 4046 2923 4086 omnem
2951 4034 3297 4090 accederent.

2018 4124 2145 4179 Post
2168 4123 2313 4178 diem
2335 4136 2485 4191 ergo,
2509 4136 2609 4176 ceu
2633 4120 2894 4186 diximus,
2929 4119 3444 4193 quinquagesimum
3475 4143 3503 4179 a

1949 4217 2154 4275 Christi
2191 4216 2258 4271 de
2284 4213 2514 4269 mortuis
2544 4213 2987 4281 (resurrectione,
3038 4214 3279 4282 Spiritus
3332 4218 3507 4270 sancti

1954 4309 2250 4363 descensus
2283 4304 2505 4361 accidit.
2535 4303 2899 4369 Quamobrem
2932 4304 3103 4359 illud?
3155 4306 3293 4372 Quia
3355 4317 3509 4362 vetus

1955 4402 2120 4455 etiam
2148 4399 2234 4451 lex
2267 4394 2723 4465 quinquagesimo
2747 4394 2835 4449 die
2866 4404 2989 4464 post
3038 4396 3133 4450 Dei
3191 4398 3513 4466 patefactio-

1952 4507 2075 4547 nem
2110 4490 2233 4544 data
2269 4489 2469 4543 fuerat.
2504 4487 2640 4541 Nam
2668 4494 2729 4540 ut
2756 4486 2980 4540 divinus
3008 4486 3099 4540 ille
3154 4489 3237 4542 vir
3269 4489 3509 4544 Joannes

1950 4582 2374 4652 Chrysostomus
2412 4578 2654 4648 scripsit,
2704 4577 2789 4631 vel
2817 4578 3001 4645 potius
3052 4587 3189 4632 teste
3219 4578 3381 4633 Mosis
3417 4580 3508 4634 Dei

1951 4673 2275 4740 spectatoris
2307 4672 2557 4743 historia.
2589 4669 2709 4724 dies
2762 4671 2830 4723 ab
2858 4670 3008 4723 exitu
3046 4667 3398 4723 llebrazorum
3445 4687 3509 4724 cx

1951 4767 2185 4837 [Egypto
2217 4766 2287 4819 ΞΟ
2318 4765 2490 4833 elapsi
2523 4764 2705 4828 erant,
2737 4776 2860 4815 cum
2892 4759 3227 4830 perscriptas
3247 4760 3511 4815 divinitus

1954 4857 2167 4910 tabulas
2190 4856 2371 4909 Moses
2398 4854 2631 4922 accepit.
2664 4851 2846 4916 Quare
2869 4849 2913 4904 si
2955 4849 3134 4918 prisca
3158 4849 3243 4904 lex
3280 4849 3367 4902 illa
3388 4849 3512 4903 data

1955 4946 2059 5002 fuit
2091 4946 2235 5000 intra
2271 4944 2417 5000 diem
2462 4941 3002 5013 quinquagesimum,
3059 4940 3351 5009 oportebat
3395 4956 3514 4993 om-

1955 5042 2086 5096 nino
2119 5039 2311 5095 eadem
2339 5038 2428 5093 die
2457 5038 2633 5093 sancti
2656 5036 2819 5089 etiam
2849 5033 3089 5101 Spiritus
3114 5032 3346 5102 gratiam
3370 5031 3515 5085 dari.

1954 5130 2030 5187 De
2062 5146 2193 5201 quo.
2222 5130 2299 5184 fili
2330 5129 2550 5193 dilecte,
2610 5126 2790 5197 colligi
2822 5133 3000 5195 potest
3062 5133 3172 5197 tam
3231 5123 3288 5176 in
3336 5122 3518 5191 prisco

1954 5237 2118 5290 quam
2149 5237 2292 5279 novo
2326 5220 2535 5276 findere
2564 5218 2729 5272 nobis
2761 5214 3002 5279 ostendi,
3032 5214 3179 5284 quod
3215 5223 3415 5268 natura
3437 5214 3520 5267 di—

1953 5313 2198 5367 vinitatis
2229 5311 2464 5366 indivisa
2494 5310 2588 5375 sit,
2619 5316 2952 5376 sanctusque
3007 5303 3248 5373 Spiritus
3308 5311 3417 5356 tam
3465 5304 3517 5357 id

1957 5404 2220 5473 temporis
2245 5416 2409 5471 quam
2441 5399 2601 5453 modo
2628 5399 2802 5468 legem
2843 5395 3172 5465 promulget.

2024 5496 2347 5563 Conspectae
2374 5500 2505 5545 sunt
2533 5496 2719 5544 autem
2748 5487 2802 5543 in
2831 5486 3093 5557 apostolis
3129 5485 3329 5556 lingua:
3369 5487 3520 5541 velut

1959 5589 2132 5656 ignea:
2170 5581 2473 5651 dispertita:
2497 5579 2563 5633 ".
2594 5576 2725 5644 Cur,
2757 5577 3013 5641 obsecro,
3066 5574 3262 5644 linguae
3287 5589 3514 5643 conspe-
