4212 6448
263 407 366 472 429

1478 413 1876 475 ANNALIUM
1917 413 2108 471 PARS
2147 411 2256 470 III.

3366 391 3469 466 430

265 525 420 586 λουν,
452 520 587 576 ἀλλά
623 539 711 575 κα.
747 523 946 586 πάντες
977 526 1024 577 οἱ
1062 525 1191 596 παρ’
1218 527 1398 580 αὐτῶν
1431 527 1813 597 βαπτιζόμενοι
1842 554 1854 585 λ

1921 533 2128 578 tantum
2166 522 2365 592 linguis
2395 520 2704 592 peregrinis
2732 519 3124 589 loquebantur,
3173 515 3267 570 sed
3305 515 3467 569 etiam

263 615 323 667 τὸ
351 612 586 667 τοιοῦτον
618 612 855 682 ἐδέχοντο
886 615 1149 683 χάρισμα.
1185 616 1288 670 Καὶ
1319 615 1474 669 τοῦτό
1503 617 1650 670 ἐστιν
1679 619 1812 684 ὅπερ

263 702 292 750 6
329 700 527 769 Κύριος
559 699 735 764 ἔλεγε·
780 718 798 750 ‹
829 700 1032 767 Σημεῖα
1053 701 1108 753 δὲ
1141 704 1252 762 τοῖς
1291 702 1612 757 πιστεύσασι
1645 704 1815 756 ταῦτα

271 788 769 857 παρακολουθήσει·
803 792 859 840 ὲν
890 790 966 858 τῷ
995 790 1218 859 ὀνόματί
1247 809 1346 859 μου
1374 792 1623 860 δαιμόνια
1657 793 1816 844 ἐκϐα-

266 876 413 927 ).οὖσι
435 917 449 939 ,
482 875 753 942 γλώσσαις
785 876 1082 945 λαλήσουσι
1115 882 1347 941 καιναῖς.
1387 898 1406 930 ι
1443 881 1550 931 Καὶ
1585 880 1684 946 ὅρα
1717 878 1818 930 δώ-

264 966 394 1016 δεκα
426 968 483 1017 ἐν
519 966 724 1033 Ἐφέσῳ
755 965 982 1034 ἄνδρας,
1016 967 1090 1028 ὡς
1119 969 1146 1018 6
1177 969 1390 1030 Λουκᾶς
1421 969 1652 1037 ἱστορεῖ,
1687 987 1818 1038 προ-

267 1055 662 1119 δαπτισθέντας
718 1056 815 1123 μὲν
863 1058 941 1118 είς
987 1058 1044 1109 τὸ
1090 1057 1182 1108 τοῦ
1216 1058 1465 1111 Ἰωάννου
1516 1060 1818 1128 βάπτισμα,

269 1141 491 1205 Πνεῦμα
530 1142 584 1192 δὲ
626 1148 699 1210 μὴ
737 1143 934 1194 εἰδέναι
966 1144 1018 1195 τί
1061 1146 1189 1198 ποτέ
1227 1147 1343 1199 ἐστι
1379 1147 1631 1214 λέγοντας
1655 1163 1667 1176 ·
1707 1149 1820 1200 ἀλλ’

267 1229 430 1297 ήνίκα
463 1231 556 1292 τὰς
596 1234 781 1299 χεῖρας
819 1235 846 1284 6
886 1232 1095 1296 Παῦλος
1135 1235 1395 1304 ἐπέθηκε,
1427 1238 1732 1307 τηνικαῦτα
1764 1240 1824 1292 τὸ

265 1318 375 1367 τῶν
425 1318 682 1384 γλωσσῶν
733 1320 979 1388 ἐδέχοντο
1027 1323 1294 1390 χάρισμα.
1339 1323 1556 1395 Ἐπειδὴ
1606 1327 1715 1394 γὰρ
1764 1327 1824 1378 τὸ

270 1406 494 1474 Πνεῦμα
521 1407 580 1456 τὸ
611 1409 764 1474 ᾰγιον
793 1410 1022 1475 ἀόρατον
1050 1405 1145 1479 ἦν,
1177 1411 1282 1463 ἔδει
1313 1412 1525 1473 πάντως
1555 1417 1651 1482 τῆς
1682 1415 1824 1467 ἐκείσ

269 1512 360 1545 νου
398 1497 698 1563 παρουσίας
733 1498 986 1565 αἰσθητόν
1022 1516 1144 1551 τινα
1179 1500 1425 1567 γίνεσθαι
1459 1503 1712 1571 ἔλεγχον,
1750 1505 1824 1568 ὼς

269 1584 516 1635 ἐντεῦθεν
551 1587 885 1649 ἀδιστὰκτως
920 1589 1011 1639 ἐπὶ
1043 1588 1105 1640 τὸ
1144 1588 1286 1642 θεῖον
1323 1589 1545 1660 λουτρὸν
1581 1594 1827 1658 ἅπαντας

267 1673 546 1741 ἔρχεσθαι.
577 1676 747 1728 Τοῦτο
784 1678 968 1745 μέντοι
999 1678 1061 1730 τὸ
1091 1681 1336 1750 χάρισμα
1366 1682 1580 1751 ἠρέθισε
1615 1689 1708 1736 καὶ
1736 1685 1827 1738 τὸν

270 1763 490 1830 Σίμωνα
516 1767 628 1826 τοῖς
657 1767 971 1830 ἀποστόλοις
996 1784 1055 1820 τε
1084 1771 1402 1838 προσελθεῖν
1423 1774 1519 1826 καὶ
1542 1776 1600 1827 τὸ
1634 1775 1828 1843 βάπτι-

271 1868 384 1917 σμα
416 1855 744 1922 αίτήσασθαι
768 1870 782 1886 ⁶
814 1860 861 1908 εί
898 1858 971 1926 μὴ
1004 1860 1110 1929 γὰρ
1139 1860 1401 1932 αἰσθητὴν
1432 1863 1579 1932 ἐώρα
1608 1867 1705 1935 τὴν
1734 1866 1828 1922 τοῦ

270 1942 586 2009 Πνεύματος
630 1945 880 2013 δύναμιν,
929 1947 1030 2000 οὐκ
1071 1949 1137 2001 ἂν
1183 1950 1392 2015 ἐκεῖνος
1437 1955 1547 2016 τοῖς
1592 1957 1829 2024 Χριστοῦ

269 2036 613 2122 προτήρχετο
665 2037 954 2106 μαθηταῖς,
995 2039 1094 2092 οὐκ
1138 2040 1204 2094 ἂν
1251 2043 1470 2114 ἐπιδεὴς
1512 2047 1693 2099 αὐτῶν
1738 2051 1832 2101 ἐπὶ

268 2119 522 2221 τοσοῦτον
550 2123 956 2221 ἐφαίνετοἿΚαὶ
991 2128 1112 2181 τότε
1141 2129 1244 2198 μὲν
1269 2133 1318 2184 οί
1347 2132 1734 2205 βαπτιζόμενοι
1764 2142 1831 2210 τῇ

269 2214 368 2262 τοῦ
402 2214 664 2280 πσναγὶου
701 2217 1014 2283 Πνεύματος
1049 2221 1391 2292 ἐπιφοιτήσει
1425 2225 1487 2278 τὸ
1516 2229 1624 2281 τῶν
1657 2230 1834 2295 γλωσ-

271 2302 386 2394 σῶν
411 2303 651 2373 ἐδέχοντο
677 2307 921 2378 χάρισμα
942 2324 957 2340 ⁸
987 2313 1080 2365 ἰπὶ
1104 2312 1161 2365 δέ
1185 2329 1248 2381 γε
1271 2315 1399 2379 τοὺς
1425 2319 1554 2389 περὶ
1576 2321 1666 2373 τὸν
1693 2325 1834 2394 K09-

270 2393 458 2463 νήλιον
485 2396 581 2449 καὶ
610 2396 714 2467 πρὸ
742 2398 835 2451 τοῦ
867 2401 1230 2470 βαπτισθῆναι
1260 2407 1495 2462 ἐπέπεσε
1521 2412 1580 2464 τὸ
1610 2393 1833 2484 Πνεῦμα

269 2485 558 2584 tre-5.3m,
591 2490 686 2584 διαὶ
719 2491 938 2584 ἐλάλουν
964 2493 1257 2584 γλώσσαις.
1293 2501 1392 2554 Διὰ
1419 2502 1472 2554 τί
1507 2503 1565 2556 δὲ
1597 2508 1693 2559 καὶ
1727 2509 1834 2577 πρὸ

271 2573 765 2668 τοῦὶβαπτισθῆναι
791 2579 891 2653 τὴν
920 2583 1012 2636 τοῦ
1043 2589 1307 2656 παναγίου
1340 2592 1652 2663 Πνεύματος
1681 2573 1833 2668 ινέρ.

271 2681 433 2731 γειαν
470 2667 744 2760 ὲδίχοντος
786 2673 874 2726 διὰ
908 2674 1009 2742 τὴν
1045 2677 1245 2746 πολλὴν
1281 2682 1391 2735 τῶν
1429 2684 1495 2737 ὲκ
1539 2667 1845 2760 περιτομῆς

274 2758 682 2850 ⁴πιστευσάντων
720 2761 1013 2831 διάκρισιν.
1055 2768 1396 2838 Διεκρίνοντο
1436 2775 1543 2844 γὰρ
1583 2758 1843 2850 οὗτοιήμὴ

277 2846 530 2986 θέλοκὲτες
579 2852 676 2903 καὶ
725 2851 1148 2925 βαπτιζομένοις
1197 2862 1311 2924 τοῖς
1359 2861 1592 2928 ἑθνικοῑς
1645 2846 1845 2937 ἀναιιιἐ

277 2951 420 2986 γνυσ
457 2953 534 2986 αι.
621 2961 625 2965 ·

276 2951 534 2999 γνυσυαι.
621 2961 625 2965 ·

1915 617 2096 670 caeteri
2133 629 2344 674 omnes,
2391 620 2662 681 quotquot
2713 610 3132 679 baptizabantur
3195 606 3263 659 ab
3318 606 3468 673 ipsis.

1917 707 2121 761 donum
2154 703 2420 774 ejusmodi
2451 700 2954 769 consequebantur.
3002 698 3178 766 Atque
3207 697 3309 748 hoc
3340 696 3474 746 illud

1917 793 2172 861 estquod
2209 793 2469 845 Dominus
2519 791 2658 844 dixit
2707 807 2719 843 :
2764 808 2781 840 ι
2822 791 2986 858 Signa
3041 786 3327 839 credentes
3362 787 3473 836 hmo.

1921 883 2333 937 comitabuntur
2364 899 2377 934 :
2416 882 2470 934 in
2527 880 2752 934 nomine
2785 892 2908 932 meo
2953 877 3143 947 genios
3176 874 3471 943 expelli-nt,

1919 982 1974 1027 et
2005 972 2208 1041 linguis
2239 971 2395 1025 novis
2429 969 2814 1036 inusitatisquc
2870 965 3282 1034 loquentur".s
3341 962 3475 1013 Vill:

1921 1064 2053 1133 quid
2085 1064 2216 1117 viris
2244 1064 2351 1117 illis
2383 1061 2670 1116 duodecim
2703 1057 2984 1117 acciderit,
3018 1056 3112 1124 qui
3146 1052 3343 1122 Ephesi
3379 1053 3476 1104 dc-

1923 1163 2132 1224 gentes,
2164 1161 2223 1208 nt
2256 1153 2433 1207 Lucas
2471 1155 2884 1211 commemorat,
2937 1145 3198 1214 baptizati
3253 1142 3475 1211 quidem

1923 1254 2083 1298 erant
2109 1244 2166 1296 in
2192 1244 2525 1311 baptismum
2553 1239 2805 1302 Joannis,
2836 1236 3080 1290 nondum
3116 1244 3300 1288 tamen
3332 1231 3478 1286 scire

1924 1350 1982 1390 se
2015 1334 2412 1403 proﬁtebantur
2440 1330 2571 1399 quid
2611 1337 2761 1384 esset
2813 1325 3069 1395 Spiritus.
3106 1324 3304 1376 Verum
3335 1331 3482 1388 post-

1923 1436 2150 1491 eaquam
2183 1421 2379 1475 Paulus
2406 1420 2487 1473 eis
2518 1431 2713 1472 manus
2758 1413 3130 1482 imposuisset,
3173 1411 3482 1480 linguarum

1927 1513 2131 1567 donum
2169 1511 2305 1566 illud
2333 1507 2702 1577 accipiebant.
2761 1505 2896 1560 Nam
2928 1504 3056 1573 quia
3091 1501 3333 1570 Spiritus
3360 1515 3482 1553 san-

1927 1611 2048 1658 ctus
2076 1610 2199 1658 erat
2247 1599 2674 1670 inaspectabilis,
2721 1599 2881 1669 227
2927 1596 3218 1666 oportebat
3259 1593 3494 1647 omnino

1927 1693 2130 1748 sensile
2179 1691 2459 1761 quoddam
2508 1699 2892 1761 argumentum
2948 1685 3255 1756 praesentiae
3310 1681 3487 1751 ipsius

1931 1784 2046 1846 edi.
2076 1790 2137 1837 ut
2165 1781 2304 1836 citra
2332 1781 2498 1835 ullam
2555 1778 2955 1834 haesitationem
3009 1787 3203 1829 omnes
3240 1771 3488 1824 divinum

1892 1860 1900 1912 ῗ
1931 1872 2068 1927 illud
2101 1870 2168 1925 ad
2196 1871 2476 1924 lavacrum
2514 1868 2863 1922 accederent.
2915 1864 3028 1918 Hoc
3072 1871 3256 1917 autem
3283 1860 3488 1914 donum

1931 1961 2207 2017 Simonem
2227 1960 2393 2016 etiam
2420 1959 2691 2022 incitavit,
2725 1967 2786 2010 ut
2812 1956 2876 2009 ad
2906 1954 3187 2024 apostolos
3205 1949 3494 2006 accederet

1933 2065 1997 2104 ac
2031 2052 2365 2119 baptismum
2390 2049 2695 2117 postularet
2723 2067 2735 2099 :
2767 2047 2973 2114 quippe
3031 2043 3137 2097 nisi
3193 2042 3303 2095 vim
3338 2050 3493 2109 pote-

1933 2149 2238 2209 statemque
2259 2139 2499 2208 Spiritus
2526 2135 2917 2203 aspectabilem
2936 2134 3186 2197 vidisset,
3201 2132 3268 2186 ad
3290 2131 3494 2186 Christi

1936 2230 2236 2299 discipulos
2263 2244 2375 2285 non
2413 2229 2758 2292 accessisset,
2805 2240 2910 2281 nec
2959 2239 3022 2279 se
3076 2225 3319 2293 ipsorum
3349 2222 3498 2276 indi-

1940 2338 2068 2394 gere
2097 2337 2263 2392 opera
2297 2330 2562 2390 putasset.
2589 2321 2666 2375 Ac
2702 2331 2832 2373 tunc
2863 2332 2995 2373 sane
3019 2317 3112 2386 qui
3138 2315 3498 2386 baptizaban-

1942 2421 2053 2476 tur,
2091 2411 2298 2465 donum
2328 2411 2638 2480 linguarum
2670 2409 3014 2478 accipiebant
3036 2423 3144 2460 una
3168 2421 3292 2460 cum
3320 2406 3498 2475 Spiri-

1942 2513 2031 2558 tus
2063 2503 2238 2558 sancti
2263 2501 2630 2557 immissione.
2657 2502 2726 2554 At
2760 2500 2816 2552 in
2846 2513 2944 2553 eos
2970 2497 3062 2568 qui
3087 2511 3212 2551 cum
3241 2495 3498 2551 Cornelio

1938 2601 2126 2658 erant,
2153 2594 2296 2648 idem
2324 2594 2565 2663 Spiritus
2597 2600 2824 2646 sanctus
2867 2591 3037 2645 etiam
3083 2587 3288 2642 decidit
3338 2596 3500 2640 ante-

1940 2702 2103 2758 quam
2137 2687 2572 2755 baptizarentur,
2605 2684 2899 2751 itidemque
2923 2679 3125 2750 linguis
3154 2687 3283 2733 ante
3318 2679 3501 2745 bapti-

1941 2790 2120 2830 smum
2157 2773 2392 2828 diversis
2419 2772 2813 2842 loquebantur.
2845 2769 2956 2825 Cur
2990 2768 3068 2834 hi,
3098 2781 3304 2836 quasso,
3347 2766 3500 2833 prius

1942 2875 2108 2922 etiam
2135 2866 2310 2924 sancti
2351 2864 2593 2935 Spiritus
2652 2861 3037 2918 eﬂicacitatem
3068 2857 3503 2927 experiebantur

1939 2971 2106 3032 quam
2177 2954 2641 3027 baptizarentur?
2689 2953 2922 3022 Propter
2975 2950 3208 3006 nimium
3265 2947 3502 3017 superba

205 3051 214 3057 -
277 3025 496 3081 scilicet
525 3042 717 3084 eorum
767 3033 1101 3104 prejudicia,
1157 3038 1250 3108 qui
1307 3044 1468 3098 antea
1528 3037 1843 3106 circumcisi

1892 3025 2267 3106 crediderant.
2321 3049 2537 3103 Etenim
2572 3046 2651 3100 illi
2681 3060 2739 3100 se
2794 3043 2865 3100 ab
2889 3043 3015 3099 aliis
3039 3041 3421 3112 segregabam,
3449 3049 3505 3092 et

278 3134 353 3173 ne
385 3135 512 3213 cum
547 3121 830 3192 baptizatis
857 3127 1082 3196 quidem
1133 3133 1371 3196 ethnicis
1412 3141 1710 3213 quidquam
1738 3145 1940 3202 habere
1967 3144 2283 3201 commercii
2321 3142 2601 3196 volebant.
2631 3122 2635 3126 ”

355 3211 484 3312 ρῖδα
509 3216 600 3312 ,
627 3220 909 3312 aranei,
935 3224 1017 3278 δτι
1044 3227 1137 3284 καὶ
1161 3233 1253 3288 τὸν
1275 3237 1464 3306 καιρὸν
1488 3211 1719 3310 existim
1746 3257 1848 3312 μα-

1892 3247 1919 3304 3
2021 3239 2290 3295 Praeterea
2312 3253 2422 3292 non
2449 3237 2666 3306 ignoro,
2694 3232 2891 3289 dilecte
2917 3231 3014 3295 ﬁli,
3050 3243 3252 3299 cupere
3275 3236 3328 3282 te
3368 3227 3504 3282 illud

282 3306 401 3401 θεῖν
430 3306 551 3360 καθ’
573 3308 633 3360 ὃν
661 3311 694 3378 ὴ
723 3310 820 3363 τοῦ
855 3321 1122 3389 μακαρίου
1159 3325 1372 3378 Παύλου
1410 3328 1599 3397 γέγονε
1631 3306 1845 3401 κλῆσις.

280 3399 398 3464 Καὶ
430 3401 572 3453 κατά
603 3404 753 3472 τινὰς
789 3404 888 3480 μὲν
922 3413 1254 3482 ἱστορικοὺς,
1291 3418 1386 3470 καὶ
1423 3420 1622 3486 μᾶλλον
1658 3399 1846 3476 Ἱππὸ-

279 3489 445 3582 autat!
472 3492 564 3547 τὸν
583 3489 849 3566 ὓηὸαῐον,
879 3501 1116 3555 ἐνιαυτοὶ
1145 3503 1358 3574 διῆλθον
1388 3507 1434 3571 ζ’
1465 3512 1601 3578 μετὰ
1627 3512 1728 3582 τὴν
1755 3510 1847 3565 τοῦ

279 3581 499 3652 κυρίου
543 3590 607 3640 ἐκ
643 3592 851 3661 νεκρῶν
890 3593 1210 3662 ἀνάστασιν,
1249 3600 1342 3653 καὶ
1382 3602 1411 3654 6
1451 3581 1851 3674 πρωωμάρτυς

281 3674 558 3742 Στέφανος
583 3680 644 3730 τὸ
674 3682 944 3751 μακάριον
972 3685 1122 3748 τέλος
1148 3686 1365 3753 ιδὲξατο
1385 3702 1403 3722 ⁸
1435 3691 1572 3759 μετὰ
1599 3693 1655 3746 δὲ
1679 3694 1852 3748 ταῦτα

278 3764 422 3818 ὡσεὶ
467 3770 635 3836 μῆνες
678 3770 890 3838 διῆλθον
928 3773 1007 3839 ἒξ,
1050 3779 1146 3830 καὶ
1185 3779 1218 3848 ἡ
1263 3780 1358 3832 τοῦ
1402 3781 1616 3837 Παύλου
1663 3784 1851 3852 γέγονε

280 3857 502 3926 κλῆσις.
529 3859 668 3912 Ἀλλ’
689 3863 721 3928 ὴ
754 3861 1014 3916 Εὑσεὸίου
1040 3867 1132 3921 τοῦ
1164 3869 1449 3936 Παμφίλου
1480 3873 1686 3943 ἱστορία
1715 3873 1854 3938 διέξο

279 3964 427 4000 εισιν
474 3949 548 4012 ὡς
583 3949 736 4004 οὔπω
785 3948 867 4017 εἷς
904 3956 1152 4021 ἐνιαυτὸς
1186 3960 1549 4031 ἐπεπλήρωτο
1584 3963 1724 4031 μετά
1755 3965 1853 4033 τὴν

277 4041 352 4090 ὲκ
385 4041 591 4108 νεκρῶν
619 4042 714 4095 τοῦ
749 4045 954 4114 Κυρίου
984 4049 1283 4104 ἀνάστασιν
1304 4092 1318 4116 ,
1352 4055 1447 4107 καὶ
1473 4053 1645 4108 ταῦτα
1675 4057 1852 4113 πάντα

274 4128 538 4194 ἐγένετο,
572 4131 622 4182 οί
657 4127 810 4185 ἆθλοί
842 4150 902 4186 τε
934 4135 1030 4188 τοῦ
1067 4143 1532 4210 πρωτομάρτυρος
1567 4144 1664 4196 καὶ
1693 4145 1727 4212 ἡ
1757 4145 1851 4197 τοῦ

276 4221 572 4289 μακαρίου
623 4223 837 4276 Παύλου
887 4228 1262 4294 προσέλευσις.
1304 4231 1442 4284 Ἀλλ’
1469 4229 1539 4303 ἦν
1590 4234 1718 4289 ίδεῖν
1765 4235 1853 4286 ἐπ’

267 4308 439 4375 αὑτῷ
488 4311 787 4379 τηνικαῦτα
834 4315 1209 4385 πληρούμενον
1254 4320 1316 4373 τὸ
1361 4321 1539 4385 λόγιον
1569 4324 1631 4376 τὸ
1662 4325 1853 4392 λέγονο

276 4419 304 4450 σ
352 4400 466 4452 Ποῦ
499 4402 748 4468 ὑπάγεις,
781 4399 925 4468 οῖδας
950 4425 964 4439 ο
1001 4410 1050 4462 τί
1079 4411 1134 4463 δὲ
1169 4411 1380 4480 μέλλεις
1412 4415 1619 4480 παθεῖν,
1651 4418 1750 4470 οὐκ
1777 4413 1854 4470 οῖ·-

261 4491 406 4548 δας.
457 4510 474 4541 ι
521 4493 834 4558 Ἐπιπολὰς
878 4499 986 4568 γὰρ
1032 4502 1141 4554 ἀπὸ
1181 4504 1290 4555 τῶν
1332 4508 1632 4575 ἀρχιερέων
1672 4508 1854 4575 λαβὼν

258 4583 433 4636 ὥστε
468 4583 722 4636 ἀπελθεῖν
756 4586 852 4639 καὶ
878 4589 1005 4652 τοὺς
1036 4571 1385 4660 ὁπουδήποτε
1406 4571 1852 4667 παρευρισκομέ-

255 4685 415 4730 you;
457 4669 821 4738 Χριστιανοὺς
865 4677 1133 4748 ἀναιρεῖν.
1173 4681 1442 4750 imperitat
1484 4687 1606 4746 τοὺς
1635 4687 1850 4755 depecul-

257 4760 429 4831 μοὺς
481 4759 645 4813 αὐτοῦ
698 4762 818 4815 καθ’
847 4764 962 4818 666v
991 4781 1006 4796 ο
1060 4756 1437 4839 περιήστραψε
1486 4773 1594 4842 γὰρ
1641 4775 1849 4828 ἀνωθεν

1949 3332 2113 3386 etiam
2139 3341 2355 3399 tempus
2384 3342 2546 3382 nosse
2571 3340 2680 3395 quo
2715 3324 2911 3379 beatus
2943 3322 3033 3378 ille
3057 3320 3258 3376 Paulus
3283 3327 3511 3373 vocatus

1950 3422 2135 3478 fuerit.
2173 3422 2244 3476 De
2270 3421 2658 3474 nmmullorum
2694 3415 2915 3484 quidem
2948 3411 3340 3467 historicorum
3380 3423 3476 3462 sen
3506 3435 3514 3444 -

1953 3515 2141 3577 tentia,
2181 3511 2483 3581 praserlim
2521 3506 2796 3577 Hippolyti
2821 3502 3093 3565 Thebani,
3125 3510 3251 3570 post
3295 3497 3510 3552 Domini

1950 3620 2016 3658 ex
2041 3604 2271 3657 mortuis
2307 3599 2772 3654 resurrectionem
2805 3593 2935 3648 anni
2962 3600 3172 3660 septem
3214 3588 3506 3658 pratterie-

1950 3698 2091 3754 rant,
2119 3703 2242 3743 cum
2268 3688 2487 3743 testium
2517 3684 2768 3740 veritatis
2790 3681 3047 3752 princeps
3077 3678 3167 3733 ille
3196 3676 3510 3744 Stephanus

1952 3783 2172 3837 beatum
2207 3780 2331 3834 vita:
2360 3778 2522 3832 linem
2552 3783 2637 3831 est
2659 3782 3023 3837 consecutus;
3074 3771 3142 3825 ab
3184 3769 3300 3837 ejus
3331 3777 3514 3820 autem

1952 3881 2130 3928 morte
2175 3871 2459 3926 mensibus
2506 3881 2679 3937 prope
2727 3880 2821 3921 sex
2859 3863 3060 3933 elapsis
3105 3861 3262 3916 Pauli
3299 3858 3516 3912 vocatio

1953 3962 2096 4017 laeta
2152 3973 2257 4014 est.
2319 3957 2523 4014 Verum
2573 3955 2799 4010 Eusebii
2855 3952 3124 4021 Pamphili
3180 3949 3278 4003 lilii
3329 3956 3516 4002 narrat

1953 4052 2186 4106 historia
2215 4050 2460 4104 nondum
2513 4046 2787 4102 aDomini
2846 4043 3255 4100 resurrectione
3312 4055 3516 4093 annum

1955 4156 2125 4200 unum
2151 4147 2408 4194 exactum
2441 4137 2632 4201 fuisse,
2657 4150 2781 4190 cum
2820 4134 2935 4189 haec
2963 4131 3147 4186 omnia
3174 4128 3390 4188 tierent,
3430 4127 3518 4180 ni-

1955 4231 2156 4283 mirum
2208 4227 2470 4296 principis
2520 4226 2671 4280 illius
2739 4224 2894 4278 testis
2933 4222 3234 4277 certamina
3264 4219 3521 4286 beatique

1957 4320 2109 4375 Pauli
2137 4319 2204 4374 ad
2234 4319 2395 4373 tidem
2425 4317 2693 4372 accessio.
2715 4315 2849 4370 Erat
2888 4322 3071 4368 autem
3130 4313 3184 4365 in
3239 4325 3304 4365 eo
3331 4310 3518 4363 videre

1959 4409 2146 4480 perﬁci
2173 4417 2286 4462 tum
2319 4407 2584 4476 temporis
2611 4405 2898 4460 oraculum
2951 4403 3077 4464 hoc,
3128 4415 3238 4470 quo
3269 4399 3471 4453 dicitur
3501 4417 3514 4449 :

1963 4500 2144 4555 «Nosti
2173 4515 2285 4570 quo
2331 4513 2550 4568 pergas,
2607 4495 2672 4551 ad
2707 4494 2839 4564 quid
2893 4500 3218 4548 eventurum
3277 4490 3377 4545 tibi
3425 4490 3514 4551 sit,

1960 4593 2233 4662 ignoras.)
2276 4590 2492 4646 Etenim
2523 4603 2646 4643 cum
2682 4588 2895 4642 litteras
2927 4601 2958 4639 a
2988 4582 3342 4653 pontiﬁcibus
3362 4597 3520 4635 acce-

1960 4684 2151 4752 pisset,
2187 4691 2248 4735 ut
2270 4679 2549 4750 profectus
2588 4678 2642 4734 in
2673 4678 2778 4731 alia
2801 4678 2922 4730 loca
2957 4674 3136 4729 ubivis
3159 4673 3402 4742 gentium
3429 4672 3526 4722 de-

1959 4773 2264 4842 prehensos
2296 4770 2642 4826 Christianos
2692 4782 2721 4820 e
2773 4766 2958 4820 medio
3002 4764 3238 4823 tolleret,
3293 4762 3414 4829 ipso
3468 4761 3521 4813 iu

249 4851 457 4905 αὐτὸν
485 4850 724 4919 ἄρρητον
750 4853 898 4920 φῶς,
930 4855 1026 4908 καὶ
1059 4856 1232 4921 οὕτως
1263 4862 1313 4912 οἱ
1339 4860 1436 4914 τοῦ
1472 4862 1723 4932 σώματος
1755 4869 1853 4918 αὑ·-

247 4939 385 4995 τοῦ
415 4938 596 5007 λύχνοι
619 4944 959 5012 παραχρῆμα
985 4947 1339 5018 ὲσὸέσθησαν.
1373 4951 1531 5006 Ἀλλά
1554 4955 1650 5015 καὶ
1672 4958 1854 5026 φωνῆς

241 5029 501 5089 ῶνωθιν
526 5030 728 5101 ἢκουσε
762 5035 902 5103 πρὸς
921 5037 1086 5091 αὐτὸν
1112 5036 1256 5092 οὕτω
1287 5039 1571 5116 λεγούσηςο
1616 5062 1635 5096 ι
1663 5046 1852 5112 Σαοὺλ,

243 5121 518 5183 Σαοὼ
547 5123 839 5188 (τουτέστιν
860 5125 1073 5194 ἀδελφὲ,
1094 5130 1336 5198 ἀδελφὲ),
1367 5134 1448 5186 «τί
1458 5151 1538 5204 ,με
1557 5135 1800 5204 διώκεις;
1831 5157 1850 5189 ι

240 5210 581 5271 Στέλλεται
608 5211 792 5266 λοιπὸν
819 5215 950 5284 πρὸς
983 5217 1255 5281 Ἀνανίαν.
1278 5227 1372 5274 καὶ
1402 5223 1686 5295 βάπτισμα
1711 5228 1858 5298 δέχε-

237 5320 380 5358 ται
401 5339 417 5362 ,
452 5300 744 5354 κάντεῦθεν
775 5305 1066 5370 φωτίζεται
1098 5308 1224 5372 τούς
1251 5327 1310 5363 τε
1339 5311 1603 5381 ψυχικοὺς
1631 5320 1726 5370 καὶ
1755 5334 1860 5371 σω-

240 5389 563 5468 parmai»;
597 5391 929 5461 ὀφθαλμούς.
965 5398 1243 5466 Κηρύσσει
1276 5401 1461 5455 λοιπὸν
1491 5406 1518 5456 6
1552 5405 1856 5475 πάμμεγας

236 5485 509 5548 Παῦλος
539 5487 635 5554 ἐτη
664 5483 756 5539 λε’.
776 5487 865 5538 Ἐν
891 5489 997 5557 γὰρ
1026 5489 1103 5557 τῷ
1133 5490 1342 5562 δεκάτῳ
1365 5494 1538 5565 ὀγδόῳ
1564 5495 1673 5548 ἔτει
1697 5497 1859 5550 Τιϐε-

239 5581 416 5655 ρίου
462 5575 735 5644 Καίσαρος
766 5575 824 5626 τὸ
864 5577 1129 5648 σωτήριον
1162 5580 1333 5646 πάθος
1368 5584 1560 5654 γέγονε
1588 5585 1680 5641 τοῦ
1722 5586 1860 5657 Χρι.

1958 4864 2158 4918 itinere
2187 4876 2319 4916 suos
2343 4859 2534 4915 oculos
2563 4858 2785 4913 amittit.
2825 4856 2964 4911 Nam
2999 4855 3094 4909 lux
3142 4853 3390 4922 quaedam
3440 4852 3523 4903 in—

1958 4952 2298 5024 explicabilis
2325 4966 2451 5006 eum
2490 4951 2709 5004 coalitus
2740 4947 3128 5009 circumtulsit,
3173 4959 3282 5013 quo
3316 4945 3517 4996 factum

1964 5054 2023 5098 ut
2056 5042 2308 5110 corporis
2336 5040 2508 5110 ipsius
2539 5039 2684 5093 faces
2710 5039 2979 5093 continuo
3011 5036 3522 5102 exstinguerentur.

1963 5134 2228 5188 Praeterea
2259 5147 2446 5186 vocem
2523 5147 2554 5186 e
2586 5130 2812 5185 sublimi
2851 5145 2909 5184 se
2961 5128 3378 5196 compellantem
3443 5125 3525 5176 his

1962 5224 2144 5279 verbis
2169 5224 2414 5278 audivit:
2463 5222 2677 5285 «Saule,
2711 5222 2897 5282 Saule,
2933 5221 3063 5288 quid
3107 5235 3192 5273 me
3228 5232 3526 5286 perseque-

1964 5316 2101 5370 ris“
2125 5316 2212 5367 "is
2243 5314 2384 5368 llinc
2413 5312 2481 5368 ad
2520 5312 2783 5367 Ananiam
2827 5311 3150 5374 remittitur,
3193 5308 3526 5378 baptismum

1964 5406 2212 5475 recepit;
2247 5406 2392 5460 oculi
2426 5405 2547 5472 ejus
2571 5414 2677 5458 tam
2703 5403 2967 5457 animales
2993 5415 3162 5472 quam
3206 5396 3524 5468 corporales

1965 5497 2394 5563 collustrantur;
2434 5497 2674 5563 denique
2705 5496 2786 5548 vir
2808 5494 3045 5549 eximius
3073 5493 3143 5547 ab
3176 5507 3240 5545 co
3277 5500 3524 5558 tempore

1967 5589 2095 5645 totis
2125 5589 2193 5644 55
2227 5589 2386 5643 annis
2413 5587 2816 5658 praedicationis
2839 5600 3069 5642 munere
3101 5585 3364 5654 fungitur.
3391 5581 3524 5635 Nam

351 5762 411 5793 ἰ
450 5760 620 5812 Μειιϊ.
653 5774 758 5814 avt.
804 5761 850 5813 Ι.
916 5761 992 5791 ⁷¹⁹
1033 5762 1152 5817 Act.
1189 5779 1264 5824 Ix.
1297 5764 1349 5819 4.
