4212 6448
263 392 361 453 till

1506 391 1899 451 ANNALIUM
1943 394 2136 455 PARS
2175 397 2287 456 ῙΠ.

3392 401 3501 466 4ίὲ

272 507 444 568 ἀξίοις
485 503 684 572 ἑαυτὴν
732 500 1079 571 ἐμφανίζεις·
1122 501 1155 569 ἡ
1190 500 1294 570 γὰρ
1336 499 1476 569 σὰρξ
1522 500 1620 576 οὐκ
1659 501 1825 568 ἐμπο-

1936 501 2051 556 haec
2099 519 2221 572 qua:
2274 504 2507 559 dicimus
2562 520 2692 560 cave
2744 521 2841 576 pro
2871 506 3052 562 fabula
3084 507 3328 563 duxeris.
3364 512 3499 567 Nam

211 620 213 623 ι
263 596 396 658 δίζει
425 598 491 662 τῇ
521 592 749 660 δυνάμει
780 592 872 644 καὶ
904 590 1156 659 ἐνεργείᾳ
1176 588 1267 642 τοῦ
1304 574 1611 657 πνεύματός
1652 604 1766 643 σου.
1806 605 1825 637 ι

265 685 375 735 Καὶ
408 680 563 744 αὖθις
587 698 600 712 ’
639 700 657 732 ι
693 679 766 733 Τὸ
808 679 908 748 μὲν
942 678 1102 748 σῶμά
1132 694 1225 731 σου
1260 677 1321 729 τὸ
1346 676 1672 746 παρθενικδν
1708 676 1828 728 ὅλον

265 774 421 839 ἅγιόν
447 775 613 836 ἐστιν,
643 770 1001 848 ἀλλαγὶνλιὲν
1026 769 1101 830 ὡς
1130 768 1475 838 ἀνθρώπινον,
1500 766 1636 836 προς
1658 764 1832 833 ἄκραν

261 862 571 932 ἀφθαρσίαν
629 861 796 930 ζωῆς,
832 858 970 912 σῶον
1022 859 1077 910 δὲ
1141 861 1170 910 6
1214 857 1375 910 τοῦτο
1430 856 1691 919 ζωοτελὲς
1737 861 1833 912 καὶ

267 954 570 1023 ἀκοίμητον
630 952 704 1013 ὡς
759 951 952 1012 σκεῦος
996 950 1243 1019 ὑπάρχον
1288 947 1548 1017 θεοδόχον.
1594 952 1829 1021 Ἐρῤίτω

259 1045 454 1110 τάφος,
508 1042 719 1112 ιρρέτω
754 1040 880 1110 χοῦς
928 1040 1027 1094 ἐπὶ
1054 1039 1172 1103 col...
1200 1040 1450 1094 Θεοτόκε.
1485 1059 1501 1090 ι
1542 1041 1682 1110 Πρὸς
1710 1041 1832 1094 τού-

260 1150 375 1205 τοις
398 1133 454 1184 δὲ
486 1134 515 1185 6
542 1131 844 1200 ἀγιώτατος
881 1131 1136 1199 Ἀνδρέας
1166 1130 1193 1181 ὁ
1231 1130 1456 1199 Κρήτης
1499 1130 1669 1200 αὐτὴν
1701 1132 1831 1184 ταύ-

258 1240 361 1289 την
413 1223 621 1290 εἰσάγει
678 1222 939 1289 λέγουσαν
966 1223 1048 1274 ὅτι
1079 1221 1156 1289 Τῇ
1206 1221 1306 1289 μὲν
1356 1221 1503 1289 ψυχῇ
1547 1221 1833 1287 μεγαλύνω

259 1312 352 1363 τὸν
382 1313 589 1380 Κύριον
610 1313 705 1365 καὶ
734 1312 1080 1380 ἁγαλλιῶμαι
1098 1309 1174 1379 τῷ
1198 1310 1496 1378 πνεύματι,
1524 1309 1601 1379 τῷ
1624 1310 1833 1379 σώματι

1934 606 2065 647 ecce
2113 594 2496 649 sanctissimus
2534 596 2625 649 ille
2660 597 2974 665 patriarcha
3015 597 3321 653 Germanus
3368 602 3499 657 hinc

1932 681 2219 736 occasione
2248 692 2503 755 .sumpta,
2544 684 2625 737 sic
2654 682 2720 736 ad
2754 684 2981 738 verbum
3011 685 3066 738 in
3108 688 3359 743 oratione
3399 708 3495 744 sua

1928 770 2001 831 de
2024 771 2433 827 obdormitionc
2458 773 2696 842 Virginis
2730 775 3010 844 loquitur:
3052 795 3070 829 ι
3107 777 3500 847 Semper-vivit

1928 860 2156 929 spiritus
2203 871 2352 923 tuus.
2401 874 2458 918 et
2496 880 2626 919 caro
2658 874 2747 918 tua
2779 868 3140 934 sepulcralem
3192 874 3501 939 corruptio-

1926 970 2051 1008 nem
2084 971 2191 1009 non
2217 966 2300 1010 est
2327 966 2571 1027 experta.
2608 958 2802 1013 Omnia
2840 960 3109 1022 intueris,-
3146 972 3199 1014 et
3232 961 3498 1030 inspectio

1928 1055 2019 1099 tua
2050 1062 2242 1101 versus
2272 1058 2471 1101 cuncta
2524 1047 2799 1117 dirigitur.
2860 1049 2980 1113 Quo
3037 1050 3096 1103 ﬁt
3145 1062 3204 1105 ut
3248 1054 3500 1120 quamvis

1930 1133 2074 1187 oculi
2130 1136 2303 1188 nostri
2361 1138 2767 1205 praepediantur
2821 1137 3117 1206 quominus
3158 1147 3210 1193 te
3247 1149 3496 1200 cernant.

1933 1229 1988 1273 tu
2031 1230 2238 1287 tamen,
2276 1223 2437 1291 Virgo
2488 1225 2837 1278 sanctissima
2865 1265 2879 1288 ,
2934 1226 3115 1294 dignis
3150 1239 3317 1281 temet
3368 1241 3501 1281 con-

1928 1310 2267 1375 spiciendam
2301 1313 2566 1381 przebeas.
2626 1314 2759 1366 Nam
2812 1329 2941 1369 caro
2975 1315 3025 1366 vi
3077 1325 3133 1369 et
3191 1315 3497 1370 eﬂieaeitati

259 1401 320 1453 δὲ
351 1401 789 1471 μεταλλάττομαι
814 1404 905 1455 καὶ
933 1401 1246 1471 μορφοῡμαι
1268 1400 1368 1469 τὴν
1401 1400 1459 1451 ἐν
1489 1399 1673 1469 χάριτι
1698 1400 1825 1453 θέω-

1932 1400 2157 1469 Spiritus
2192 1401 2267 1454 tui
2294 1403 2486 1470 nequit
2518 1402 2851 1458 ofﬁcere‘vel
2879 1406 3272 1475 impedimento
3299 1423 3444 1462 esse.
3475 1427 3494 1458 ι

257 1508 362 1545 σιν.
403 1494 512 1547 Καὶ
537 1492 707 1546 ταῦτα
743 1493 843 1561 μὲν
873 1495 931 1553 ἐς
962 1490 1234 1545 τοσοῦτον.

1933 1491 2009 1542 Ac
2036 1505 2253 1544 rursum
2280 1508 2292 1543 :
2324 1510 2340 1541 ι
2372 1490 2585 1561 Corpus
2616 1502 2767 1545 tuum
2790 1495 3095 1565 virgineum
3121 1497 3345 1551 omnino
3373 1514 3497 1552 san-

256 1596 406 1639 ctum
432 1596 539 1647 est.
572 1596 627 1642 ct
653 1587 953 1641 humanum
979 1585 1225 1653 quidem,
1259 1583 1353 1637 sed
1393 1584 1537 1653 quod
1582 1583 1651 1637 ad
1712 1598 1983 1637 summam
2026 1584 2457 1638 immortalitatis
2528 1586 2693 1640 vitam
2760 1591 3075 1656 pervenerit
3114 1590 3362 1659 adeoque
3418 1593 3503 1646 in-

254 1687 471 1744 tegrum
509 1677 579 1731 sit
608 1686 664 1732 et
725 1677 977 1732 absolute
1009 1675 1187 1729 vivum
1221 1683 1278 1729 et
1307 1673 1697 1729 obdormitioni
1730 1690 1839 1728 non
1878 1674 2199 1741 obnoxium,
2238 1674 2438 1745 quippe
2468 1666 2612 1744 quod
2654 1693 2748 1732 vas
2797 1679 2891 1733 Dei
2956 1695 3127 1750 capax
3173 1680 3358 1736 fuerit.
3397 1682 3501 1737 Va-

251 1768 385 1832 leat,
415 1776 467 1825 te
493 1771 640 1839 quod
670 1772 890 1832 attinet,
943 1769 1292 1837 sepulcrum;
1328 1768 1505 1822 valeat
1542 1767 1740 1836 pulvis,
1785 1782 1819 1823 ο
1860 1767 2109 1836 Deipara.
2150 1787 2169 1818 ι
2212 1769 2354 1834 Quin
2390 1770 2558 1824 etiam
2624 1772 3007 1829 sanctissimus
3069 1775 3160 1831 ille
3225 1776 3503 1831 Cretensis

252 1861 454 1927 praesul
487 1860 734 1915 Andreas
769 1861 823 1913 in
861 1859 1009 1913 hunc
1035 1858 1257 1913 modum
1300 1857 1473 1927 ipsam
1538 1858 1853 1925 loquentem
1894 1856 2228 1910 introducit:
2296 1875 2315 1907 ι
2357 1858 2553 1912 Animo
2592 1859 2812 1927 quidem
2866 1863 3151 1932 magniﬁce
3201 1867 3497 1920 Dominum

252 1950 474 2008 celebro
524 1959 579 2006 et
651 1951 847 2020 spiritu
894 1950 1144 2009 exsulto,
1216 1961 1446 2016 corpore
1498 1962 1627 2001 vero
1665 1947 1927 2000 immutor
1965 1956 2021 2000 et
2069 1945 2133 1999 ad
2193 1945 2533 2001 divinitatem
2561 1963 2627 2002 ex
2674 1951 2847 2020 gratia
2897 1954 3197 2020 profectam
3240 1958 3504 2013 transfor-

253 2063 401 2117 mor.
438 2063 457 2096 ι
498 2044 577 2099 Ac
609 2043 677 2099 de
706 2043 793 2099 his
818 2044 1038 2114 quidem
1072 2044 1355 2098 hactenus.

326 2141 482 2195 Μετὰ
517 2142 573 2194 δὲ
626 2137 942 2209 Αὖγοιπον
976 2139 1091 2210 (lii)
1128 2140 1389 2208 Καίσαρα
1436 2140 1629 2208 κρατεῖ
1661 2136 1820 2191 Τιϐέ-

1996 2133 2125 2188 Post
2156 2133 2464 2203 Augustum
2515 2150 2646 2190 vero
2688 2134 2957 2193 Caesarem
3007 2137 3263 2195 Tiberius
3323 2142 3500 2211 ipsius

253 2248 371 2300 ριος
398 2234 426 2284 6
454 2233 567 2294 υίὸς
593 2230 759 2284 αὐτοῦ
790 2230 884 2300 ἔτη
922 2236 1030 2298 κγ’.
1061 2229 1231 2291 Οὗτος
1263 2229 1641 2292 κτίσας¹πόλιν
1674 2229 1827 2296 παρὰ

248 2326 320 2393 τῇ
387 2322 553 2392 λίμνῃ
611 2321 913 2391 Τιϐεριάδα
973 2321 1181 2388 ταύτην
1235 2319 1542 2386 ὠνόμασεν.
1588 2317 1705 2386 Ἐφ’
1762 2311 1824 2370 οὗ

251 2414 481 2482 σεισμὸς
513 2413 754 2481 γεγονὼς
783 2412 814 2465 ι’
841 2415 937 2466 καὶ
966 2418 1016 2480 γ’
1052 2411 1235 2474 πόλεις
1265 2413 1596 2481 κατέχωσεν.
1638 2411 1697 2463 Ὀ
1730 2410 1825 2463 Τι-

249 2504 435 2574 ϐέριος
469 2498 623 2567 οὗτος
656 2506 784 2567 τοὺς
812 2504 1001 2574 βαρεῖς
1034 2504 1129 2557 καὶ
1158 2502 1367 2566 δεινοὺς
1392 2502 1719 2572 φορολόγους
1743 2502 1826 2554 αξ-

248 2597 428 2656 κὶξων
474 2595 662 2657 δεινῶς
710 2595 865 2662 ἔλεγε
892 2610 906 2626 ·
954 2611 973 2645 ι
1017 2593 1410 2662 Κειρέσθωσαν
1445 2593 1543 2660 μὲν
1584 2593 1653 2644 τὰ
1688 2592 1827 2662 πρόο

248 2683 415 2749 ϐατα,
450 2684 586 2755 πλὴν
617 2685 680 2738 ού
722 2685 917 2755 μέχρις
949 2685 1118 2753 αὐτῆς
1158 2682 1528 2753 ἐπιδερμίδοςο
1571 2698 1591 2733 ⁸
1638 2681 1751 2751 Ἐφ’
1780 2674 1825 2749 ᾧ

251 2780 353 2829 καὶ
379 2776 507 2838 τοὺς
536 2778 615 2837 είς
642 2775 797 2841 ἀξίαν
827 2774 959 2844 παρ’
988 2772 1154 2827 αὐτοῦ
1187 2771 1602 2842 προαγομένους
1625 2771 1822 2825 θᾶττον

246 2866 353 2919 οὐκ
390 2866 638 2936 ἤμειϐεν.
658 2864 981 2935 Ἐρωτηθεὶς
1023 2862 1141 2927 πῶς
1166 2863 1322 2916 τοῦτο
1351 2862 1518 2927 ποιεῖ,
1566 2861 1698 2931 ἔφη,
1722 2862 1825 2914 Διᾶ

247 2959 353 3026 τὴν
386 2958 497 3010 τῶν
533 2955 821 3025 ἀγομένων
848 2955 1178 3023 ἀνάπαυσιν.
1196 2953 1324 3006 Ἐπὶ
1351 2952 1565 3014 τούτοις
1591 2952 1638 3005 δ’
1658 2953 1824 3021 ἔφερε

147 3040 156 3047 ’
246 3048 349 3099 καὶ
406 3046 777 3116 παράδειγμα.
808 3044 1168 3113 Τραυματίας
1222 3060 1304 3105 τις
1373 3042 1570 3103 ἔκειτο,
1608 3042 1703 3095 καὶ
1757 3041 1824 3094 τὰ

248 3139 386 3206 ἕλκη
429 3136 594 3189 αὐτοῦ
631 3136 834 3204 πλῆθος
864 3133 1039 3203 μυιῶν
1083 3132 1434 3202 ἀνιμὼμενον
1478 3128 1568 3202 ἦν.
1601 3130 1823 3200 Παριὼν

245 3228 307 3280 δέ
359 3242 445 3288 τις
486 3224 763 3295 ἐπεχείρει
814 3223 1015 3286 ταύτας
1062 3222 1377 3275 ἁποσοδείν.
1421 3221 1481 3275 ’0
1522 3222 1580 3274 δὲ
1626 3217 1819 3274 εἶπεν·

250 3319 429 3385 ’Δφες
462 3317 652 3377 αὑτάς.
683 3314 1043 3385 Κορεσθετσαι
1082 3314 1190 3383 γὰρ
1225 3313 1285 3365 ού
1332 3311 1589 3365 τοσοῦτον
1629 3310 1823 3374 ὀδύνας

250 3425 347 3478 μοι
372 3408 724 3478 παρέχουσιν.
772 3405 898 3458 Ἐὰν
928 3404 1159 3459 ιλθωσιν
1213 3401 1369 3457 ἄλλαι
1422 3403 1818 3473 λιμώττουσαι,

248 3500 460 3569 σφόδρα
497 3514 567 3568 μι
598 3496 982 3567 ὲπιπλήξουσι.
1026 3513 1044 3549 ι
1081 3497 1314 3563 Λέγεται
1343 3496 1400 3548 δὲ
1438 3495 1521 3548 ὅτι
1559 3495 1696 3562 μετὰ
1727 3496 1824 3564 τὴν

246 3589 521 3659 ἀνάληψιν
566 3586 660 3642 τοῦ
700 3587 939 3655 Χριστοῦ
970 3590 1004 3659 η
1054 3586 1389 3656 Μαγδαληνὴ
1424 3585 1608 3655 Μαρία
1660 3586 1825 3655 μέχρι

246 3681 349 3734 καὶ
392 3679 610 3750 Ῥώμης
639 3681 846 3750 τρέχει,
877 3678 1045 3733 πολλὰ
1074 3678 1399 3732 καταὸοῶσα
1435 3677 1543 3729 τῶν
1586 3684 1823 3746 παρηνο-

250 3770 512 3839 μηκὸτων
544 3771 624 3831 είς
646 3769 807 3821 αὐτὸν
835 3772 928 3822 τὸν
968 3769 1224 3839 Χριστόν.
1258 3768 1524 3822 Τοσοῦτον
1572 3768 1628 3819 δὲ
1666 3767 1826 3820 Τιϐέ-

248 3876 368 3929 ριος
420 3859 509 3912 τὸν
561 3858 732 3929 θυμὸν
782 3858 988 3929 ἀνῆψεν
1015 3858 1157 3911 ὥστε
1206 3860 1423 3926 θανάτῳ
1458 3855 1822 3909 καταδικάσαι

244 3955 376 4014 τοὺς
418 3953 583 4020 ἱερεῖς
624 3951 718 4003 καὶ
754 3952 1104 4019 γραμματεῖς
1148 3952 1247 4002 σὺν
1278 3948 1427 4017 αύτῷ
1458 3948 1537 4016 τῷ
1578 3946 1819 4015 Πιλάτῳ,

246 4045 299 4096 εί
334 4043 425 4095 καί
453 4057 598 4104 τινες
644 4040 823 4110 ἕτεροι
850 4040 1149 4111 αὐτόχειρα
1194 4039 1416 4107 λέγουσι
1444 4040 1538 4089 τὸν
1585 4035 1818 4088 Πιλᾶτον

245 4135 447 4188 ἑαυτοῦ
471 4133 748 4205 γενέσθαι.

1925 2223 2070 2280 ﬁlius
2100 2226 2259 2279 annis
2280 2227 2349 2281 25
2379 2226 2609 2295 imperio
2635 2227 2876 2296 praefuit.
2928 2230 3029 2284 Hic
3048 2231 3114 2284 ad
3146 2232 3325 2287 lacum
3362 2238 3498 2291 urbe

1924 2316 2143 2371 condita
2180 2316 2529 2371 Tiberiadem
2579 2318 2908 2387 appellavit.
2962 2319 3169 2375 Eodem
3232 2335 3500 2395 regnante

1926 2414 2085 2461 terra:
2121 2416 2301 2461 motus
2328 2409 2559 2473 exstitit,
2586 2409 2680 2478 qui
2711 2410 2876 2465 urbes
2901 2411 3165 2467 tredecim
3199 2415 3497 2471 subvertit.

1924 2494 2151 2551 Solebat
2177 2497 2433 2552 Tiberius
2457 2512 2652 2568 graves
2682 2499 2919 2557 subditis
2971 2511 3028 2556 et
3060 2513 3278 2559 atroces
3316 2506 3501 2575 publi-

1924 2603 2116 2643 corum
2168 2589 2518 2659 vectigalium
2557 2600 2842 2647 exactores
2886 2604 3046 2649 acute
3094 2595 3278 2650 verbis
3302 2597 3503 2668 hujus-

1924 2679 2073 2733 modi
2160 2694 2425 2749 pungere,
2485 2681 2788 2736 tondendas
2811 2682 3040 2760 quidem
3088 2700 3208 2740 esse
3238 2689 3499 2757 pecudes,

1924 2780 1983 2824 at
2006 2785 2116 2831 non
2158 2770 2559 2839 deglubendas.
2597 2772 2801 2826 Eadem
2833 2776 2902 2827 de
2945 2790 3105 2829 causa
3139 2777 3186 2831 si
3238 2794 3377 2845 quos
3432 2780 3501 2834 ad

1924 2860 2338 2927 magistratuum
2368 2851 2661 2930 dignitates
2688 2873 3031 2931 provexerat,
3061 2880 3170 2918 non
3224 2867 3336 2920 cito
3368 2867 3501 2921 sub-

1925 2961 2103 3005 m0Ios
2133 2966 2258 3005 cum
2295 2951 2419 3005 aliis
2454 2952 2848 3007 commutabat.
2882 2953 3132 3024 Cumque
3184 2956 3493 3027 interroga-

1929 3051 2015 3096 tus
2060 3050 2207 3096 esset
2240 3042 2596 3111 quamobrem
2630 3042 2775 3097 istuc
2808 3044 3037 3107 faceret,
3096 3056 3323 3115 propter
3363 3050 3497 3102 sub-

1927 3129 2406 3199 ditorum,inquit,
2434 3131 2779 3184 commodum
2803 3143 2852 3185 et
2887 3134 3305 3189 recreationem.
3339 3135 3503 3206 234

1926 3217 2100 3272 Simul
2148 3234 2263 3273 rem
2293 3219 2543 3289 exemplo
2591 3220 2927 3275 declarabat.
2986 3221 3243 3286 Quidam,
3293 3223 3498 3290 inquit.

1924 3309 2211 3365 conlectus
2234 3309 2580 3376 vulneribus,
2609 3310 2767 3364 humi
2790 3311 3027 3378 iacebat,
3062 3313 3290 3382 ejusque
3317 3314 3500 3367 ulcera

1926 3399 2119 3469 ingens
2159 3414 2470 3454 muscarum
2516 3401 2811 3454 multitudo
2859 3402 3108 3471 sugehat.
3171 3402 3501 3458 Przeteriens

1850 3476 1892 3533 C
1927 3505 2057 3543 vero
2086 3489 2227 3543 alius
2246 3503 2342 3542 eas
2380 3490 2604 3559 abigere
2634 3491 2933 3546 nitebatur.
2970 3493 3110 3547 Tum
3149 3493 3281 3548 ille:
3316 3513 3334 3545 ι
3370 3494 3501 3549 Mis-

1924 3596 2031 3645 sas,
2072 3580 2171 3644 ait,
2223 3579 2321 3635 has
2350 3580 2538 3634 facito.
2601 3582 2737 3636 Nam
2799 3584 3009 3638 satiata:
3057 3600 3183 3639 cum
3218 3585 3348 3647 sint,
3383 3599 3501 3638 ma-

1921 3686 2027 3740 gno
2062 3684 2151 3725 me
2184 3670 2373 3725 dolore
2401 3686 2511 3723 non
2541 3670 2803 3726 alliciunt.
2857 3672 2929 3726 At
2968 3672 3015 3728 si
3062 3673 3183 3727 alia:
3231 3674 3492 3729 advolent

1920 3762 2267 3826 esurientes,
2325 3776 2413 3815 me
2460 3761 2657 3816 diriter
2695 3763 2988 3832 pungendo
3034 3765 3489 3820 excruciabant.»

1925 3851 2196 3906 Caeterum
2259 3853 2514 3906 nonnulli
2556 3854 2852 3922 perhibent
2886 3864 3012 3924 post
3067 3857 3501 3926 assumptionem

1924 3942 2128 3998 Christi
2166 3943 2389 3998 Mariam
2442 3944 2593 3998 illam
2631 3943 3002 4014 Magdalenam
3039 3946 3265 4002 Romam
3300 3963 3500 4017 perve-

1922 4032 2094 4096 nisse,
2140 4032 2489 4103 graviterque
2540 4049 2829 4095 accusasse
2881 4050 3096 4100 omnes,
3128 4048 3400 4105 quthuot
3446 4041 3501 4093 in

1922 4124 2205 4179 Christum
2260 4124 2628 4194 deliquerant.
2662 4126 2845 4195 Usque
2879 4127 3017 4182 adeo
3051 4128 3202 4182 illam
3257 4129 3499 4198 denique

246 4228 460 4282 Tiberii
514 4227 755 4281 animum
807 4227 1160 4292 accendisse,
1199 4235 1258 4281 ut
1290 4233 1348 4280 et
1394 4210 1711 4277 sacerdotes
1760 4232 1817 4275 et
1850 4219 2061 4275 scribas
2087 4230 2143 4274 et
2196 4220 2375 4289 ipsum
2447 4236 2668 4290 quoque
2698 4222 2954 4275 'Piiatum
3021 4223 3221 4293 capitis
3270 4209 3502 4279 damna-

248 4328 355 4372 ret.
390 4317 531 4373 Sunt
567 4329 745 4373 tamen
773 4318 866 4373 alii
896 4319 991 4388 qui
1022 4319 1256 4373 Pilatum
1311 4316 1533 4370 sibimet
1573 4314 1676 4385 ipsi
1706 4328 1903 4367 manus
1935 4312 2183 4366 attulisse
2219 4321 2681 4367 commemorant.

320 4415 475 4466 Μετὰ
503 4415 689 4466 τοῦτον
712 4418 903 4483 κρατεῖ
925 4415 1079 4476 Γάϊος
1105 4414 1198 4482 ἔτη
1228 4410 1292 4466 δ’.
1318 4405 1487 4473 Οὗτος
1521 4409 1818 4478 πάμπολλα

242 4502 402 4553 δεινὰ
443 4503 1032 4572 ποιήσας-’ἀναιρεῖται
1088 4503 1193 4555 ὑπὸ
1242 4501 1595 4569 στρατιωτῶν
1638 4502 1699 4552 ὲν
1740 4498 1820 4566 τῷ

246 4588 499 4661 λουτρῷο
520 4594 581 4645 οὒ
620 4594 729 4663 γὰρ
770 4594 968 4663 ἔφερον
996 4593 1157 4647 αὑτὸν
1182 4595 1317 4664 ὁρᾷν
1339 4594 1436 4663 τὴν
1478 4592 1616 4646 ίδίαν
1649 4592 1820 4657 θυγα-

234 4684 383 4750 τέρι
433 4684 779 4753 προσάγοντα
827 4685 906 4755 τῷ
944 4685 1148 4754 εἰδώλῳ
1192 4683 1382 4749 αὑτοῦ,
1415 4685 1513 4736 καὶ
1550 4682 1816 4749 λέγοντα·

2000 4408 2130 4462 Post
2149 4407 2426 4460 Tiberium
2457 4405 2625 4460 Caius
2654 4406 2888 4475 imperio
2910 4406 2943 4460 ι
2964 4422 3137 4462 annos
3164 4409 3370 4478 potitus
3396 4418 3500 4463 est.

1927 4500 1977 4556 ls
2002 4515 2128 4554 cum
2164 4498 2334 4552 multa
2366 4498 2666 4553 crudeliter
2707 4499 3001 4551 admodum
3053 4498 3416 4568 designasset,
3472 4516 3502 4554 a

1928 4588 2195 4643 militibus
2222 4588 2278 4640 in
2318 4586 2512 4640 balneo
2538 4594 2762 4639 necatus
2783 4594 2901 4640 est.
2924 4586 3059 4639 Nam
3091 4591 3320 4642 moleste
3360 4587 3505 4641 fere—

1927 4681 2075 4744 bant,
2104 4678 2249 4748 quod
2283 4693 2409 4731 eum
2436 4677 2702 4731 vidissent
2734 4678 3010 4746 propriam
3037 4678 3202 4731 tiliam
3241 4679 3307 4731 ad
3333 4679 3506 4732 simu-

254 4792 273 4824 ι
307 4773 381 4826 Συ
430 4774 633 4843 ταύτης
672 4774 876 4845 πατὴρ,
927 4767 1021 4829 καὶ
1070 4765 1372 4844 σὺλταύτην
1396 4776 1753 4842 γεγέννηκας.
1798 4790 1816 4824 ι

1924 4773 2135 4827 lacrum
2157 4770 2431 4840 quoddam
2465 4784 2590 4825 cum
2621 4769 2937 4840 hujusmodi
2966 4770 3150 4824 verbis
3186 4769 3501 4824 adducere:

248 4858 423 4926 Οὗτος
482 4866 512 4919 6
562 4865 726 4929 Γάϊος
776 4866 1076 4929 ὀλονύκτως
1120 4866 1373 4919 κυϐεύειν
1408 4865 1617 4936 ἢθελεν.
1658 4863 1822 4916 Ὄοεν

246 4958 345 5010 ἐπὶ
372 4956 548 5026 τούτῳ
574 4956 925 5028 δυσθυμήσας
946 4960 975 5011 6
1005 4958 1277 5027 pasam},
1310 4959 1402 5009 ἐπὶ
1432 4955 1683 5010 τοσοῦτον
1713 4955 1820 5024 γὰρ

244 5048 615 5113 ἐξεκεκένωτο
641 5050 701 5102 τὸ
730 5050 955 5119 χρυσίον
1002 5048 1169 5115 ἅπαν,
1199 5048 1339 5101 ὥστε
1362 5051 1455 5102 καὶ
1484 5054 1575 5101 τὸν
1610 5047 1817 5113 θησαυο

247 5140 536 5211 ροφύλακα
567 5141 941 5212 δυσθυμοῦντα
964 5141 1106 5212 ὁρῶν
1135 5144 1261 5203 τοὺς
1296 5141 1628 5208 ὁπουδήποτε
1660 5139 1823 5191 πλιυ-

322 5323 440 5392 (6l)
464 5325 768 5394 Antequam
804 5326 869 5380 ad
893 5325 1179 5394 sequentia
1210 5322 1551 5395 progrediar,
1580 5335 1813 5395 monen-

249 5397 356 5449 dos
388 5409 514 5451 esse
567 5392 799 5450 lectores
846 5392 1127 5461 existimo,
1169 5392 1223 5447 in
1273 5395 1521 5463 pluribus
1569 5392 1826 5446 aberrare

246 5463 474 5535 Clyeam
503 5472 771 5535 nostrum,
796 5480 916 5535 qua:
964 5466 1033 5521 ad
1066 5467 1339 5520 Romanos
1362 5465 1730 5535 imperatores
1765 5475 1831 5513 ac

246 5533 894 5604 C0Itstantinopolitanos
924 5536 1204 5605 pertinent
1239 5551 1253 5587 :
1296 5548 1415 5603 qua:
1451 5535 1497 5587 si
1532 5533 1599 5587 ad
1630 5546 1825 5605 anius-

247 5605 355 5657 sim
378 5612 543 5675 atque
571 5600 801 5675 eiamcn
834 5600 1280 5675 ebfouologieum
1314 5600 1579 5658 revocare
1627 5600 1828 5654 voluis-

246 5688 398 5747 sem,
450 5674 632 5743 plures
681 5674 908 5744 implere
946 5674 1171 5747 paginas
1223 5684 1277 5729 et
1328 5676 1524 5747 ingens
1585 5681 1831 5747 notarum

248 5744 512 5798 volumen
574 5743 969 5801 consarcinare
1017 5743 1150 5801 inihi
1213 5760 1352 5813 Optls
1412 5744 1623 5798 fuisset.
1689 5743 1827 5795 Cum

1934 4883 1953 4917 ι
1981 4864 2061 4917 Tu
2102 4871 2253 4934 pater
2284 4861 2447 4930 hujus
2484 4876 2563 4923 es,
2609 4870 2666 4914 tu
2722 4864 2863 4914 hanc
2908 4862 3229 4929 procreasti.
3288 4880 3307 4911 ι
3349 4861 3502 4914 Sole-

1927 4952 2023 5007 bat
2070 4950 2232 5005 Caius
2289 4961 2429 5005 totas
2482 4958 2670 5004 noctes
2701 4951 2832 5004 aleae
2864 4952 2987 5004 lusu
3026 4952 3347 5019 transigere.
3383 4950 3497 5015 Qua

1929 5043 2311 5114 prodigalitatc
2342 5042 2541 5115 factum
2569 5054 2655 5096 est
2687 5053 2746 5096 ut
2776 5041 2996 5096 tandem
3029 5056 3197 5111 egens
3240 5057 3494 5109 magnum

1929 5136 1983 5190 in
2034 5149 2325 5189 tnwrurem
2374 5133 2662 5186 incideret.
2722 5133 2853 5187 Nam
2909 5148 3131 5202 prorsus
3172 5134 3497 5186 exhansmm

1922 5318 2129 5389 aliquid
2185 5313 2712 5390 dubii_occurrerit,
2756 5314 2821 5369 ad
2895 5314 3190 5390 scriptores
3266 5312 3500 5378 συγχρὸ-

1930 5382 2051 5449 νου’ς
2090 5391 2260 5441 satius
2288 5386 2394 5441 erit
2425 5398 2735 5459 recurrere,
2803 5399 2965 5453 quam
3011 5382 3257 5459 turbidos
3309 5397 3501 5459 recen-

1934 5459 2132 5512 tiorum
2170 5468 2497 5523 arentesque
2521 5455 2730 5509 rivulos
2749 5450 3105 5526 coiisectari._
3134 5450 3225 5526 llis
3250 5452 3497 5526 praemis-

1933 5531 2011 5583 sis
2048 5530 2254 5597 reliqua
2290 5520 2593 5599 pertexam,
2635 5540 2842 5599 memor
2890 5521 3283 5599 propositihac
3324 5520 3503 5599 brevi-

1934 5599 2056 5656 tati.
2087 5590 2375 5669 quantmn
2397 5596 2601 5669 licebit,
2633 5595 2869 5669 studebo
2892 5590 2914 5646 Ξ
2947 5608 3013 5669 ne
3048 5590 3242 5669 similis
3268 5590 3503 5669 nonnul-

1936 5669 2006 5740 lis
2030 5661 2255 5740 ellieiar,
2285 5667 2380 5734 qui
2414 5666 2717 5740 adnotandi
2744 5664 2952 5717 nullum
2985 5661 3403 5740 lineuilaeinnt,
3437 5671 3503 5711 ac

1933 5738 2168 5793 ll‘iVinliu
2198 5731 2425 5806 qtta3que
2457 5739 2510 5788 iu
2537 5736 2814 5789 cumulum
2843 5731 3193 5799 congerendi.
