4212 6448
225 401 330 461 445

1450 401 1849 462 ANNALIUM
1891 397 2086 460 PARS
2130 397 2246 456 III.

3338 398 3438 461 4»ίῦ

224 510 409 564 αὐτοῦ.
448 508 550 562 Τὸν
583 508 639 562 δέ
680 510 841 564 Ἀδέλ
894 511 1173 576 ἐκάλεσεν,
1222 513 1249 564 ὅ
1278 513 1394 565 ἐστι
1421 513 1616 574 πένθος
1637 529 1651 543 ·
1691 515 1777 565 ἐπ’
1807 537 1819 572 λ

1895 511 1977 574 lii,
2027 509 2236 563 nullam
2291 507 2539 562 notitiam
2595 505 2809 572 habuit,
2859 521 2968 576 quo
3013 506 3232 561 tandem
3283 515 3435 562 modo

224 601 376 669 αὐτῷ
407 601 515 668 γὰρ
547 601 855 668 φονευθέντι
902 601 1207 671 ἐπένθησαν
1234 602 1284 654 οἱ
1307 605 1488 670 γονεῖς
1524 604 1712 657 αὑτοῦ.
1756 621 1774 654 ι

225 690 288 740 Εἰ
333 689 389 740 δὲ
425 689 486 741 τδ
524 689 750 759 πλάσμα
819 691 1216 761 προεγίνωσκε,
1261 692 1443 762 πολλῷ
1504 693 1706 762 μᾶλλον
1753 694 1783 745 6

223 778 472 845 πλάστης
508 779 688 843 αὐτὸς,
725 782 773 832 εί
805 781 897 833 καὶ
924 783 1278 849 όπαράφρων
1314 783 1521 845 ἐκεῖνος
1555 783 1663 834 ἀπὸ
1689 781 1783 836 τοῦ

226 869 400 918 εἰπεῖν
423 866 519 936 τὴν
543 868 766 936 Γραφὴν
785 870 866 920 ὅτι
895 870 1186 938 ἐπείραζεν
1207 873 1234 922 6
1260 871 1391 934 Θεὸς
1415 871 1505 922 τὸν
1531 871 1785 940 ’Δϐραὰμ

229 957 322 1008 καὶ
351 958 451 1017 ὃτι,
502 975 519 1007 ι
558 959 812 1021 Καταϐἁς
871 962 963 1012 ἐπὶ
1006 962 1218 1029 Σόδομα
1270 962 1494 1030 δψομαι,
1534 980 1553 1012 ι
1601 962 1786 1025 ἔλεγεν

229 1044 454 1110 ἄγνοιαν
513 1045 655 1113 ἔχειν
706 1048 795 1098 τὸν
834 1048 987 1103 Θεόν.
1038 1050 1181 1118 Πρὸς
1237 1051 1416 1118 μέντοι
1441 1053 1561 1113 ταῖς
1593 1052 1783 1112 ἄλλαις

230 1133 396 1185 αὑτοῦ
459 1135 779 1201 φαντασίαις
819 1137 912 1188 καὶ
971 1140 1050 1197 είς
1075 1140 1212 1206 ἀέρα
1259 1140 1474 1210 ἐπήρθη
1522 1143 1550 1193 6
1580 1141 1786 1208 Σίμων,

231 1224 696 1293 ἐπαγγειλάμενος
727 1227 935 1279 ἐκεῖθεν
955 1229 1136 1294 ἀγαθὰ
1160 1230 1522 1284 καταϐιᾶὰσαι
1544 1232 1625 1299 τῷ
1648 1233 1782 1300 λαῷ.

244 1311 385 1378 Ἐγὼ
410 1313 467 1365 δὲ
517 1317 543 1366 6
574 1315 779 1383 Πέτρος
805 1318 1054 1386 ηὐχόμην
1088 1320 1207 1372 καθ’
1255 1321 1470 1384 ἑαυτὸν,
1503 1323 1594 1372 καί
1627 1319 1787 1373 εἷπον

231 1403 543 1466 ἐνατενίσας
591 1405 773 1473 αὐτῷ’
831 1425 850 1457 ι
882 1409 946 1460 Εἰ
987 1410 1290 1473 ἀπόστολος
1337 1411 1514 1481 Ἰησοῦ
1545 1413 1786 1481 Χριστοῦ

231 1496 348 1562 εἰμὶ
376 1494 484 1559 ἐγὼ
516 1496 688 1547 καὶνού
721 1497 1036 1560 πλάνος,ὥς
1067 1516 1198 1569 φησι
1223 1502 1428 1570 Σίμων,
1462 1502 1790 1572 προστάσσω

234 1585 355 1645 ταῖς
409 1587 668 1654 πονηραῖς
725 1587 1015 1655 δυνάμεσιν
1073 1593 1289 1657 ἀφεῖναι
1340 1592 1439 1660 τῆς
1471 1595 1790 1662 κρατήσεως

237 1675 418 1726 αὐτόν.
460 1694 478 1726 ι
540 1676 648 1727 Καὶ
705 1679 1050 1748 παραχρῆμα
1100 1682 1179 1743 είς
1221 1680 1328 1749 γῆν
1368 1683 1672 1751 κατηνέχθη
1701 1683 1791 1735 καὶ

238 1766 551 1835 συνετρίϐη.
579 1766 670 1818 Διὸ
699 1767 762 1835 δὴ
797 1769 886 1822 καλ.
910 1769 1010 1837 τὴν
1038 1770 1252 1838 ἡμέραν
1272 1772 1487 1840 ἐκείνην
1519 1772 1791 1841 ἐπίσημον

234 1856 459 1922 ἄγουσιν
487 1856 537 1907 οε
589 1855 884 1924 Ῥωμαῖοι·
924 1857 1202 1911 Σάϐϐατον
1249 1859 1355 1928 γὰρ
1407 1856 1495 1928 ἦν,
1537 1863 1594 1912 ἐν
1628 1853 1672 1926 ᾧ
1701 1861 1794 1913 καὶ

235 1946 512 2015 προσευχὴ
564 1948 658 1998 καὶ
701 1947 925 2015 νηστεία
971 1950 1084 2010 τοῖς
1141 1953 1378 2014 πιστοῖς,
1431 1954 1526 2003 καὶ
1594 1952 1794 2020 μᾶλλον

238 2036 380 2105 ὑπὲρ
419 2036 511 2088 τοῦ
571 2036 918 2092 διδασκάλου.
962 2038 1137 2090 Τοῦτο
1187 2040 1242 2092 δέ
1266 2041 1360 2092 καὶ
1387 2041 1667 2110 μέχριτοῦ
1699 2041 1794 2094 νῦν

235 2113 413 2180 ἐκεῖσε
446 2130 656 2197 κρατεῖ.
679 2129 864 2181 Ταῦτα
887 2127 943 2182 δὲ
977 2127 1166 2198 μαθὼν
1198 2132 1226 2182 6
1249 2131 1439 2201 Νέρων
1472 2132 1560 2184 τὸν
1591 2134 1796 2204 Πέτρον

236 2219 569 2288 ἐσταύρωσε.
643 2220 857 2300 Τὸν.δέ
919 2221 1154 2284 Παῦλον,
1198 2223 1341 2275 καθεὶ
1405 2241 1572 2294 φησιν
1627 2228 1654 2277 6
1698 2226 1796 2294 τὴν

235 2310 482 2374 γλῶτταν
503 2300 836 2379 Χρυσοῦξὲν
859 2310 940 2381 τῷ
967 2311 1100 2381 πρὸς
1125 2315 1252 2376 τοὺς
1290 2316 1598 2377 κωλύοντας
1636 2317 1798 2385 μονά-

238 2401 354 2462 ζειν
385 2399 527 2469 λόγῳ
565 2400 753 2463 αὐτοῦ,
801 2401 888 2454 διὰ
949 2401 1136 2472 ξίφους
1175 2403 1490 2458 ἐτελείωσεν
1542 2408 1633 2458 ᾰτε
1664 2423 1796 2460 κατ-

237 2491 523 2559 ηχήσαντα
582 2491 916 2560 Ἐπέραστον
975 2494 1138 2547 αὑτοῦ
1192 2494 1499 2565 παλλακήν,
1547 2497 1646 2551 Διὰ
1693 2501 1798 2571 γὰρ

238 2582 402 2636 τοῦτο
422 2583 518 2636 καὶ
548 2582 640 2636 τὸν
688 2583 928 2652 διωγμὸν
969 2585 1166 2654 ’ἤγειρε
1186 2603 1202 2618 ·
1233 2586 1425 2654 λάγνος
1451 2590 1558 2658 γὰρ
1591 2589 1668 2642 ὢν
1702 2591 1801 2643 οὑκ

239 2675 508 2744 ἠνέσχετο
552 2676 648 2737 τὰς
689 2675 854 2729 αὐτοῦ
910 2677 1194 2740 παλλακὰς
1251 2679 1605 2749 ἐπιστρέφειν
1662 2681 1802 2752 πρὸς

242 2767 470 2836 Κύριον.
530 2766 590 2818 Ὀ
645 2766 829 2836 μέντοι
879 2767 1024 2830 θεῖος
1052 2768 1306 2838 Ἰωάννης
1355 2773 1450 2824 καὶ
1506 2774 1633 2825 τάδε
1666 2775 1802 2842 πρὸς

243 2855 458 2908 Παῦλον
480 2853 708 2924 εὕρηται
726 2856 901 2923 λέγων
923 2873 936 2887 ·
961 2875 980 2907 t
1007 2858 1167 2919 Ποῖος
1191 2859 1354 2920 τόπος
1378 2859 1437 2912 τὸ
1465 2859 1556 2912 σὺν
1585 2861 1804 2927 ἐδέξατο

240 2942 405 3014 αἷμα,
453 2946 513 2998 τὸ
542 2945 926 3012 γαλακτοειδὲς
976 2948 1169 3013 όραθὲν
1198 2949 1254 2999 ὲν
1289 2949 1364 3016 τῷ
1395 2950 1584 3018 χιτῶνι
1616 2949 1710 3002 τοῦ
1744 2966 1802 3002 σε

242 3035 816 3100 ἀνασκολοπίσαντος;
852 3037 920 3088 Ὃ
970 3036 1035 3104 δὴ
1068 3039 1163 3089 καὶ
1193 3037 1294 3107 τὴν
1327 3038 1600 3108 βάρόαρον
1638 3038 1803 3091 αὑτοῦ

1886 601 2010 656 filiis
2038 601 2155 654 suis
2184 599 2303 668 ipso
2334 597 2635 652 nativitatis
2675 606 2922 665 tempore
2959 597 3181 650 nomina
3221 598 3437 661 indidit,

1890 706 2011 760 qua:
2031 690 2269 758 ipsorum
2286 687 2442 742 factis
2455 694 2638 742 essent
2655 687 3065 742 accommodata
3082 688 3105 740 ?
3119 687 3250 740 Nam
3275 705 3422 742 unuu

1886 779 2176 848 appellavit
2200 777 2453 842 Cainum,
2479 792 2602 844 quae
2629 792 2731 830 vox
2759 777 3160 830 simulationem
3186 779 3436 844 denotat;

1885 872 2088 926 etenim
2116 870 2384 937 impulsus
2407 868 2756 922 aemulatione
2783 868 3015 935 quadam
3037 867 3260 921 fratrem
3286 887 3439 923 suum

1887 960 2111 1015 occidit.
2147 960 2400 1013 Alterum
2435 959 2650 1013 vocavit
2679 959 2931 1020 Abelum,
2962 958 3106 1026 quod
3132 975 3323 1014 nomen
3366 962 3442 1013 lu-

1887 1062 2035 1106 ctum
2058 1048 2330 1118 signillcat
2357 1068 2369 1102 :
2404 1064 2528 1101 nam
2553 1051 2673 1115 ejus
2703 1049 2977 1103 interfecti
3004 1065 3164 1102 causa
3193 1060 3446 1117 parentes

1889 1143 1942 1195 in
1971 1143 2121 1194 luctu
2159 1139 2398 1192 fuerunt.
2429 1138 2637 1203 Quodsi
2670 1137 2936 1202 Adamus,
2971 1140 3062 1207 qui
3102 1139 3192 1191 Dei
3232 1139 3450 1206 figmen-

1889 1243 2002 1286 tum
2028 1238 2164 1294 erat,
2190 1229 2502 1282 futurorum
2531 1229 2766 1283 habebat
2789 1231 3062 1290 notitiam,
3088 1231 3261 1282 multo
3282 1231 3451 1299 magis

1889 1340 1950 1378 ea
1983 1325 2146 1377 debet
2174 1322 2360 1392 opiﬁci
2393 1320 2621 1374 tribui.»
2681 1321 2751 1374 At
2782 1319 3008 1374 insanus
3039 1321 3130 1373 ille
3162 1321 3450 1386 colligebat

1891 1413 1947 1466 in
1976 1411 2144 1466 Deum
2174 1411 2463 1480 quamdam
2495 1408 2892 1477 ignorationem
2913 1419 3205 1477 propterea
3235 1411 3452 1473 cadere,

1892 1501 2034 1569 quod
2066 1500 2293 1553 Litterae
2330 1513 2509 1552 sacra:
2553 1497 2743 1551 dicant
2781 1496 2952 1551 Deum
2999 1506 3245 1551 tentasse
3280 1499 3452 1551 Abra-

1892 1592 2151 1654 hamum;
2207 1591 2336 1643 item
2385 1588 2533 1656 quod
2571 1588 2926 1641 meminerint
2953 1588 3126 1643 Deum
3167 1590 3239 1644 ita
3270 1606 3453 1644 secum

1892 1680 2134 1733 locutum
2167 1692 2320 1731 esse:
2360 1676 2726 1731 «Descendam
2757 1688 2812 1730 et
2840 1676 3071 1732 Sodoma
3113 1679 3451 1746 inspiciam»

1893 1772 2100 1825 Deinde
2131 1783 2257 1840 post
2293 1772 2430 1824 alias
2464 1773 2762 1841 prastigias
2786 1772 2837 1824 in
2873 1786 2999 1826 aera
3031 1773 3182 1827 Simo
3209 1774 3458 1828 sublatus

1894 1869 1995 1922 est,
2027 1860 2304 1929 pollicitus
2338 1860 2462 1914 inde
2495 1875 2552 1914 se
2581 1859 2723 1914 bona
2756 1862 3005 1930 quaedam
3032 1865 3231 1932 populo
3259 1865 3460 1920 demis-

1895 1965 2105 2004 surnm.
2165 1948 2250 2002 lbi
2285 1948 2481 2002 Petrus
2515 1963 2704 2003 secum
2753 1951 3002 2019 precari,
3055 1961 3111 2005 et
3162 1951 3353 2006 deﬁxis
3403 1952 3458 2005 in

1895 2057 2017 2094 eum
2075 2041 2248 2094 oculis
2279 2039 2496 2094 dicere:
2545 2039 2631 2096 «Si
2681 2042 2965 2110 apostolus
3009 2057 3110 2112 ego
3165 2059 3285 2098 sum
3329 2044 3458 2099 Jesu

1896 2131 2121 2193 Christi,
2159 2147 2270 2185 non
2310 2131 2595 2185 hominum
2636 2133 2933 2200 impostor,
2987 2143 3048 2187 ut
3084 2134 3232 2189 Simo
3261 2137 3460 2204 praedi-

1897 2231 1982 2276 cat
2006 2262 2021 2286 ,
2056 2222 2216 2275 malis
2248 2222 2610 2290 potestatibus
2651 2222 2862 2290 impero
2901 2233 2960 2278 ut
3007 2239 3130 2279 eum
3182 2226 3461 2280 dimittant

1898 2330 2000 2369 nec
2029 2313 2265 2382 amplius
2299 2321 2578 2366 teneant.»
2630 2313 2796 2383 236
2839 2313 2959 2367 Mox
3010 2314 3065 2368 in
3120 2325 3318 2370 terram
3368 2318 3461 2372 ille

1902 2406 2160 2473 delapsus
2190 2405 2430 2456 minutas
2463 2404 2518 2455 in
2549 2413 2732 2471 partes
2758 2404 3034 2459 atteritur.
3087 2404 3265 2474 Atque
3307 2406 3459 2461 illum

1901 2511 2030 2550 sane
2057 2495 2200 2548 diem
2228 2494 2545 2548 solemniter
2576 2495 2807 2547 Romani
2832 2495 3132 2549 celebrant.
3163 2495 3299 2550 Nam
3330 2496 3466 2551 Saba-

1903 2587 2029 2640 bato
2057 2586 2172 2638 hac
2205 2586 2572 2653 gerebantur,
2624 2599 2740 2652 quo
2787 2584 2979 2638 ﬁdeles
3024 2587 3266 2654 magistri
3298 2600 3462 2640 causa

1903 2677 2043 2730 cibis
2071 2675 2421 2728 abstinebant
2445 2683 2506 2728 et
2535 2673 2790 2743 precibus
2811 2689 2974 2742 opem
3005 2675 3248 2728 divinam
3272 2676 3467 2742 implod

1903 2767 2131 2830 rabant;
2171 2765 2227 2819 id
2251 2764 2399 2833 quod
2417 2765 2590 2818 etiam
2621 2779 2722 2817 usu
2756 2764 3132 2818 confirmatum
3152 2807 3167 2831 ,
3199 2765 3379 2820 adhuc
3412 2768 3471 2819 in

1905 2858 2236 2912 hodiernum
2275 2856 2348 2909 ibi
2379 2855 2524 2909 diem
2552 2864 2825 2908 servatur.
2859 2854 3010 2909 Nero
3033 2864 3220 2911 autem
3257 2855 3342 2910 his
3371 2870 3470 2910 eoa

1904 2950 2071 3019 gnitis
2096 2949 2320 3004 Petrum
2350 2948 2402 3000 in
2423 2961 2645 3001 crucem
2666 2945 2812 3015 egit;
2843 2945 3075 3000 Paulum
3100 2962 3247 3014 vero,
3278 2963 3470 3015 quem-

1907 3038 2198 3094 admodum
2252 3051 2422 3092 aurea
2459 3037 2646 3106 lingua
2697 3034 2960 3105 praeditus
2989 3044 3181 3092 orator
3215 3039 3470 3092 meminit

240 3123 422 3193 ψυχὴν
438 3123 574 3190 ὑπὲρ
601 3122 726 3193 μέλι
743 3123 1021 3190 γλυκᾶναν
1046 3126 1235 3178 πιστὸν
1255 3127 1480 3198 ἐποίησε
1507 3128 1808 3196 τηνικαῦτα

1911 3131 1965 3183 in
1997 3129 2243 3182 oratione
2273 3142 2394 3200 sua,
2423 3128 2585 3196 quam
2611 3125 2680 3180 ad
2702 3133 2954 3180 vetantes
2980 3126 3276 3180 solita-riam
3301 3128 3469 3182 vitam

241 3215 337 3265 τὸν
387 3213 632 3269 ἄπιστον.
673 3231 694 3265 ι
758 3215 1136 3284 Κεκοίμηνται
1167 3216 1244 3278 δέ,
1290 3217 1366 3278 ὡς
1418 3218 1612 3270 ἐκεῖνοί
1652 3235 1809 3285 φασι,

242 3305 340 3355 καὶ
371 3305 670 3373 ἀμφότεροι
688 3306 745 3358 ἐν
779 3307 844 3374 τῇ
882 3305 1034 3357 πόλει
1067 3305 1275 3377 Ῥώμῃ,
1312 3307 1444 3377 μηνὶ
1473 3308 1675 3378 Ἰουνίῳ
1707 3306 1809 3374 κθ’,

241 3396 338 3447 ἐπὶ
359 3396 608 3466 Νέρωνος
638 3395 929 3466 βασιλέως.

1907 3219 2120 3282 habuit,
2157 3216 2338 3284 gladio
2371 3225 2664 3284 propterea
2701 3213 2858 3270 feriri
2888 3215 3060 3286 jussit
3092 3215 3239 3285 quod
3266 3217 3474 3284 Epera-

1908 3319 2077 3373 stnm,
2117 3322 2332 3362 amores
2353 3307 2682 3375 deliciasque
2701 3320 2853 3371 suas,
2878 3308 2943 3362 ad
2971 3306 3288 3376 religionem
3305 3305 3475 3361 Chri-

1910 3401 2143 3455 stianam
2175 3399 2525 3453 instituisset.
2562 3398 2681 3463 Qua
2712 3399 2830 3468 ipsa
2861 3399 2930 3454 de
2955 3413 3116 3453 causa
3139 3397 3479 3468 persecutio-

241 3503 370 3541 nem
401 3503 619 3558 quoque
648 3488 985 3556 concitavit;
1038 3504 1164 3543 nam
1213 3489 1342 3558 quia
1392 3474 1632 3544 lascivus
1658 3500 1798 3555 erat,
1839 3493 2176 3545 concubinos
2205 3504 2335 3544 suos
2402 3489 2470 3543 ad
2536 3489 2831 3544 Dominum
2873 3504 2935 3546 se
2987 3499 3304 3545 convertere
3349 3505 3475 3559 gra-

239 3583 389 3636 viter
450 3581 675 3635 omnino
713 3580 953 3636 ferebat.
1019 3580 1167 3635 Idem
1244 3579 1485 3635 Joannes
1528 3581 1975 3653 Chrysostomus,
2036 3583 2119 3635 vir
2183 3581 2343 3649 plane
2394 3581 2637 3646 divinus,
2684 3581 2851 3636 etiam
2904 3581 3222 3650 huiusmodi
3289 3583 3477 3638 verbis

241 3674 447 3728 alicubi
476 3673 702 3728 Paulum
729 3670 1058 3740 compellat:
1099 3669 1384 3736 «Quinam,
1414 3685 1618 3740 quaeso,
1650 3672 1802 3726 locus
1836 3671 2075 3726 lacteum
2119 3672 2277 3725 illum
2344 3671 2665 3739 sanguinem
2717 3679 2874 3725 tuum
2944 3670 3183 3739 excepit,
3248 3685 3477 3743 cor-spec

241 3778 396 3823 ctum
427 3767 481 3820 in
518 3767 637 3835 ejus
667 3775 817 3821 veste
863 3768 955 3837 qui
975 3777 1040 3824 .te
1082 3768 1140 3823 in
1175 3769 1359 3839 palum
1388 3768 1626 3824 sufﬁxit?
1686 3767 1841 3834 Quod
1884 3769 2065 3840 ipsum
2094 3783 2226 3822 sane
2291 3766 2585 3821 barbarum
2617 3768 2739 3836 ejus
2770 3766 3012 3820 animum
3040 3767 3247 3836 majore
3271 3767 3324 3822 vi
3350 3768 3478 3821 dul-

243 3874 366 3916 cem
397 3857 638 3912 etliciens
677 3873 840 3927 quam
893 3860 999 3914 mel
1058 3859 1260 3929 ipsum,
1325 3860 1600 3915 infidelem
1646 3871 1805 3916 antea
1845 3861 2060 3915 ﬁdelem
2125 3858 2328 3915 ell'ecit.
2380 3877 2399 3909 ι
2440 3858 2703 3925 Uterque,
2737 3869 2838 3912 ceu
2867 3856 3290 3926 Cbrysostomus
3331 3858 3476 3914 idem

244 3957 500 4013 testatur,
530 3947 860 4002 obdormivit
894 3949 949 4002 in
980 3949 1117 4004 urbe
1151 3949 1356 4016 Roma,
1388 3966 1446 4005 ea.
1483 3951 1541 4007 d.
1571 3967 1652 4006 tu.
1687 3952 1805 4007 Kal.
1847 3951 2168 4018 Quinctiles,
2204 3946 2794 4016 imperatore'Nerone.

319 4035 448 4092 Οἶδα
471 4039 547 4100 δὲ,
570 4039 843 4108 ἀγαπητέ,
867 4041 945 4093 ὅτι
983 4042 1074 4093 καὶ
1093 4041 1191 4110 τὴν
1207 4041 1300 4101 τοῦ
1333 4042 1598 4112 θεηγόρου
1631 4044 1816 4096 Λουκᾶ

1983 4042 2255 4097 Czeterum
2287 4038 2537 4101 memini,
2564 4037 2763 4095 dilecte
2796 4037 2896 4102 fili,
2927 4045 2982 4092 te
3007 4037 3180 4093 divini
3200 4036 3367 4096 Lucae
3393 4041 3480 4098 hi-

244 4132 378 4201 περὶ
408 4130 518 4182 τῶν
543 4129 800 4198 Πράξεων
831 4129 937 4184 τῶν
966 4132 1548 4186 ἀποστόλωνέπελθὼν
1579 4135 1815 4205 ἱστορίαν

1920 4131 2141 4186 storiam
2169 4128 2238 4183 de
2256 4128 2408 4183 Actis
2435 4125 3222 4196 apostolorump‘erlegentem,
3254 4145 3364 4184 non
3381 4130 3479 4186 abs

243 4223 486 4289 εὐλόγως
545 4221 852 4289 ἡπόρηκας,
892 4223 1004 4290 ετγε
1063 4224 1132 4275 τὰ
1178 4223 1342 4276 λοιπὰ
1376 4225 1588 4278 Παύλου
1622 4227 1817 4296 διηγηο

1917 4237 1980 4276 re
2006 4221 2314 4285 dubitasse,
2359 4233 2490 4273 num
2523 4232 2657 4272 vero
2693 4217 2765 4270 sit
2790 4222 3241 4286 consentaneum,
3274 4221 3480 4276 Lucam

245 4314 483 4373 σάμενος
523 4314 550 4362 6
594 4312 810 4369 Λουκᾶς
859 4312 923 4364 τὸ
963 4312 1232 4382 μακάριον
1288 4314 1453 4368 αὐτοῦ
1491 4315 1645 4377 τέλος
1673 4315 1819 4368 σεσί-

1915 4309 2133 4366 ezeteris
2162 4325 2192 4364 a
2213 4310 2382 4365 Paulo
2407 4307 2577 4378 gestis
2605 4307 2770 4362 rebus
2791 4308 3050 4362 omnibus
3068 4311 3333 4379 expositis
3356 4313 3484 4367 bea-

242 4419 409 4471 γηκε.
446 4401 556 4455 Καὶ
613 4401 760 4453 ἐστιν
815 4403 990 4454 εἰπεῖν
1025 4403 1105 4456 ὅτι
1137 4404 1295 4473 μέχρι
1349 4405 1446 4478 τῆς
1475 4407 1553 4468 εἰς
1594 4402 1815 4476 Ῥώμην

1923 4411 2030 4455 tam
2051 4401 2169 4471 ejus
2184 4415 2249 4453 ex
2280 4399 2382 4452 hac
2411 4400 2520 4451 vita
2547 4397 2928 4467 migrationem
2955 4401 3236 4468 praeterire
3265 4392 3482 4457 silentio

245 4493 471 4561 πρώτης
504 4491 740 4557 ἀφίξεως
767 4489 862 4544 τοῦ
897 4492 1134 4560 μεγάλου
1165 4493 1379 4546 Παύλου
1419 4492 1681 4548 καταλύει
1711 4494 1812 4563 τὴν

1915 4491 2175 4547 voluisse.
2199 4482 2348 4543 Licet
2362 4488 2430 4543 ad
2448 4503 2567 4544 eam
2586 4489 2943 4557 quastionem
2963 4491 3065 4545 hoc
3077 4491 3243 4546 modo
3254 4507 3484 4561 respon-

246 4583 486 4652 ἱστορίαν
523 4584 551 4634 ό
580 4584 810 4645 Λουκᾶς.
854 4583 961 4634 Καί
993 4586 1055 4635 ἐκ
1083 4584 1275 4636 τούτου
1305 4585 1553 4652 φαίνεται
1582 4587 1667 4639 ὃτι
1694 4586 1815 4638 δια⁸

1919 4585 2069 4648 dere,
2101 4581 2302 4638 Lucam
2331 4580 2532 4635 librum
2559 4580 2817 4633 Actorum
2843 4578 2897 4634 id
2920 4581 3180 4650 temporis
3202 4597 3482 4648 exarasse,

247 4675 488 4743 σχισθεὶς
523 4674 550 4724 6
581 4673 792 4732 Λουκᾶς
835 4671 1046 4725 Παύλου
1096 4675 1160 4725 τὸ
1212 4675 1320 4727 τῶν
1356 4675 1614 4744 Πράξεων
1659 4693 1814 4744 τηνι-

1918 4689 2042 4728 cum
2078 4673 2281 4726 Paulus
2310 4671 2488 4740 prima
2519 4671 2638 4726 vice
2670 4671 2897 4725 Romam
2937 4672 3275 4745 appulisset;
3307 4689 3372 4728 ea
3415 4676 3485 4730 de

247 4765 425 4817 καῦτα
484 4763 862 4832 ουνεγράψατο
921 4763 1148 4833 βιϐλίον,
1209 4758 1333 4834 ὅθεν
1385 4767 1454 4820 τὰ
1514 4766 1675 4820 λοιπὰ
1718 4766 1817 4835 μὲν

252 4855 468 4908 Ιιαύλου
497 4855 819 4924 διηγήσατο,
846 4856 906 4908 τὸ
924 4857 981 4908 δὲ
1007 4858 1308 4927 μαρτύριον
1347 4860 1423 4922 ὡς
1461 4860 1628 4929 μήπω
1654 4875 1815 4927 γεγο-

248 4949 341 5009 νὸς
409 4946 633 5009 είκότως
689 4946 1060 5017 παρέδραμεν.
1125 4951 1190 5001 '0
1233 4949 1340 5018 γὰρ
1371 4948 1585 5010 Παῦλος
1613 4949 1816 5001 διετίαν

247 5039 380 5106 ὃλην
426 5039 484 5090 ἐν
550 5035 738 5106 Ῥώμῃ
789 5036 978 5098 ἄνετος
1034 5036 1111 5089 ὣν
1143 5039 1416 5108 ἐκήρυσσε
1444 5056 1457 5070 ·
1513 5039 1676 5108 μέχρι
1709 5037 1817 5107 γὰρ

248 5126 407 5181 τοῦδε
440 5127 580 5180 καὶὸ
601 5127 816 5190 Λουκᾶς
853 5126 1000 5198 αὐτῷ
1024 5129 1208 5198 συνῆν.
1264 5126 1377 5189 Εἷθῖ
1404 5128 1577 5191 οὕτως
1616 5130 1820 5182 ἀπολο-

249 5219 562 5286 γησάμενος
593 5216 673 5277 είς
694 5215 754 5268 τὺ
790 5214 1052 5284 κήρυγμα
1077 5216 1242 5269 πάλιν
1269 5217 1555 5269 ἐστέλλετο
1584 5216 1678 5269 καὶ
1706 5217 1818 5278 τοῖς

250 5311 436 5363 ἐκεῖσε
488 5308 780 5379 κηρύσσων
832 5303 924 5378 ἦν.
989 5309 1086 5361 Ἐκ
1136 5309 1389 5379 δευτέρου
1428 5309 1482 5361 δὲ
1515 5311 1580 5377 τῇ
1629 5308 1818 5377 Ῥώμῃ

251 5400 618 5469 ἐπιδημήσας,
649 5401 745 5452 καὶ
777 5400 1100 5469 κατηχήσας
1143 5399 1236 5452 τδν
1267 5399 1506 5468 οἰνοχόον
1566 5395 1819 5466 Νέρωνος

251 5496 354 5549 καὶ
383 5493 664 5563 παλλακὴν
683 5491 847 5546 αὑτοῦ
886 5494 1240 5562 Ἐπέραστον,
1271 5495 1331 5545 τὸ
1366 5491 1640 5561 μακάριον
1666 5489 1820 5551 τέλος

179 5601 202 5608 ‘
253 5586 494 5649 ἐδέξατο.
525 5587 650 5639 Ὀτι
701 5585 758 5637 δὲ
791 5585 888 5638 ούκ
911 5581 979 5655 ἦν
1008 5587 1038 5638 ό
1085 5587 1298 5647 Λουκᾶς
1341 5587 1479 5654 μετὰ
1509 5582 1726 5635 Παύλου
1758 5580 1819 5632 τὸ

257 5680 548 5748 πρότερον,
570 5677 730 5739 αὐτὸς
759 5693 891 5745 φησι
921 5676 1058 5746 πρὸς
1086 5675 1355 5744 Τιμόθεον
1380 5675 1439 5725 ὲν
1464 5675 1530 5742 τῇ
1561 5671 1695 5741 πρὸς
1724 5670 1821 5722 αύ-

254 5781 352 5828 τδν
400 5773 626 5839 δευτέρα
679 5771 955 5838 ἐπιστολῇ,
1011 5772 1076 5839 ἣν
1110 5768 1318 5837 ἔγραψε
1354 5768 1575 5836 δέσμιος
1607 5763 1680 5816 ὢν
1714 5765 1820 5816 ὑπο

1915 4779 2078 4818 causa
2116 4762 2317 4817 factum
2337 4776 2459 4818 esse
2490 4771 2548 4815 ut
2582 4772 2776 4816 caetera
2803 4762 3024 4836 quidem
3057 4773 3173 4818 aeta
3205 4765 3362 4818 Pauli
3399 4781 3486 4819 re-

1922 4864 2208 4919 censeret,
2238 4853 2571 4922 perhibitum
2620 4867 2754 4906 vero
2801 4853 2926 4908 fidei
2970 4853 3366 4920 testimonium,
3407 4858 3485 4910 uti

1920 4947 2063 5016 quod
2101 4944 2336 5000 necdum
2379 4943 2684 5008 accidisset,
2732 4943 3031 5000 omitteret.
3069 4945 3270 5000 Paulus
3313 4946 3484 5012 enim,

1919 5054 2042 5093 cum
2072 5039 2356 5094 biennium
2394 5047 2566 5092 totum
2592 5037 2784 5091 Romae
2808 5035 2950 5090 liber
2981 5043 3187 5106 ageret,
3223 5036 3490 5106 praedica-

1921 5128 2084 5183 tionis
2109 5142 2333 5182 munere
2352 5126 2714 5197 fungebatur;
2738 5126 2804 5180 ad
2824 5126 2970 5195 quod
2995 5139 3171 5195 usque
3191 5134 3407 5194 tempus
3433 5125 3485 5179 ei

1919 5218 2100 5273 Lucas
2130 5217 2334 5272 aderat.
2365 5217 2571 5272 Deinde
2594 5215 2822 5271 Romam
2850 5217 3020 5270 altera
3063 5216 3184 5270 vice
3209 5230 3484 5276 reversus,

1919 5325 2045 5365 cum
2065 5310 2346 5379 religionis
2371 5308 2704 5367 Christiana:
2733 5308 3044 5363 rudimenta
3076 5307 3360 5376 Eperasto,
3383 5306 3488 5375 Ne-

1922 5404 2039 5454 roni
2069 5416 2098 5454 a
2127 5401 2345 5469 poculis
2384 5409 2550 5468 atque
2579 5399 2742 5453 etiam
2787 5398 3119 5463 concubino,
3153 5396 3486 5458 tradidisset,

1922 5489 2082 5546 beato
2101 5489 2190 5544 ille
2205 5490 2353 5545 exitu
2371 5489 2536 5542 vitam
2553 5485 2976 5542 elausit.Lueam
3001 5485 3180 5551 ipsum
3198 5483 3351 5551 prius
3363 5496 3487 5536 cum

1923 5581 2224 5637 Paulonon
2261 5579 2452 5647 fuisse,
2477 5579 2680 5634 fatetur
2703 5581 2758 5633 in
2780 5577 3022 5631 secunda
3049 5575 3113 5630 ad
3140 5572 3489 5627 Timotheum

1895 5672 2164 5741 _Epistola
2195 5670 2415 5733 Paulus,
2450 5685 2613 5739 quam
2642 5684 2671 5722 a
2701 5668 2917 5721 Nerone
2950 5668 3232 5738 coniectus
3269 5663 3321 5716 iu
3371 5661 3487 5714 vin-

1927 5763 2045 5818 cula
2081 5762 2318 5828 scripsit.
2361 5781 2377 5811 ι
2404 5761 2461 5814 lu
2509 5761 2682 5817 prima
2708 5799 2722 5822 ,
2755 5756 2958 5821 inquit,
3013 5754 3328 5811 defensione
3376 5763 3489 5803 mea
