4212 6448
271 372 376 434 449

1498 379 1897 439 ΑΝΝΛΙΛΗΜ
1942 380 2141 438 PARS
2184 381 2295 439 ΙΙΙ.
3387 387 3487 441 ίῖᾒ

270 482 411 534 οῦτω
440 481 702 549 λέγουσαν
721 498 735 513 '
762 505 780 535 ι
810 486 919 536 Καὶ
950 486 1240 539 καταϐαλῶ
1266 488 1459 547 αὐτοὺς
1497 491 1553 539 ὲν
1584 490 1827 559 μαχαίρᾳ

1932 490 2023 543 bat
2055 492 2109 545 in
2147 502 2543 547 transversum.
2600 491 2713 547 Hoc
2744 495 2905 549 modo
2939 496 3186 550 Jeremire
3234 499 3492 552 vaticinio

272 573 502 626 ἐνώπιον
539 575 647 628 τῶν
693 576 900 645 ἐχθρῶν
952 578 1152 643 αὐτῶν,
1189 583 1283 632 κα)⁵
1332 579 1479 642 τάξω
1516 582 1614 649 τὴν
1675 581 1828 633 πόλιν

270 664 472 734 ταύτην
505 667 584 728 είς
630 667 939 738 ἀφανισμὸν
974 670 1070 722 καὶ
1111 674 1191 732 είς
1219 673 1540 740 συρῤηγμον
1588 673 1824 726 αἰώνιον.

269 758 379 813 Καὶ
405 761 612 814 ἔδονται
659 762 755 823 τὰς
790 762 996 831 σάρκας
1028 763 1136 815 τῶν
1170 764 1305 816 υἱῶν
1343 766 1569 821 καὶτῶν
1600 766 1829 832 θυγατέ-

271 869 383 921 ρων
419 853 619 909 αὐτῶν.
678 855 786 906 Καὶ
848 856 1125 925 συντρίψω
1175 856 1274 924 τὴν
1331 856 1485 909 πόλιν
1519 856 1724 926 ταύτην
1755 860 1827 920 ὡς

268 949 435 1013 ἄγγος
480 947 833 1015 ὀστράκινον,
884 947 911 999 ὃ
958 948 1019 999 ού
1083 948 1372 1016 δυνήσεται
1428 948 1644 1018 ἰαθῆναι
1671 951 1771 1004 ἔτι.
1805 971 1823 1002 ι

268 1040 334 1091 Τί
351 1038 544 1091 τούτου
578 1040 913 1107 σαφέστερον
936 1058 950 1103 ;
977 1040 1158 1092 Πάντα
1182 1042 1291 1108 γὰρ
1315 1040 1671 1109 πεπλήρωται
1691 1046 1830 1094 κατὰ

267 1130 365 1197 τὴν
416 1131 655 1197 ἱστορίαν
702 1129 988 1199 Ἰωσήπου.
1040 1131 1159 1183 Ἵνα
1204 1130 1313 1201 γάρ
1356 1131 1547 1200 μηδεὶς
1575 1131 1829 1195 Ἰουδαῖος

265 1222 639 1290 ἀπιστήσειεν,
673 1221 773 1274 obit
787 1221 1083 1290 ἀλλόφυλον
1116 1240 1265 1288 τινα,
1288 1222 1404 1274 ἀλλ’
1432 1223 1708 1292 ὁμόφυλον
1737 1226 1830 1278 καὶ

265 1310 512 1381 ζηλωτὴν
546 1311 1028 1382 παρεσκεύασενὴ
1076 1311 1303 1380 ἀλήθεια
1360 1312 1428 1366 τὰ
1482 1313 1827 1383 ὃυσεξὴγητα

265 1396 684 1473 ἐκτραγῳδῆσαι
718 1403 867 1473 πάθη
892 1402 1091 1457 αὐτῶν.
1124 1403 1395 1472 Τοιαύτην
1424 1404 1533 1473 γὰρ
1563 1404 1828 1473 θεήλατον

262 1494 434 1565 ὀργὴν
471 1495 644 1559 οὐδεὶς
674 1490 781 1548 εῐδὲ
807 1512 959 1548 ποτε.
998 1498 1059 1548 Ὀ
1095 1498 1275 1566 μέντοι
1332 1496 1598 1565 Ἰώσηπος
1638 1501 1698 1552 ὲν
1737 1499 1834 1553 Ἰε-

264 1587 547 1657 ρουσαλὴμ
576 1586 770 1657 παρὼν
788 1587 867 1655 τῷ
890 1588 1118 1657 πολέμῳ
1168 1588 1476 1659 συνέγραψε
1506 1591 1831 1660 τριακοσίας

261 1680 473 1750 ἀνδρῶν
494 1680 763 1750 μυριάδας
776 1680 1073 1736 ἀπολέσθαι
1098 1680 1262 1751 λιμῷ,
1279 1682 1548 1753 μαχαίρᾳ,
1577 1685 1713 1753 πυρὶ
1738 1686 1831 1738 καὶ

260 1779 377 1840 τοῖς
398 1775 679 1842 τοιούτοις,
709 1765 801 1830 ναὶ
833 1777 940 1846 μὴν
963 1776 1060 1829 καὶ
1088 1778 1158 1845 τῇ
1202 1775 1346 1829 κατὰ
1395 1774 1614 1845 Ῥώμην
1646 1776 1831 1846 θηριο-

1931 582 2199 639 satislecit
2223 593 2483 650 eventus,
2519 585 2569 637 id
2601 585 2744 655 quod
2780 595 2897 640 erat
2934 587 3246 656 huiusmodi
3276 610 3288 641 :
3330 610 3344 638 ι
3371 588 3494 642 Gla-

1932 674 2022 727 dio
2068 687 2311 730 sternam
2351 691 2447 729 cos
2494 676 2549 729 in
2587 688 2887 737 conspectu
2921 679 3084 746 238
3118 694 3341 730 suorum
3395 681 3489 729 ξιιμ.

1932 768 2119 830 stium,
2147 779 2201 822 et
2228 769 2421 821 urbem
2456 774 2598 822 hanc
2620 770 2685 822 ad
2712 772 3141 824 internecionmn
3170 772 3495 840 ruinamque

1930 867 2245 925 perpetuam
2280 859 2542 928 redigam.
2613 861 2819 915 Garncs
2847 862 3012 915 etiam
3070 864 3305 915 liliornm

1931 965 2165 1018 rumque
2215 966 2439 1005 suarum
2504 953 2816 1007 comedent.
2892 954 3154 1023 Adeoque
3218 969 3495 1008 eonteram

1933 1040 2074 1094 hanc
2118 1042 2312 1096 urbem
2364 1044 2535 1097 instar
2586 1046 2730 1100 vasis
2765 1047 2987 1100 testacei
3019 1086 3033 1107 ,
3074 1046 3218 1115 quod
3267 1049 3497 1116 amplius

1932 1134 2293 1205 redintegrari
2332 1136 2591 1205 relicique
2636 1140 2880 1208 nequit.»
2942 1138 3056 1191 Hoc
3086 1141 3313 1194 oraculo
3342 1142 3498 1209 quiil-

1932 1240 2057 1279 nam
2118 1228 2292 1295 possit
2337 1243 2458 1283 esse
2498 1231 2701 1284 clarius
2746 1239 2803 1284 et
2836 1231 3167 1285 dilucidius?
3219 1232 3351 1286 Nam
3384 1232 3499 1287 hzec

1930 1318 2117 1372 omnia
2149 1318 2230 1372 sic
2256 1336 2485 1389 prorsus
2511 1333 2838 1386 evenerunt,
2873 1325 2926 1379 id
2956 1328 3102 1395 quod
3144 1327 3372 1381 historia
3406 1328 3500 1381 Jo-

1930 1408 2087 1477 sephi
2123 1417 2374 1466 testatur.
2413 1412 2624 1483 Quippe
2660 1431 2730 1470 ne
2762 1417 3075 1472 Iudaeorum
3108 1420 3378 1488 quispiam
3412 1420 3498 1472 hi—

1931 1502 2115 1556 storiae
2148 1502 2308 1558 Iidem
2361 1504 2673 1576 derogaret,
2715 1526 2825 1564 non
2882 1512 3119 1581 aliquem
3151 1522 3495 1575 exlraneum.

1932 1592 2026 1646 sed
2059 1593 2253 1661 eadem
2287 1594 2510 1651 natione
2542 1609 2866 1669 prognatum
2889 1609 2945 1657 et
2981 1603 3251 1675 insignem
3277 1607 3501 1661 emula‘

1932 1692 2107 1740 torem
2132 1692 2339 1743 veritas
2367 1689 2654 1758 excitavit,
2684 1694 2775 1763 qui
2811 1693 3126 1750 Iudaeorum
3161 1699 3499 1754 calamitates

1933 1776 2348 1847 inexplicabiles
2403 1784 2608 1853 tragice
2646 1783 3005 1842 describeret.
3071 1787 3204 1845 Tale
3254 1792 3501 1861 proiecto

3364 865 3499 915 lilia-

266 1869 459 1941 μαχίᾳ.
495 1868 692 1938 Γέγονε
721 1868 779 1921 δὲ
804 1867 974 1921 ταῦτα
996 1869 1055 1920 ὲν
1082 1867 1205 1930 ταῖς
1227 1865 1462 1937 ἡμέραις
1488 1866 1713 1930 ταύταις
1736 1867 1829 1921 τοῦ

1936 1871 2247 1941 exemplum
2287 1872 2383 1927 inc
2416 1874 2589 1929 divini
2639 1878 2879 1933 numinis
2904 1878 3192 1937 declarata:
3213 1898 3375 1937 nemo
3402 1899 3500 1953 po-

260 1960 427 2015 Τίτου
462 1962 600 2031 μετὰ
627 1967 679 2031 μ’
711 1960 745 2032 ἡ
779 1962 872 2015 καὶ
899 1959 1121 2013 πλείονα
1149 1957 1247 2028 ἐτη
1279 1959 1379 2029 τῆς
1425 1958 1664 2030 Χριστοῦ
1699 1961 1831 2012 ἀνα.

261 2053 497 2125 λήψεως.

1931 1971 2038 2017 test
2061 1964 2211 2019 aliud
2254 1980 2321 2020 ex
2355 1968 2506 2021 omni
2558 1978 2867 2040 temporum
2916 1974 3182 2028 memoria
3231 1985 3497 2045 repetere.

1925 2053 2200 2125 Iosephus
2243 2057 2505 2126 quidem,
2556 2060 2947 2135 Hierosolyma!
2994 2065 3089 2136 qui
3139 2066 3369 2136 degebat
3402 2068 3504 2121 du-

261 2165 417 2207 rante
464 2151 631 2216 bello,
686 2162 964 2207 trecentas
995 2153 1282 2206 hominum
1338 2150 1610 2221 myriades
1646 2151 1808 2216 fame,
1850 2150 2051 2221 gladio,
2125 2153 2247 2225 igne
2279 2156 2510 2225 aliisque
2576 2159 2780 2216 talibus
2824 2162 3044 2219 casibus
3088 2165 3318 2232 periisse
3365 2163 3502 2219 scri-

259 2243 392 2315 psit.
450 2244 675 2299 Plurimi
752 2244 917 2299 etiam
962 2245 1149 2300 Romae
1195 2245 1387 2302 bestiis
1442 2246 1642 2317 objecti
1702 2252 1851 2300 sunt.
1890 2244 2053 2301 Gesta
2112 2254 2241 2302 sunt
2297 2250 2481 2303 omnia
2524 2250 2626 2306 sub
2696 2251 2841 2317 Tito,
2892 2264 3016 2323 post
3052 2255 3258 2311 Christi
3289 2272 3505 2312 assum-

258 2344 506 2415 ptionem
553 2340 610 2397 in
653 2342 855 2398 caelum
905 2342 1265 2414 quadraginta
1307 2353 1364 2400 et
1392 2345 1555 2414 paulo
1588 2344 1828 2415 amplius
1865 2344 2047 2401 annis.

326 2488 568 2543 Γίνωσκε
593 2487 671 2552 δὲ,
695 2485 978 2555 άγαπητὲ,
1013 2486 1097 2541 ὅτι
1123 2487 1273 2557 τρεῖς
1311 2486 1557 2551 δουλείας
1587 2486 1831 2553 ὑπέστη-

255 2598 359 2637 σαν
383 2582 434 2635 οί
472 2581 716 2635 Ἰουδαῖοι
751 2580 847 2634 καὶ
877 2580 999 2634 λίαν
1044 2580 1249 2647 δεινὰς,
1302 2580 1401 2650 τὴν
1436 2581 1496 2633 ὲν
1546 2580 1831 2650 Αἰγύπτῳ,

253 2671 358 2742 τὴν
388 2673 446 2724 ὲν
472 2670 746 2724 Βαϐυλῶνι
781 2669 875 2724 καὶ
904 2670 1002 2743 τὴν
1035 2670 1129 2723 ὑπ’
1163 2670 1441 2740 ’Δντιόχου
1470 2671 1561 2725 τοῦ
1601 2672 1832 2740 Ἐπιφα-

254 2765 408 2828 νοῦς.
436 2766 577 2818 Ἀλλ’
607 2764 704 2818 ἐπὶ
733 2763 946 2827 τούτοις
979 2765 1075 2818 καὶ
1104 2766 1162 2819 αἱ
1193 2765 1562 2835 αίχμαλωσίαι
1592 2782 1832 2835 προηγο-

258 2861 481 2932 ρεύοντο
510 2860 606 2911 καὶ
633 2859 666 2926 ἡ
692 2857 971 2919 ἐπάνοδος,
1008 2857 1099 2910 ἐπὶ
1132 2856 1189 2910 δὲ
1235 2857 1333 2925 τῆς
1364 2858 1599 2926 ἐσχάτης
1625 2859 1830 2926 αίχμα·

252 2951 459 3013 λωσίας
488 2949 725 3003 τοῦτοού
778 2949 993 3017 γέγονε.
1031 2950 1144 3003 Καὶ
1201 2950 1305 3020 δρα
1336 2950 1395 3003 τὸ
1432 2949 1526 3029 τοῦ
1562 2949 1825 3020 Ἰωσήπου

193 3033 201 3038 ’
252 3042 582 3111 φιλάληθες⁶
618 3043 701 3094 ὅτι
732 3042 830 3111 μὲν
859 3041 967 3111 γὰρ
996 3041 1102 3094 ὑπὸ
1140 3040 1433 3110 Ῥωμαίων
1467 3042 1827 3113 ἐρημωθήοεο

250 3146 348 3189 ται
379 3135 449 3188 τὰ
492 3133 867 3204 Ἰεροσόλυμα,
891 3134 1120 3202 ἔγραφε,
1159 3133 1428 3204 παράγων
1449 3135 1545 3189 καὶ
1572 3133 1666 3190 τὸν
1692 3152 1829 3206 προ-

251 3230 438 3299 φὴτην
495 3227 695 3299 Δανιὴλ
746 3226 1004 3298 μάρτυρα
1059 3226 1155 3280 τοῦ
1190 3227 1352 3296 λόγου
1392 3227 1579 3294 αὑτοῦ,
1641 3231 1723 3283 ὅτι
1758 3231 1828 3303 ξδὲ

2001 2485 2172 2540 Velim
2214 2502 2395 2543 autem
2424 2490 2585 2555 scias,
2616 2492 2813 2549 dilecte
2840 2494 2937 2557 fili,
2970 2497 3188 2553 Judzeos
3220 2508 3302 2554 ter
3334 2504 3508 2556 servi-

1932 2587 2105 2632 tulem
2139 2579 2333 2633 duram
2365 2598 2658 2652 perpessos
2696 2601 2854 2642 esse:
2902 2590 3132 2658 primam
3166 2592 3219 2645 in
3252 2592 3503 2663 Aigypto.

1931 2668 2156 2724 alteram
2188 2671 2497 2744 Babylone,
2547 2678 2762 2731 tertiam
2797 2681 2899 2734 sub
2928 2682 3232 2743 Antiocho.
3282 2687 3369 2741 cui
3413 2704 3505 2741 co-

1930 2777 2164 2832 gnomen
2196 2764 2429 2821 lllustris
2458 2776 2596 2822 erat.
2659 2770 2859 2825 Verum
2891 2782 2947 2828 et
2970 2776 3258 2843 captivitas
3289 2788 3344 2830 et
3392 2794 3509 2831 ser-

1933 2856 2135 2911 vitutes
2183 2858 2300 2913 ista:
2336 2860 2608 2927 praedicta:
2642 2861 2776 2932 ipsis
2810 2863 3049 2929 fuerant,
3096 2870 3509 2938 promissasque

1934 2947 2165 3004 reditus.
2200 2950 2269 3004 At
2298 2950 2365 3005 de
2392 2952 2723 3021 captivitatis
2761 2955 2923 3026 hujus
2952 2958 3153 3012 ultima:
3186 2960 3509 3015 liberatione

1933 3038 2266 3105 promissum
2324 3041 2460 3095 nihil
2512 3042 2633 3097 fuit.
2689 3042 2747 3098 In
2793 3044 3033 3117 Joseplto
3071 3059 3219 3104 certe
3267 3052 3509 3106 veritatis

1934 3130 2177 3187 studium
2206 3132 2296 3190 hic
2328 3150 2546 3206 quoque
2577 3136 3037 3196 considerandum
3066 3153 3170 3200 est.
3204 3145 3337 3199 Nam
3362 3150 3509 3215 quod

1937 3221 2173 3280 Romani
2223 3228 2473 3282 eversuri
2529 3239 2714 3285 essent
2777 3230 3205 3305 Hierosolymam
3269 3238 3509 3307 scripsit,

256 3321 514 3390 στήσεται
538 3317 641 3388 τῆς
666 3320 1024 3390 ἔρημώσεως,
1077 3318 1178 3372 οὐκ
1208 3318 1450 3390 ἔγραφεν
1474 3361 1490 3386 ,
1541 3322 1667 3375 ἐπεὶ
1694 3323 1831 3392 μηδὲ

1935 3316 2146 3372 Danieli
2173 3319 2313 3375 vatis
2342 3336 2407 3375 ea
2434 3320 2502 3377 de
2528 3339 2587 3379 re
2614 3324 2987 3381 testimonium
3015 3328 3336 3398 proferens:
3364 3336 3510 3400 quod

252 3412 351 3465 τὸν
392 3412 681 3483 προφήτην
732 3403 861 3481 εὗρε
910 3408 1151 3464 τοιοῦτόν
1208 3427 1261 3464 τι
1327 3412 1678 3482 προειπόντα.
1719 3414 1830 3467 Καὶ

252 3500 387 3572 περὶ
418 3499 517 3570 μὶν
546 3498 758 3554 τούτων
785 3499 979 3563 οὕτως.

328 3803 484 3861 Μετὰ
516 3804 574 3857 δὲ
613 3802 841 3873 Νέρωνα
902 3786 1098 3875 κρατεῖ
1125 3802 1336 3868 Γάλϐας
1368 3803 1543 3874 μῆνας
1579 3803 1648 3870 ζ’,
1690 3806 1831 3875 μετὰ

249 3896 315 3952 δὶ
339 3896 555 3951 Γάλϐαν
576 3895 758 3947 Ὄθων
780 3893 959 3965 μῆνας
983 3891 1053 3961 γ’,
1090 3895 1230 3964 μετὰ
1256 3894 1313 3947 δὲ
1344 3895 1533 3947 τοῦτον
1560 3895 1829 3958 Βιτέλλιος

257 3988 438 4060 μῆνας
462 3984 533 4057 η’.
571 3980 738 4048 Οὗτος
768 3986 1106 4056 κηρύγματα
1137 3987 1251 4047 τοῖς
1279 3985 1670 4055 άστρολέσχαις
1694 4003 1829 4056 τερο-

252 4079 472 4135 τέϐεικε
499 4079 724 4147 φεύγειν
747 4078 807 4142 ἐξ
844 4076 1098 4140 Ἰταλίας.
1127 4076 1195 4132 Οί
1217 4077 1261 4130 δ’
1290 4078 1826 4147 ἁντιπροτεθείκασι·

258 4192 283 4228 ι
316 4174 491 4240 Φεῦγε
519 4171 613 4226 τοῦ
642 4172 780 4242 βίου,
816 4171 1056 4241 Καῖσαρ,
1090 4183 1110 4222 ι
1166 4172 1261 4225 καὶ
1287 4170 1388 4241 τὴν
1416 4172 1632 4242 ἡμέραν
1659 4172 1830 4239 αὐτὴν

249 4264 379 4321 καθ’
433 4268 501 4335 ἣν
559 4262 929 4331 άποκτανῠείη
985 4260 1317 4331 γράψαντες.
1345 4263 1504 4317 Μετὰ
1528 4262 1587 4315 δὲ
1644 4264 1831 4317 τοῦτον

251 4356 665 4414 Οὐεσπασιανὸς
695 4356 792 4425 ἐτη
826 4354 895 4420 θ’,
934 4354 1030 4407 καὶ
1065 4352 1207 4423 μετὰ
1237 4349 1431 4409 τοῦτον
1459 4354 1488 4407 ὁ
1514 4354 1630 4418 υίὸς
1660 4354 1829 4408 αὐτοῦ

250 4451 413 4513 Τῖτος
470 4449 563 4520 ἐτη
605 4449 670 4519 β’,
708 4447 793 4518 ἐφ’
830 4438 893 4501 οὗ
948 4446 1043 4499 καὶ
1092 4447 1126 4517 ἡ
1157 4446 1266 4501 τῶν
1320 4447 1597 4502 Ἰουδαίων
1629 4447 1831 4511 ἅλωσις

250 4542 468 4612 γέγονε.
510 4541 727 4609 Ταύτης
754 4539 857 4609 μὲν
894 4537 1114 4609 πρῶτος
1166 4538 1574 4606 Οὐεσπασιανὸς
1623 4545 1830 4612 κατήρέ

248 4636 386 4703 ξατο
406 4650 422 4666 °
444 4633 562 4689 ἁλλ’
601 4630 813 4684 ἐκεῖθεν
839 4630 1061 4701 ἀπάρας
1083 4631 1219 4702 πρὸς
1257 4630 1481 4703 Ῥώμην
1524 4635 1704 4705 ἀφῆκε
1734 4638 1826 4689 τὸν
1854 4678 1903 4741 D.

250 4727 636 4798 γενναιότατον
663 4726 825 4778 Τῖτον
852 4723 951 4796 τὴν
980 4721 1139 4775 πόλιν
1173 4724 1510 4796 πολιορκεῖν.
1570 4724 1739 4791 Οὗτος
1764 4730 1823 4782 δὲ

250 4827 281 4879 ὁ
301 4823 460 4886 Τῖτος
495 4822 749 4875 τοσοῦτον
776 4818 845 4894 ἦν
876 4822 1195 4894 θαυμαστὸς
1244 4823 1387 4877 ὥστε
1430 4823 1525 4876 καὶ
1553 4822 1826 4893 θρηνῆσαι

252 4916 341 4972 διὰ
372 4916 473 4987 τὴν
518 4916 664 4969 κατὰ
694 4917 804 4969 τῶν
850 4918 1126 4971 Ἰουδαίων
1166 4918 1429 4987 θεήλατον
1475 4917 1669 4988 ὀργὴν,
1734 4921 1829 4971 καὶ

252 5006 458 5076 μᾶλλον
491 5005 653 5076 ἡνίκα
675 5007 766 5059 τὸν
794 5009 920 5060 ναὸν
951 5007 1101 5078 ἐώρα
1131 5008 1605 5078 πυρπολούμενον.
1665 5008 1825 5063 Ἀλλὰ

247 5098 348 5152 καὶ
375 5094 472 5153 τοῦ
500 5095 636 5149 Θεοῦ
667 5096 923 5164 δεόμενος
960 5097 1146 5166 ἔλεγεν
1168 5114 1181 5128 ·
1216 5119 1235 5150 ι
1284 5100 1400 5154 Οὐκ
1426 5103 1559 5169 ἐγὼ,
1585 5101 1721 5154 ἀλλὰ
1759 5102 1822 5152 σὺ

246 5188 442 5243 τούτου
500 5188 693 5252 αῖτιος.
731 5207 751 5240 ι
788 5188 953 5243 Ἀλλὰ
1009 5193 1102 5242 καὶ
1157 5192 1208 5244 εἴ
1255 5209 1340 5255 τις
1400 5180 1624 5263 νικητὴν
1654 5193 1818 5246 αὑτὸν

247 5279 640 5349 ἀνηγόρευσεν,
673 5279 944 5349 ὠργίζετο
973 5283 1096 5334 κατ’
1130 5283 1367 5337 ἐκείνου.
1397 5284 1660 5336 Τοσοῦτον
1684 5284 1739 5333 δὲ
1757 5279 1825 5353 ἦν

244 5375 276 5426 ὁ
313 5372 471 5433 Τῖτος
498 5366 652 5433 οὗτος
682 5372 965 5447 φιλότιμος
994 5373 1135 5426 ὥστε
1170 5380 1264 5428 καὶ
1303 5374 1484 5443 λέγειν
1510 5392 1523 5404 ·
1561 5394 1578 5427 ι
1623 5377 1696 5430 Οὐ
1737 5376 1816 5429 δεῖ

244 5480 372 5518 τινα
404 5462 675 5533 βλέποντα
708 5463 935 5533 βασιλέα
990 5464 1363 5535 ὑποστρέφειν
1402 5466 1765 5536 λυπούμενον.
1805 5486 1824 5517 ι

244 5557 486 5624 Λέγεται
506 5555 563 5608 δὲ
596 5555 690 5607 καὶ¹
728 5556 889 5608 τοῦτο
914 5557 1106 5610 τοῦτον
1134 5560 1312 5611 εἰπεῖν
1334 5572 1349 5587 °
1396 5577 1414 5610 ι
1453 5558 1703 5630 Σημεροε)
1733 5560 1834 5613 οὐκ

245 5648 686 5716 ὲϐασιλεύσαμεν
709 5688 724 5713 ,
750 5648 942 5717 ἐπειδή
975 5666 1098 5701 τινα
1149 5651 1250 5703 οὐκ
1301 5652 1633 5723 εὐεργετήσει
1648 5672 1771 5721 μεν.
1807 5673 1825 5705 ι

257 5741 719 5813 ᾘχμαλὼτευσεν
759 5741 814 5793 δὲ
846 5734 1003 5805 οὗτος
1055 5743 1084 5794 ὁ
1124 5744 1282 5807 Τῖτος
1314 5745 1581 5813 μυριάδας
1631 5745 1696 5816 ρ’,
1737 5747 1832 5798 καὶ

250 5833 435 5887 ἀνεῖλε
464 5834 559 5886 καὶ
603 5830 668 5899 0',
703 5831 777 5895 ὧς
833 5850 968 5904 φησι
1019 5834 1310 5905 Γεώργιος.
1377 5839 1531 5894 Μετὰ
1573 5838 1830 5896 δὲταῦτα

496 5928 770 5987 Parnm.
803 5929 918 5988 Gu.
964 5931 1222 5997 CLVlll.

1930 3418 2112 3464 autem
2170 3411 2319 3467 illius
2366 3412 2726 3472 desolationis
2773 3418 3071 3489 aliquando
3122 3423 3244 3477 linis
3295 3424 3513 3481 futurus

1931 3511 2095 3567 esset,
2129 3517 2243 3558 non
2272 3505 2516 3574 scripsit,
2561 3508 2788 3578 quando
2820 3520 2999 3566 vatem
3050 3514 3183 3568 nihil
3239 3516 3508 3585 ejusmodi

1931 3593 2247 3661 praedixisse
2280 3600 2613 3668 reperiebat.
2672 3602 2749 3658 Ac
2780 3604 2848 3659 de
2888 3606 2976 3660 his
3013 3608 3235 3674 quidem
3278 3612 3329 3662 iu
3366 3613 3511 3668 hunc

1930 3686 2153 3741 modum
2185 3688 2395 3744 dictum
2425 3700 2565 3747 esto.

1952 3800 1961 3809 ’
2002 3815 2131 3871 Post
2153 3818 2427 3874 Neronem
2466 3822 2634 3877 Galba
2668 3839 2849 3880 rerum
2897 3830 3107 3898 potitus
3158 3846 3243 3891 est
3294 3855 3511 3897 menses

1930 3918 2163 3978 septem,
2194 3922 2319 3980 post
2341 3911 2565 3967 Galbam
2603 3915 2749 3971 Otho
2776 3934 2993 3976 menses
3024 3931 3155 3990 tres,
3189 3939 3307 3996 post
3342 3933 3512 3987 Otho-

1934 4016 2059 4056 nem
2094 4003 2350 4058 Vitellius
2378 4020 2596 4062 menses
2624 4018 2771 4065 octo.
2836 4011 2935 4068 Hic
2964 4016 3166 4073 edictis
3208 4028 3509 4092 propositis

1932 4094 2087 4150 Italia
2141 4097 2305 4168 jussit
2358 4098 2646 4168 excedere,
2701 4114 2971 4175 quotquot
3021 4124 3088 4164 ex
3133 4114 3298 4171 astris
3326 4117 3510 4174 futura

1932 4203 1991 4243 se
2042 4190 2406 4258 pratdicturos
2457 4196 2750 4262 garrirent.
2814 4202 2883 4254 At
2940 4200 3018 4256 illi
3090 4205 3330 4263 vicissim
3394 4213 3511 4267 hare

1933 4280 2096 4374 verba
2124 4281 2352 4353 legenda
2383 4287 2601 4355 publice
2631 4304 3073 4360 proposuerunt:
3111 4299 3354 4358 «Excede
3376 4308 3510 4374 vita,-

1931 4371 2167 4427 Cresar.»
2237 4375 2379 4442 Quin
2422 4378 2588 4433 etiam
2618 4380 2763 4437 diem
2806 4385 3006 4454 ipsum,
3033 4404 3143 4459 quo
3174 4371 3511 4453 interlicicu;

1934 4466 2035 4520 dlis
2060 4478 2230 4528 esset,
2272 4470 2679 4541 ascripserunt.
2712 4475 2991 4534 Successit
3014 4483 3064 4536 ei
3103 4483 3506 4561 Vespasianus,

1933 4559 2026 4626 qui
2058 4574 2182 4613 cum
2210 4561 2372 4615 annis
2394 4563 2427 4617 9
2452 4575 2753 4634 regnasset,
2791 4569 3082 4640 imperium
3121 4577 3244 4631 Tito
3274 4581 3383 4635 lilio
3424 4559 3511 4639 re-

1935 4650 2115 4719 liquit.
2167 4652 2217 4705 Is
2244 4667 2420 4707 annos
2451 4656 2591 4710 duos
2619 4659 2855 4728 prefuit.
2927 4662 3042 4719 Sub
3071 4669 3262 4725 eodem
3288 4669 3505 4731 Judan-

1931 4758 2052 4795 rum
2087 4744 2235 4798 natio
2270 4746 2322 4799 in
2355 4756 2678 4813 potestatem
2717 4752 2938 4809 redacta
2968 4767 3074 4813 est.
3126 4759 3386 4832 Coeperat
3412 4784 3507 4822 eos

1929 4833 2302 4904 Vespasianus
2343 4836 2602 4896 obsidere
2624 4885 2639 4908 ,
2680 4860 2869 4899 verum
2912 4851 3191 4917 proiectus
3221 4856 3348 4913 inde
3381 4878 3506 4918 eum

1928 4924 2101 4994 copiis
2136 4926 2363 4982 Romam
2415 4929 2598 4986 Titum
2639 4934 2832 5001 ﬁliuni,
2882 4940 3062 4995 virum
3118 4944 3507 5012 fortissimum.

1930 5017 1997 5069 ad
2028 5018 2182 5072 urbis
2203 5021 2552 5079 obsidionem
2587 5028 2831 5097 reliquit.
2868 5031 2927 5086 ln
2961 5048 3030 5088 eo
3059 5046 3165 5090 tam
3188 5040 3508 5101 admiranda

1928 5108 2112 5165 virtus
2146 5122 2290 5179 erat,
2325 5122 2386 5168 ut
2433 5129 2658 5188 propter
2682 5119 2999 5179 Iudaeorum
3050 5131 3393 5191 calamitates
3431 5140 3511 5190 ili-

1931 5201 2138 5259 vinitus
2167 5206 2440 5272 immissas
2463 5212 2627 5265 etiam
2674 5216 2929 5287 ploraret,
2962 5226 3263 5288 prteSertim
3294 5230 3346 5282 id
3378 5240 3511 5285 tem-

1933 5296 2085 5365 poris
2110 5312 2231 5352 cum
2255 5299 2433 5369 ignem
2455 5304 2656 5374 templo
2678 5306 2942 5377 injectum
2977 5328 3249 5385 cerneret,
3285 5337 3513 5391 prreter-

1936 5404 1999 5442 ea
2053 5389 2223 5444 Deum
2277 5392 2621 5451 obsecrans:
2682 5396 2827 5453 «Non
2875 5418 2997 5472 ego,
3053 5406 3248 5478 inquit.
3286 5389 3401 5468 sed
3459 5429 3513 5469 in

1936 5480 2131 5534 harum
2162 5482 2327 5553 239
2357 5500 2542 5539 rerum
2576 5501 2771 5543 auctor
2799 5508 2912 5546 es.)
2949 5497 3152 5561 Quodsi
3186 5502 3312 5569 quis
3349 5507 3513 5559 etiam

1932 5573 2200 5628 victorem
2237 5578 2585 5645 appellasset,
2624 5580 2677 5636 id
2728 5583 2906 5651 ipsum
2958 5590 3180 5659 indigne
3234 5611 3357 5647 cum
3404 5600 3513 5653 iia-

1932 5665 2130 5720 cundia
2182 5668 2418 5736 quadam
2463 5670 2697 5727 ferebat.
2773 5672 2904 5728 Tum
2960 5679 3235 5748 benignus
3283 5697 3401 5740 erat
3457 5702 3515 5744 et

1932 5758 2219 5824 honestus,
2277 5768 2339 5814 ut
2368 5761 2575 5814 diceret
2618 5768 2922 5829 neminem,
2957 5772 3050 5836 qui
3078 5774 3385 5841 aspexisset
3414 5778 3517 5831 im-

1931 5860 2270 5919 peratorem,
2304 5850 2456 5905 abire
2489 5852 2699 5909 tristem
2727 5856 2951 5913 debere.
2982 5861 3123 5923 Quin
3151 5864 3315 5918 etiam
3347 5881 3519 5940 δωρεά

3010 5955 3078 6013 15
