4212 6448
305 346 405 405 45⁸7

1521 357 1923 417 ANNALIUM
1968 360 2156 419 PARS
2203 365 2311 421 lll.

3406 364 3507 423 458

306 459 396 508 καὶ
426 457 724 528 Σύμμαχος
779 461 870 514 καὶ
899 458 1198 533 Ὠριγένης.
1234 456 1399 525 Οὗτος
1444 466 1504 517 τὸ
1556 467 1858 530 Ζεύξιππον
1888 470 1930 524 Α
1965 479 1969 485 ‘

1852 484 1858 511 ν
1888 470 1930 524 Α
1965 476 2158 529 Vixerc
2192 476 2293 526 sub
2324 475 2425 528 hoc
2456 476 2731 541 Clemens,
2768 476 2858 542 qui
2893 492 2920 526 a
2952 475 3215 526 librorum
3254 474 3515 527 vare-tate

306 551 527 616 λουτρὸν
548 550 760 604 ἔκτισεν
790 554 846 605 ὲν
870 553 1167 624 Βυζαντίῳ,
1200 560 1294 610 καὶ
1324 558 1384 609 τὸ
1411 557 1625 625 πρῶτον
1653 560 1859 627 κτίσμα

306 640 382 706 τῷ
436 641 779 711 ἱπποδρομίῳ
835 644 1171 713 παρέδωκεν.
1235 645 1296 699 Ὀ
1344 647 1524 715 μέντοι
1581 649 1860 719 Ὠριγένης

308 732 574 799 ἀκμάζων
604 734 723 788 τότε
759 738 870 798 τοῖς
894 736 1057 802 θείοις
1089 740 1270 806 λόγοις
1303 741 1529 804 πολλοὺς
1563 740 1863 812 ἐχειραγώ-

308 840 395 889 γει
432 826 567 894 πρὸς
613 826 712 896 τὴν
754 829 1036 898 ἀλήθειαν,
1094 831 1320 891 πιστούς
1350 849 1407 883 τε
1440 832 1533 885 καὶ
1559 832 1823 895 ἀπίστους
1846 850 1860 865 ο

309 915 403 984 ἀφ’
425 908 497 968 ὧν
526 918 621 970 καὶ
647 915 971 987 Ἀμϐρόσιός
1001 936 1084 983 τις
1112 919 1251 990 ἀνὴρ
1297 920 1564 993 ἐπίσημος
1596 924 1689 975 καὶ⁸
1718 923 1863 991 φιλο-

308 1005 463 1070 λόγος
491 1009 554 1060 ὲικ
587 1011 686 1078 τῆς
719 1009 1073 1065 Οὐαλεντίνου
1133 1014 1399 1080 αἱρέσεως
1445 1014 1662 1076 ἐκστάς.
1707 1015 1867 1069 Ἀλλὰ

310 1097 401 1147 καὶ
432 1097 491 1149 ἐν
517 1100 627 1160 τοῖς
654 1098 852 1164 ἔξωθεν
901 1103 1076 1171 μέγας
1123 1104 1471 1173 ὲγνωρίζετο,
1526 1108 1868 1178 γεωμετρίας

310 1190 404 1242 καὶ
441 1192 507 1246 τὰ
534 1192 695 1245 λοιπὰ
729 1196 1058 1264 παραδιδοὺς
1085 1199 1267 1260 αὐτοῖς
1291 1215 1304 1229 ·
1330 1200 1539 1271 εὐφυὴς
1565 1202 1676 1272 γὰρ
1705 1198 1773 1271 ἦν
1806 1206 1871 1257 ὲκ

311 1281 567 1351 βρέφους,
626 1286 719 1338 καὶ
773 1287 1115 1359 ἐπέπληττεν
1144 1289 1308 1343 αὐτὸν
1336 1293 1364 1343 ὁ
1395 1291 1579 1362 πατὴρ
1630 1292 1703 1355 ὡς
1737 1293 1870 1363 παρ’

311 1375 528 1445 ἠλικίαν
556 1378 625 1429 τά
659 1378 777 1430 θεία
805 1380 898 1432 καὶ
930 1380 1142 1449 μεγάλα
1188 1381 1478 1451 ζητοῦντα.
1512 1384 1782 1448 Πολλάκις
1814 1384 1871 1438 δὲ

311 1474 407 1525 καὶ
444 1471 791 1536 καθεύδοντος
838 1475 1006 1530 αὐτοῦ
1035 1475 1102 1530 τὰ
1133 1476 1330 1547 στέρνα
1382 1477 1476 1530 τοῦ
1502 1478 1811 1551 Ὠριγένους
1845 1482 1873 1534 ὁ

313 1561 495 1633 πατὴρ
540 1566 820 1632 κατεφίλει
860 1566 935 1630 ὡς
990 1567 1137 1621 θείου
1176 1567 1493 1638 Πνεύματος
1548 1568 1746 1638 μεστὰ,
1778 1568 1875 1623 xui.

313 1653 409 1719 τῆς
436 1654 716 1717 εὐτεκνίας
751 1658 938 1711 ἑαυτὸν
970 1659 1275 1729 ιμακάριζε
1297 1673 1313 1691 ⁶
1352 1660 1497 1723 θεῖος
1526 1661 1633 1731 γὰρ
1660 1660 1689 1712 ὂ
1715 1660 1872 1731 ἀνὴρ.

315 1745 504 1814 ἐπειδὴ
539 1752 631 1801 καὶ
664 1749 874 1818 μάρτυς
909 1751 1151 1819 γέγονεν.
1190 1752 1247 1805 '0
1278 1752 1333 1805 δὲ
1365 1752 1651 1822 Ὠριγένης
1690 1753 1876 1806 τοσοῦ-

317 1853 410 1891 τον
439 1835 504 1902 ἦν
546 1840 816 1919 εγκρατὴς
839 1842 914 1903 ὡς
941 1844 1145 1907 ὀϐολοῖς
1158 1844 1437 1915 κτέσσαρσι
1484 1846 1603 1899 καθ’
1635 1846 1874 1914 ἑκάστην

316 1932 626 2001 ἀρκεῖσθαι,
661 1935 803 1988 οἴνου
840 1938 935 1989 καὶ
964 1936 1144 1990 ἐλαίου
1187 1938 1548 2008 ἀπεχόμενος,
1577 1941 1878 2007 κατεσκληκ-

319 2026 428 2091 κὼς
459 2043 518 2078 τε
550 2023 616 2097 ἦν
653 2028 745 2081 καὶ
773 2027 975 2101 φιαθίῳ
1010 2030 1285 2100 κείμενος,
1323 2031 1381 2085 ἓν
1408 2032 1567 2103 ἔργον
1598 2031 1738 2103 ἔχων
1778 2033 1878 2103 τὴν

317 2117 467 2172 θείαν
516 2120 770 2190 μελέτην.
816 2121 935 2191 Ἐφ’
967 2116 1010 2190 ᾧ
1060 2123 1156 2177 καὶ
1210 2124 1439 2188 πολλοὺς
1485 2125 1754 2196 ’Έλληνας
1783 2125 1877 2179 τοῦ

324 2211 625 2280 μαρτυρίου
690 2212 955 2282 στέφανον
1010 2215 1383 2286 ἀναδήσασθαι
1434 2216 1756 2288 πεποίηκεν.
1818 2220 1879 2271 Ὀ

320 2304 505 2373 μέντοι
556 2306 880 2376 Ἀμϐρόσιος
909 2308 979 2363 τά
1031 2308 1167 2379 πρὸς
1215 2310 1406 2381 χρείαν
1453 2312 1602 2381 αὐτῷ
1629 2312 1883 2382 παρέχων

320 2399 377 2449 ἐν
425 2398 600 2451 ἕτεςιν
659 2398 725 2456 ιη’
772 2401 872 2469 τὴν
907 2401 1131 2471 Γραφὴν
1170 2403 1513 2473 ἑρμηνεῦσαι
1576 2406 1881 2475 ἠνάγκασε.

318 2492 553 2556 Λέγεται
590 2492 646 2543 δὲ
672 2493 751 2544 ὅτι
783 2495 873 2544 καὶ
902 2490 969 2560 δ’
999 2494 1103 2563 βίϐῗ
1118 2511 1213 2557 ους
1238 2497 1888 2571 συνεγράψατο.Τελευτᾷ

319 2582 377 2643 δὲ
409 2583 547 2634 ὲτῶν
598 2582 695 2648 ξθ’,
750 2586 798 2636 εί
827 2586 922 2637 καὶ
951 2585 1017 2638 δι’
1051 2586 1231 2640 αἰτίαν
1280 2588 1401 2641 τινά
1432 2589 1495 2640 τὸ
1525 2588 1685 2651 κλέος
1722 2587 1884 2642 αὑτοῦ

323 2674 490 2746 μέχρι
515 2676 701 2740 τέλους
739 2676 800 2729 ού
838 2677 1110 2746 διέμεινεν
1147 2678 1447 2733 ἄσϐεστον·
1499 2680 1558 2745 ἐξ
1586 2680 1749 2734 αὐτοῦ
1780 2681 1886 2752 γὰρ

322 2767 420 2819 καὶ
463 2767 730 2837 Ἀρειανοὶ
789 2770 883 2822 καὶ
925 2769 1191 2840 Ἀνόμοιοι
1247 2770 1344 2835 τὰς
1401 2772 1657 2849 ἀφορμὰς
1707 2771 1886 2841 ἔσχον.

322 2860 447 2913 Τῶν
471 2860 739 2925 σωμάτων
772 2862 955 2916 ἀθετεῖ
983 2864 1085 2932 τὴν
1104 2863 1403 2918 ἀνάστασιν
1422 2881 1438 2897 ⁶
1487 2865 1639 2927 τέλος
1676 2862 1890 2931 δοξάζει

322 2952 424 3020 τῆς
477 2952 748 3015 κολάσεως
801 2956 896 3007 καὶ
947 2954 1057 3008 τῶν
1085 2957 1360 3027 δαιμόνων
1420 2957 1890 3017 ἀποκατάστασιν.

326 3040 609 3110 Τοσαύτην
651 3043 706 3095 δὲ
761 3045 1068 3114 μετήρχετο
1114 3047 1351 3115 ἄσκησιν
1380 3046 1455 3110 ὡς
1486 3045 1699 3100 καὶτὸν
1726 3047 1891 3102 αὑτοῦ

1961 567 2305 623 Stromatcus
2332 570 2654 639 appellatur.
2682 579 2737 622 et
2759 569 3116 637 Symmachus
3140 577 3194 620 et
3229 568 3514 630 Origenes.

1962 661 2193 716 Severus
2221 662 2460 725 Byzantii
2494 662 2746 714 balneum
2793 662 3059 715 exstruxit
3106 661 3249 730 quod
3280 662 3514 728 Zeuxip-

1962 769 2090 822 pum
2134 763 2475 822 nuncupaut,
2516 760 2571 806 et
2621 752 2832 805 circum
2893 763 3202 820 equestrem
3251 752 3521 804 ιιιιιὶίῐεειτιι

1966 845 2154 914 coepit.
2217 845 2263 901 Is
2288 854 2492 910 autem,
2528 847 2685 916 cujus
2719 844 2881 898 modo
2912 844 3241 897 mentionem
3284 842 3522 895 facieba-

1966 950 2107 1002 mus,
2135 935 2397 1006 Origenes
2436 937 2491 992 id
2526 936 2786 1004 temporis
2815 942 3034 1005 promer
3066 934 3331 987 doctrina:
3359 950 3521 987 sacrae

1965 1029 2328 1099 cognitionem
2360 1029 2538 1085 clarus
2564 1027 2874 1098 complures
2915 1035 3028 1080 tum
3072 1024 3257 1079 ﬁdeles
3291 1032 3402 1077 tum
3442 1027 3524 1077 iu-

1970 1118 2154 1174 ﬁdeles
2180 1120 2246 1173 ad
2276 1120 2561 1174 veritatem
2602 1134 2763 1173 manu
2788 1116 2941 1185 quasi
2973 1115 3227 1169 ducebat.
3269 1116 3409 1168 Inter
3431 1132 3527 1167 ens

1970 1211 2072 1266 fuit
2103 1212 2428 1267 Ambrosius
2472 1212 2718 1281 quidam,
2755 1212 2841 1265 vir
2882 1209 3111 1265 illustris
3141 1216 3197 1262 et
3224 1206 3528 1261 litterarum

1968 1303 2340 1374 doctrinaeque
2372 1306 2673 1367 studiosus,
2727 1304 2820 1372 qui
2847 1303 2966 1371 ejus
2997 1302 3323 1355 auctoritate
3353 1308 3533 1351 motus

1970 1405 2175 1452 sectam
2205 1394 2476 1451 Valentini
2512 1395 2757 1464 reliquit.
2788 1394 2935 1449 Idem
2965 1392 3228 1460 Origenes
3253 1392 3323 1444 ob
3348 1399 3527 1443 exter-

1971 1503 2071 1543 nas
2117 1487 2285 1541 etiam
2314 1486 2633 1555 disciplinas
2665 1500 2895 1554 magnus
2946 1482 3286 1545 habebatur,
3331 1491 3389 1535 ut
3438 1480 3532 1547 qui

1970 1575 2324 1648 geometriam
2353 1586 2608 1645 artesque
2634 1584 2864 1630 caeteras
2890 1573 3176 1642 discipulis
3203 1570 3317 1626 suis
3360 1570 3538 1623 trade-

1975 1680 2079 1726 ret.
2143 1669 2278 1725 Nam
2310 1670 2568 1739 praeclara
2625 1667 2804 1722 fuerat
2847 1682 2877 1721 a
2926 1666 3122 1737 primis
3165 1664 3323 1717 annis
3356 1660 3539 1715 indole

1976 1761 2259 1830 praeditus,
2289 1761 2512 1829 ipseque
2541 1768 2697 1829 pater
2741 1772 2868 1813 eum
2916 1769 3310 1823 nonnunquam
3357 1754 3541 1822 objur-

1978 1852 2123 1922 gavit
2156 1851 2324 1920 utqui
2352 1867 2513 1920 supra
2550 1849 2769 1903 modum
2798 1848 2972 1904 aetatis
2995 1862 3083 1903 res
3109 1846 3321 1900 divinas
3348 1853 3402 1897 et
3431 1859 3516 1897 ma

1978 1960 2113 2016 gnas
2144 1945 2447 2015 indagaret.
2483 1944 2635 2013 Smpe
2667 1952 2845 1997 tamen
2869 1942 2987 2011 ipso
3015 1939 3322 1995 dormieme
3352 1948 3543 2006 pectus

1977 2035 2100 2105 ejus
2128 2034 2550 2090 exosculabatur
2595 2042 2754 2103 pater
2789 2043 3046 2101 tanquam
3080 2030 3254 2085 sancti
3304 2030 3544 2099 Spiritus

1983 2127 2225 2196 plenum,
2282 2141 2450 2195 seque
2507 2134 2730 2193 propter
2775 2123 3048 2192 egregiam
3106 2121 3270 2187 haan
3296 2119 3540 2174 sobolem

1981 2218 2199 2273 beatum
2231 2215 2586 2286 praedicabat.
2632 2216 2763 2270 Erat
2794 2212 2940 2269 enim
2973 2210 3235 2267 Leontius
3271 2209 3431 2263 Pater
3462 2210 3546 2263 vir

1984 2307 2208 2362 omnino
2235 2306 2478 2368 divinus,
2510 2314 2570 2359 ut
2592 2304 2685 2375 qui
2722 2303 2879 2358 testis
2908 2302 3073 2357 etiam
3095 2302 3341 2355 veritatis
3370 2300 3547 2352 fnt'ills

1986 2398 2075 2453 sit.
2130 2397 2280 2452 Adeo
2326 2412 2458 2450 vero
2518 2403 2886 2464 temperanter
2930 2392 3213 2447 victitabat
3264 2391 3548 2457 Origenes.

1988 2497 2049 2544 ut
2081 2490 2136 2544 in
2166 2498 2441 2558 sumptum
2486 2487 2864 2558 quotidianum
2916 2491 3151 2554 quatuor
3188 2482 3366 2537 obolis
3418 2497 3553 2534 con~

1988 2589 2170 2635 tentus
2195 2590 2357 2635 esset.
2417 2580 2459 2633 A
2510 2579 2637 2633 vino
2690 2585 2748 2633 et
2788 2577 2910 2631 oleo
2954 2589 3180 2644 prorsus
3220 2573 3549 2627 abstinebat.

1987 2672 2201 2742 Corpus
2227 2672 2452 2726 omnino
2478 2679 2703 2741 propter
2734 2670 2951 2725 labores
2981 2676 3297 2721 exarucrat.
3349 2666 3404 2716 In
3436 2674 3548 2717 stu-

1990 2783 2081 2822 rea
2109 2767 2365 2833 cubabat,
2400 2768 2493 2821 uni
2521 2766 2681 2820 modo
2716 2766 2795 2818 rei
2821 2764 3087 2823 intentus,
3118 2770 3178 2815 ut
3205 2760 3417 2813 divinas
3446 2756 3550 2811 sci~

1989 2856 2119 2911 licet
2151 2871 2239 2911 res
2274 2856 2655 2910 meditaretur.
2718 2855 2837 2920 Quo
2889 2854 3005 2921 ipso
3054 2852 3235 2906 eﬁ‘ecit
3290 2862 3348 2902 ut
3398 2849 3552 2900 multi

1991 2946 2163 3003 Graeci
2223 2961 2426 3000 corona
2478 2944 2777 2999 testimonii
2835 2942 3212 3012 eiugereutur.
3274 2937 3561 2993 Ρτιι-ὺυιιιιι

1992 3040 2317 3094 Ambrosius
2348 3039 2399 3093 ei
2429 3048 2626 3092 cuncta
2666 3051 2786 3107 quae
2808 3035 2876 3090 ad
2919 3049 3051 3089 usus
3100 3030 3438 3088 necessarios
3470 3045 3555 3083 re-

328 3135 709 3205 ἀνατραπῆναι
750 3136 998 3207 θώρακα.
1066 3141 1175 3193 Καὶ
1225 3140 1520 3210 φάρμακον
1558 3140 1615 3194 δὲ
1640 3140 1892 3210 λέγουσιν
1918 3150 1962 3209 c

1918 3150 1962 3209 ο
1993 3131 2369 3204 quirerentur,
2405 3130 2635 3200 ideoque
2665 3129 2907 3199 perpulit
2930 3127 3205 3180 hominem
3235 3135 3293 3178 ut
3321 3124 3559 3181 Litteras

328 3224 599 3277 ἐπιθεῖναι
636 3230 745 3288 τοῖς
768 3230 1107 3297 γεννητικοῖς
1128 3227 1295 3281 αὐτοῦ
1326 3229 1536 3298 μορίοις
1557 3229 1697 3283 ὥστε
1714 3248 1893 3286 κατα-

330 3321 560 3389 ξηρᾶναι
594 3321 752 3383 αὐτὰ,
795 3321 887 3372 καὶ
919 3320 1151 3390 βοτάνην
1204 3321 1261 3373 δὲ
1295 3323 1480 3389 εὑρεῖν
1526 3326 1751 3395 μνήμης
1778 3326 1895 3379 Eve-

332 3431 449 3469 κεν.
509 3412 663 3467 Μετὰ
718 3412 891 3465 ταῦτα
924 3413 1104 3484 φθόνῳ
1152 3415 1464 3483 διαϐληθεὶς
1494 3417 1631 3486 πρός
1684 3434 1746 3485 γε
1772 3419 1898 3481 τοὺς

331 3507 430 3574 τῆς
454 3504 702 3570 ἐξουσίας
735 3506 997 3575 ἄρχοντας
1024 3507 1315 3577 συνεργείᾳ
1363 3507 1633 3579 Σατανικῇ
1672 3509 1769 3579 τῆς
1810 3509 1899 3563 πί-

334 3614 507 3659 στεως
537 3597 813 3661 ἔξίστειται
837 3614 852 3629 ο
894 3598 1089 3650 ἐκεῖνοι
1120 3599 1224 3668 γὰρ
1269 3598 1371 3667 τὴν
1415 3600 1722 3679 προσούσαν
1751 3601 1901 3672 αὐτῷ

339 3687 700 3757 σωφροσύνην
730 3688 928 3750 εἰδότες
952 3687 1321 3758 προσάγουσιν
1351 3688 1499 3758 αὐτῷ
1534 3690 1901 3754 Ᾱίθίοπα,καὶ

339 3781 373 3846 ἢ
408 3781 655 3831 πείθεται
682 3781 794 3841 τοϊς
843 3778 1023 3845 λόγοις
1055 3780 1278 3831 ἐκείνων
1312 3779 1344 3849 ἢ
1380 3778 1458 3849 τῷ
1486 3781 1702 3835 Αίθίοπι
1736 3798 1903 3835 κατα-

336 3870 642 3943 χραίνεται.
681 3869 923 3932 Ἐκεῖνος
963 3868 1055 3923 οὖν
1089 3870 1224 3940 μηδὲ
1251 3871 1440 3941 ἄκροις
1470 3872 1604 3927 ὠσὶν
1639 3874 1904 3945 ἀνεχόμε-

337 3982 426 4028 νος
452 3964 709 4029 τοιαύτην
738 3962 974 4030 ἄθεσμον
1002 3963 1171 4032 ἀκοὴν
1196 3964 1573 4030 ἐνωτίσασθαι,
1604 3966 1902 4036 αύτοχείρῳ

335 4057 502 4127 ουσία
528 4055 619 4108 διὰ
650 4054 946 4107 λιϐανωτοῦ
1006 4055 1353 4125 περιέπεσεν.
1390 4056 1553 4110 Ὂθεν
1604 4057 1702 4124 τὴν
1756 4059 1906 4112 Ἀλε-

338 4150 623 4219 ξάνδρειαν
657 4147 751 4199 τοῦ
788 4146 863 4217 μὴ
887 4146 1241 4211 ὀνειδίζεσθαι
1274 4147 1435 4217 χάριν
1475 4149 1793 4204 καταλιπὼν
1825 4154 1904 4214 είς

351 4240 701 4311 Ἱεροσόλυμα
731 4240 973 4308 ἔρχεται.
1018 4238 1139 4307 Ἐφ’
1189 4233 1233 4307 ᾧ
1272 4243 1390 4293 καὶ·
1424 4240 1793 4309 ἀναγκασθεὶς
1820 4242 1908 4295 ἐπ’

1997 3238 2181 3279 sacras
2209 3237 2474 3275 annorum
2513 3220 2579 3273 18
2607 3217 2785 3288 spatio
2820 3217 3301 3284 interpretaretur.
3340 3210 3563 3263 Litteris

1997 3319 2162 3371 etiam
2195 3315 2573 3384 consignatum
2605 3312 2812 3366 scimus
2839 3308 3131 3379 Origencm
3170 3320 3266 3360 sex
3297 3305 3561 3358 librorum

2000 3407 2166 3461 millia
2197 3404 2605 3471 conscripsisse.
2663 3402 2912 3456 Mortuus
2960 3408 3044 3453 est
3087 3414 3229 3452 anno
3270 3397 3445 3450 aetatis
3474 3395 3561 3448 69.

2000 3499 2173 3555 Unam
2228 3506 2411 3552 tamen
2463 3496 2533 3551 ob
2580 3509 2800 3550 causam
2856 3493 3029 3562 ipsius
3074 3490 3244 3561 gloria
3285 3503 3455 3557 usque
3498 3487 3565 3539 ad

2001 3589 2165 3644 ﬁnem
2193 3603 2303 3643 non
2332 3586 2681 3658 perduravit;
2716 3600 2840 3640 nam
2872 3583 3057 3638 Ariani
3085 3590 3142 3637 et
3164 3580 3416 3635 Anommi
3444 3594 3570 3633 sua-

2002 3698 2124 3739 rum
2142 3682 2430 3738 haeresium
2456 3681 2772 3736 occasiones
2812 3677 2882 3733 ab
2907 3677 3022 3746 ipso
3062 3676 3381 3729 hauserunt.
3423 3674 3569 3727 Prac-

2004 3785 2151 3831 terea
2184 3787 2479 3843 corporum
2509 3769 2900 3826 resurrectioni
2953 3766 3115 3822 ﬁdem
3146 3774 3325 3834 negat,
3363 3763 3569 3832 suppli-

2004 3868 2214 3925 ciorum
2244 3868 2406 3921 tinem
2442 3865 2700 3934 opinione
2732 3877 2830 3917 sua
2861 3860 3076 3924 statuit,
3102 3858 3292 3929 genios
3318 3858 3487 3911 malos
3515 3856 3567 3908 in

2006 3962 2280 4031 integrum
2310 3958 2627 4014 restitutum
2653 3958 2719 4011 iri
2752 3966 2962 4011 censet.
3015 3954 3238 4008 interim
3277 3962 3424 4005 tanto
3455 3960 3572 4004 stu-

2004 4053 2098 4108 dio
2124 4054 2409 4123 corporeis
2439 4052 2719 4107 exercitiis
2757 4050 2972 4106 deditus
3006 4057 3127 4104 erat
3156 4056 3213 4102 ut
3262 4047 3426 4102 etiam
3478 4060 3575 4113 pe-

2007 4156 2129 4201 ctus
2158 4145 2331 4215 ipsius
2356 4154 2822 4213 corrumperetur.
2855 4140 3161 4197 Perhibent
3195 4141 3324 4193 item
3358 4139 3569 4207 genita-

2007 4238 2157 4293 libus
2176 4252 2304 4293 eum
2331 4237 2605 4309 quoddam
2633 4236 2958 4306 imposuisse
2986 4233 3439 4289 medicamentum
3464 4244 3575 4298 quo

336 4332 636 4401 ἐκκλησίας
666 4330 823 4397 λόγον
862 4330 1039 4380 εἰπεῖν
1090 4329 1512 4399 (πρεσϐύτερος
1564 4332 1673 4401 γὰρ
1701 4327 1804 4402 ἦν)
1843 4334 1910 4385 ἐκ

2004 4331 2105 4399 illa
2143 4337 2551 4386 exarescerent.
2608 4327 2841 4383 Herbam
2873 4341 3092 4397 quoque
3150 4322 3373 4393 reperit,
3418 4322 3574 4390 cujus

337 4424 431 4475 τοῦ
490 4421 893 4491 παρατυχόντος
940 4416 1058 4471 εἷπε
1113 4422 1205 4472 καὶ
1254 4418 1418 4471 τάδε·
1455 4439 1473 4471 ι
1519 4419 1608 4487 Τῷ
1638 4420 1693 4473 δὲ
1732 4421 1913 4490 ἁμαρ-

2013 4425 2099 4480 vis
2126 4424 2182 4479 in
2222 4423 2461 4496 iuvanda
2504 4422 2769 4477 memoria
2816 4432 3107 4489 permagna
3158 4416 3317 4471 foret.
3374 4416 3575 4469 \‘erum

335 4515 495 4586 τωλῷ
516 4511 667 4566 εἶπεν
688 4516 715 4565 ὁ
740 4512 893 4574 θεός
923 4512 1040 4564 ’Ίνα
1063 4511 1116 4563 τί
1137 4513 1200 4564 σὺ
1226 4510 1450 4581 unum
1474 4510 1544 4563 τά
1562 4511 1911 4581 δικαιώματά
1940 4528 1985 4583 ι)

1910 4554 1911 4561 η
1940 4528 1985 4583 ι)
2014 4517 2274 4585 deinceps
2300 4514 2505 4569 invidia
2535 4514 2768 4583 quadam
2798 4511 2865 4566 ad
2902 4511 3275 4580 magistratus,
3328 4508 3421 4577 qui
3452 4522 3573 4559 eum

342 4626 445 4677 μου
475 4608 571 4659 καὶ
609 4604 1014 4672 ἀναλαμϐάνεις
1061 4602 1159 4674 τὴν
1216 4603 1484 4673 διαθήκην
1528 4620 1631 4671 μου
1664 4603 1754 4657 διὰ
1791 4604 1911 4657 στό-

2016 4611 2247 4680 imperio
2284 4616 2440 4664 erant
2473 4623 2536 4662 ac
2565 4613 2855 4676 potestate,
2886 4603 3101 4657 delatus
3132 4602 3348 4655 Sataua:
3378 4598 3577 4651 auxilio

341 4697 511 4766 ματός
548 4712 672 4762 σούς
714 4715 732 4747 ι
762 4698 873 4749 Καὶ
908 4694 1116 4759 πτύξας
1168 4695 1229 4747 τὸ
1262 4693 1461 4764 βιϐλίον
1504 4696 1768 4765 ἐδάκρυσε
1812 4696 1910 4748 σὺν

2011 4722 2041 4758 a
2093 4702 2198 4758 ﬁde
2231 4702 2498 4765 descivit;
2559 4715 2682 4754 nam
2724 4714 2847 4753 cum
2899 4697 2973 4751 illi
3026 4695 3334 4749 castitatem
3376 4692 3428 4744 in
3461 4691 3578 4757 ipso

339 4791 536 4842 ἅπασι.
568 4789 773 4851 Μανεὶς
804 4783 897 4841 οὖν
927 4787 1115 4840 ἔκτοτε
1150 4786 1250 4857 τὴν
1278 4786 1439 4853 ἁγίαν
1475 4787 1654 4839 πᾶσαν
1685 4786 1908 4857 Γραφὴν

2013 4795 2280 4864 insignem
2314 4795 2471 4862 plane
2502 4792 2773 4860 cognitam
2808 4789 3095 4850 haberent,
3127 4786 3332 4840 homini
3366 4782 3576 4836 Aﬁlbio-

340 4882 647 4953 ἀνατρέψαι
705 4881 1061 4943 ἐσπούδασεν,
1106 4882 1230 4933 ὅθεν
1288 4879 1382 4931 καὶ
1443 4878 1907 4951 ἀναθεματίζεται

2012 4901 2135 4953 pem
2170 4886 2500 4939 admovent:
2566 4881 2729 4935 simul
2790 4879 3035 4934 indicant
3092 4887 3152 4931 ut
3193 4877 3276 4931 vel
3333 4875 3572 4944 ipsorum

344 4975 507 5040 μέχρι
532 4972 630 5039 τῆς
664 4973 803 5040 σήμε
815 4987 926 5038 ρον.
1235 4975 1240 4980 ’

2011 4971 2171 5043 243
2197 4971 2466 5027 mandatis
2498 4970 2811 5039 pareretvel
2840 4984 2961 5023 eum
2993 4967 3249 5035 Etbiupe
3281 4981 3342 5021 se
3365 4965 3576 5033 pollue-

339 5076 449 5119 ret.
494 5064 591 5118 llic
641 5079 765 5117 cum
810 5062 1073 5128 Origenes
1144 5078 1211 5117 ne
1241 5063 1502 5117 extremis
1558 5063 1778 5133 quidem
1841 5063 2071 5119 auribus
2104 5076 2211 5119 tam
2283 5065 2571 5120 nefandam
2612 5049 2746 5120 Irem
2800 5064 2989 5118 audire
3024 5069 3356 5124 sustineret,
3413 5075 3575 5112 manu

340 5174 442 5211 sua
482 5159 641 5211 thure
664 5158 995 5212 simulacriS'
1037 5154 1222 5209 oblato
1249 5156 1433 5223 lapsus
1464 5166 1567 5221 est,
1615 5165 1950 5225 quapropter
2022 5157 2348 5212 Alexandria
2399 5159 2607 5221 relicta,
2642 5174 2709 5211 ne
2747 5159 2890 5211 illius
2940 5156 3015 5209 rei
3070 5170 3232 5210 causa
3279 5153 3578 5222 quidquam

340 5251 564 5305 audiret
588 5249 1052 5319 exprobrationis,
1090 5247 1516 5316 Hierosolymam
1565 5263 1624 5303 se
1675 5248 1909 5303 confert.
1949 5249 2196 5320 Cumque
2253 5260 2475 5305 coactus
2528 5258 2673 5303 esset
2725 5249 2778 5302 in
2835 5263 2980 5303 cmtu
3058 5248 3430 5313 concioneque
3483 5260 3581 5311 pu-

346 5346 492 5398 blica
522 5344 828 5397 orationem
859 5342 1058 5396 habere
1095 5346 1238 5408 (nam
1271 5357 1336 5395 ex
1372 5356 1522 5401 casu.
1557 5342 1649 5412 qui
1677 5341 1949 5396 acciderat
1980 5343 2106 5412 ipsi,
2173 5345 2338 5400 Petro
2391 5343 2603 5398 scilicet
2662 5341 2857 5398 similis
2906 5342 3045 5408 erat)
3069 5337 3379 5408 ltujusutodi
3410 5335 3576 5388 verba

343 5435 766 5507 pronuntiavit:
827 5451 845 5485 ι
894 5434 1172 5489 i'cccatori
1226 5432 1364 5486 dixit
1414 5435 1558 5488 Deus
1597 5434 1748 5501 :Qni
1793 5434 1850 5488 ﬁt
1893 5442 1952 5487 ut
1992 5443 2049 5489 tu
2099 5438 2247 5506 justa
2308 5452 2426 5490 mea
2474 5434 2693 5489 decreta
2726 5448 2971 5498 cnarrcs,
3018 5444 3071 5485 et
3119 5446 3212 5484 ore
3245 5439 3339 5483 tuo
3402 5428 3583 5483 tmdus

342 5546 533 5585 meum
566 5544 800 5598 usurpes
832 5528 916 5583 7‘?
948 5547 966 5581 ι
1003 5526 1142 5583 Hinc
1176 5527 1318 5581 libro
1355 5527 1689 5596 complicato
1723 5542 1848 5582 cum
1885 5528 2142 5584 omnibus
2180 5529 2448 5601 lacrymas
2477 5527 2739 5599 profudit.
2778 5526 2853 5579 Eo
2893 5526 3054 5579 modo
3100 5525 3297 5576 factum
3330 5531 3387 5574 ut
3433 5521 3585 5574 dein.-

344 5638 480 5693 u-ps
530 5634 599 5674 ex
658 5618 894 5688 quadam
956 5620 1157 5675 mentis
1201 5619 1415 5674 insania
1466 5620 1705 5676 Litteras
1771 5635 1954 5677 sacras
1992 5623 2278 5680 universas
2314 5629 2675 5693 perverteret,
2713 5618 2945 5687 ideoque
3002 5618 3053 5687 in
3125 5616 3454 5681 hodiernum
3492 5631 3583 5679 us-

345 5730 459 5786 que
492 5713 636 5767 diem
668 5710 1032 5765 σχέθοι-ιιιίοηί
1065 5711 1453 5768 ecclesiasticre
1493 5713 1761 5769 obnoxius
1810 5721 1912 5767 est.

424 5833 469 5863 ⁷⁸
498 5831 639 5884 l’sal.
691 5845 830 5891 XL“,
873 5829 951 5883 16.
