4212 6448
326 409 432 471 465

1500 404 1501 407 “
1567 412 1968 471 ΑΝΝΑΙᾸΠΜ
2008 413 2335 473 PARS-1V.

3432 411 3532 473 466

321 523 630 593 Μαξιμίνου
672 524 767 577 τοῦ
796 524 913 577 υίοῦ
945 524 1134 578 αὑτοῦ.
1178 522 1333 576 Μετὰ
1372 523 1427 575 δέ
1459 540 1520 589 γε
1559 525 1649 575 τὸν
1705 522 1879 591 Γεὼρ-
1909 530 1952 584 Α

1869 552 1879 561 -
1909 530 1952 584 Α
1984 522 2344 591 Theophanes
2398 522 2680 578 confessor
2726 530 2779 577 et
2824 523 2948 593 Agri
2985 523 3294 591 prmfectus,
3326 522 3532 591 reliqua

320 628 439 677 γιον
473 613 501 663 ὁ
539 612 879 683 δμολογητὴς
909 613 1207 681 Θεοφάνης,
1237 613 1332 666 καὶ
1359 612 1452 665 τοῦ
1485 612 1679 680 Ἀγροῦ
1710 612 1875 680 ἡγοῦ-

325 719 505 770 μενος,
536 705 603 756 τά
635 704 894 758 ἐπίλοιπα
937 704 1269 770 συνετάξατο
1296 704 1400 766 ἕως
1428 703 1685 772 τελευτῆς
1718 702 1875 770 βασι-

322 792 454 854 λέως
482 794 795 863 Νικηφὸρου
834 795 926 848 τοῦ
968 797 1075 849 ἀπὸ
1115 795 1367 864 γενικῶν.
1412 794 1529 861 Ἐφ’
1561 787 1604 861 ᾧ
1643 796 1736 847 καὶ
1768 797 1876 849 ἀπὸ

323 885 541 955 Μιχαὴλ
572 889 666 939 τοῦ
710 887 984 956 Ῥαγγαὸὲ
1023 888 1120 950 τῆς
1152 887 1561 957 χρονογραφίις
1592 889 1619 938 ὁ
1651 887 1876 942 Σκυλὶτρ

320 972 420 1043 ζης
448 979 776 1046 κατήρξατο.

1982 614 2183 667 litteris
2204 623 2287 668 est
2325 616 2647 684 complexus
2674 630 2847 684 usque
2894 616 2959 669 ad
2996 616 3292 684 Nieophori
3318 616 3534 684 generis

1982 706 2274 777 IOgothettn
2305 707 2465 761 finem
2492 726 2506 773 ;
2541 724 2647 777 qua
2690 707 2758 761 de
2802 723 2963 762 causa
2994 708 3253 777 Scylitzes
3280 709 3533 762 chrono-

1984 799 2265 867 graphiam
2300 813 2452 856 suam
2484 814 2512 851 a
2548 799 2814 853 Michaeio
2850 798 3107 868 Rangaha
3137 798 3310 852 voluit
3352 797 3531 866 auspio

1978 908 2113 947 can.

1944 1175 2755 1191 mm“

1112 1334 1727 1473 TMHMA
1817 1334 2743 1468 TETAPTON.

1596 1741 1948 1854 PARS

2069 1743 2259 1857 IV.

507 1967 607 2029 DE
647 1965 1578 2031 CONSTANTINOPOLITANIS
1621 1963 2237 2033 lMPERATORlBUS
2279 1963 2409 2040 QUI
2452 1964 2822 2027 DEINCEPS
2859 1965 3359 2028 REGNARUNT.

406 2278 465 2332 Ὀ
498 2279 673 2350 μέγας
705 2279 1115 2341 Κωνσταντῖνος
1137 2276 1273 2348 (η’)
1289 2276 1451 2347 ἡνίκα
1484 2275 1624 2331 κατὰ
1661 2275 1872 2341 Μαξιν-
1908 2277 1957 2336 Β
2054 2276 2069 2343 ε

1908 2277 1957 2336 Β
2054 2272 2215 2345 247
2247 2273 2367 2340 Quo
2424 2282 2670 2346 tempore
2728 2275 3124 2334 Constantinus
3176 2294 3407 2349 magnus
3455 2293 3545 2334 co-

321 2371 443 2425 τίου
486 2370 839 2440 ἐστράτευσε,
873 2370 994 2424 τότε
1029 2366 1169 2424 εἶδεν
1212 2371 1271 2422 έν
1313 2369 1530 2440 οὐρανῷ
1574 2370 1664 2423 τὸν
1701 2372 1881 2438 τίμιον

323 2462 576 2532 σταυρὸν,
607 2461 691 2530 ἐφ’
712 2454 757 2530 ᾧ
781 2462 1082 2532 νενίκηκεν.
1113 2456 1243 2515 Εἶτα
1285 2462 1611 2534 ῥαθυμήσας
1637 2464 1732 2516 καὶ
1761 2460 1881 2517 κατ’

321 2554 533 2624 ἐχθρῶν
570 2554 821 2624 ὁρμήσας
857 2555 1112 2624 ἡττᾶται,
1161 2554 1257 2607 καὶ
1313 2554 1603 2624 ἀθυμήσας
1642 2554 1880 2617 ὕπνωσε,

322 2648 417 2698 καὶ
463 2648 585 2699 κατ’
631 2647 763 2717 δναρ
789 2647 893 2699 ὑπὸ
929 2645 1128 2716 ῥάϐδου
1161 2646 1461 2718 πλήττεται
1518 2648 1643 2709 τοὺς
1677 2647 1884 2716 μυκτῆ-

325 2757 443 2809 ρας,
494 2738 755 2793 κάκεῖθεν
795 2734 938 2808 αἷμα
993 2740 1136 2804 ὲξιδν
1182 2739 1274 2792 τὸν
1327 2738 1561 2810 σταυρὶν
1613 2740 1671 2793 ιν
1720 2737 1883 2808 ὀθόνῃ

320 2835 581 2905 ἐχάραξε.
612 2832 797 2889 Ταῧτα
851 2835 909 2887 δὲ
975 2833 1122 2896 ἰδὼν,
1174 2835 1271 2886 καὶ
1309 2832 1616 2903 μετάμελος
1664 2833 1757 2885 ἐπὶ
1805 2830 1884 2901 τῷ

321 2930 611 2996 πράγματι
656 2924 931 2994 γεγονὼς,
971 2927 1098 2998 νικᾷ
1136 2926 1232 2979 καὶ
1282 2923 1442 2988 αὖθις
1471 2926 1598 2987 τοὺς
1638 2924 1870 2995 έχθροῦς

321 3017 513 3073 αὑτοῦ.
571 3018 734 3073 Μετὰ
797 3018 855 3072 δὲ
898 3018 1072 3072 ταῦτα
1114 3018 1219 3071 ὑπὸ
1268 3017 1368 3087 τῆς
1416 3017 1673 3084 γυναικὸς
1719 3015 1883 3072 αὑτοῦ

322 3115 573 3173 Φαύστας
627 3115 705 3176 εἰς
761 3110 1154 3180 είδωλομανίαν
1198 3109 1459 3164 ἐκκλίνει.
1500 3109 1641 3163 Ἀλλ’
1675 3111 1706 3163 ὁ
1752 3109 1886 3173 Θεὸς

324 3208 475 3258 ἕλκει
507 3205 670 3257 πάλιν
699 3204 861 3257 αὐτὸν
889 3203 979 3258 διὰ
1013 3204 1112 3273 τῆς
1136 3202 1368 3271 λέπραςο
1392 3201 1746 3271 κατασχοῦσα
1776 3200 1883 3272 γὰρ

327 3296 493 3351 αὐτὸν
535 3298 707 3364 μέγαν
766 3292 1123 3363 έστινοχώρει
1184 3293 1456 3353 παντοίως
1520 3291 1620 3345 καὶ
1681 3291 1883 3344 έθλισε.

320 3386 483 3441 Καθὰ
530 3387 585 3440 δὲ
628 3385 1063 3438 συνεϐούλευσαν
1100 3384 1151 3436 οἱ
1195 3383 1359 3451 ἱερεῖς
1398 3379 1493 3437 τοῦ
1524 3380 1885 3434 Καπετωλίου

321 3480 473 3542 Διὸς,
506 3480 678 3547 βρέφη
720 3475 1088 3546 συνελέγησαν
1110 3474 1251 3527 ὥστε
1283 3474 1689 3543 σφαγωσθῆναι
1714 3472 1887 3526 ταῦτα

1983 2369 2103 2437 pias
2132 2374 2321 2421 contra
2360 2365 2693 2422 Maxentium
2727 2367 2985 2431 ducebat.
3037 2372 3252 2441 signum
3279 2388 3545 2428 veneran-

1981 2461 2064 2515 dae
2091 2463 2275 2516 crucis
2328 2460 2383 2514 in
2418 2474 2544 2515 aere
2590 2463 2894 2529 conSpexit,
2924 2462 3159 2533 indeque
3214 2482 3338 2519 cum
3384 2466 3544 2523 hoste

1980 2548 2307 2624 congresSus
2337 2554 2514 2609 victor
2543 2553 2821 2610 discessit.
2848 2556 2984 2611 Tum
3013 2574 3144 2611 vero
3174 2560 3535 2630 negligentior

1984 2646 2186 2710 factus,
2234 2646 2326 2700 ubi
2376 2660 2569 2702 rursus
2616 2647 2670 2700 in
2708 2648 2920 2702 hostem
2958 2653 3321 2719 prorupisset,
3365 2653 3546 2711 vietus

1983 2748 2089 2795 est.
2125 2739 2245 2806 Quo
2285 2739 2619 2793 detrimento
2657 2749 2883 2810 accepto
2917 2743 3209 2810 quemdam
3249 2745 3302 2798 in
3342 2761 3547 2800 moero-

1985 2850 2101 2890 rem
2157 2834 2355 2889 incidit
2401 2844 2458 2889 et
2504 2836 2824 2904 consopitus
2860 2847 2965 2891 est.
3015 2837 3113 2892 llic
3162 2854 3260 2908 per
3304 2842 3545 2907 quietem

1982 2928 2138 2982 visus
2194 2936 2282 2981 est
2328 2926 2433 2981 sibi
2492 2940 2657 2980 nares
2717 2927 2871 2996 virga
2931 2930 3163 2997 quadam
3223 2931 3544 2999 verberari;

1987 3031 2223 3086 moxque
2251 3015 2321 3071 de
2365 3015 2593 3070 naribus
2640 3017 2867 3087 sanguis
2913 3034 3248 3087 promanans
3296 3023 3351 3075 in
3398 3033 3549 3079 veste

1983 3108 2126 3164 linea
2176 3117 2360 3162 notam
2408 3109 2589 3162 crucis
2625 3112 2914 3177 expressit.
2962 3112 3080 3178 Qua
3128 3129 3188 3168 re
3229 3128 3547 3185 conspecta,

1987 3202 2331 3271 prenitudine
2365 3203 2450 3256 sui
2490 3201 2673 3256 delicti
2710 3201 2908 3257 ductus
2943 3215 3049 3267 est,
3091 3204 3326 3276 ideoque
3360 3224 3551 3265 rursus

1990 3294 2242 3349 hostibus
2270 3295 2387 3348 suis
2413 3296 2671 3363 superior
2704 3293 2907 3350 evadit.
2946 3295 3261 3351 Secundum
3303 3300 3415 3353 lucc
3451 3303 3552 3355 dc-

1986 3401 2098 3441 nno
2125 3401 2221 3455 per
2253 3401 2479 3440 uxorem
2511 3387 2768 3442 Faustam
2801 3389 2867 3442 ad
2900 3382 3167 3443 furiosum
3204 3391 3550 3449 deastrornm

1988 3479 2195 3532 cultum
2243 3476 2645 3531 exorbitantem
2699 3476 2842 3532 Deus
2894 3493 2991 3547 per
3042 3479 3246 3549 lepram
3300 3487 3552 3538 retraxit.

318 3572 417 3623 καὶ
446 3570 525 3638 τῷ
574 3569 767 3637 αἵματι
804 3568 984 3621 αὐτῶν
1036 3564 1377 3636 ἐμϐληθῆναι
1434 3565 1529 3617 καὶ
1556 3563 1699 3616 οὕτω
1726 3561 1887 3633 δῆθεν
1924 3636 1957 3643 Δ

1924 3636 1957 3643 Δ
1990 3570 2124 3623 Nam
2149 3584 2213 3624 ea
2246 3583 2371 3622 cum
2406 3568 2587 3637 magni
2620 3568 2783 3639 hujus
2816 3569 2916 3623 viri
2954 3584 3155 3639 corpus
3186 3572 3349 3643 248
3391 3590 3554 3629 occu-

318 3636 899 3731 a'bt‘vdnalhvﬁva:
930 3661 1027 3726 τῆς
1061 3658 1238 3713 νόσου.
1274 3658 1632 3728 Διερχόμενος
1661 3652 1756 3711 οὖν
1794 3659 1889 3712 καὶ
1915 3636 1958 3692 c

1915 3636 1958 3692 α
1993 3669 2197 3731 passet,
2225 3662 2478 3716 omnibus
2509 3661 2787 3716 hominem
2812 3661 2991 3716 modis
3021 3665 3248 3734 urgebat
3279 3678 3332 3720 et
3357 3682 3554 3721 excru-

316 3758 430 3810 τῶν
464 3756 715 3826 μητέρων
746 3754 926 3809 αὐτῶν
978 3752 1219 3817 ἀκούσας
1268 3751 1615 3824 θρηνουσῶν,
1658 3752 1753 3804 καὶ
1783 3750 1886 3818 τὴν

316 3850 502 3903 αἰτίαν
529 3847 619 3901 τοῦ
654 3847 851 3918 θρήνου
883 3833 1091 3916 μαθὼν.
1114 3842 1238 3899 εἷπε
1262 3860 1276 3875 ο
1319 3863 1338 3897 ι
1362 3846 1631 3914 Κριῖσσον
1660 3843 1889 3913 πάσχειν

319 3942 424 4011 ἁμὲ
458 3941 491 4012 ἢ
544 3940 815 3993 τοσούτων
852 3936 1067 4008 βρεφῶν
1093 3937 1574 4007 καταψηφίσασθαι
1601 3935 1882 3990 θάνατον.»

332 4026 643 4101 Ἐφ“ᾢκαὶ
692 4030 888 4093 νυκτὸς
938 4030 1261 4099 ἐφίστανται
1297 4028 1447 4097 αὐτῷ
1494 4029 1546 4080 οἱ
1594 4024 1887 4079 ἀπόστολοι

328 4124 582 4192 λέγοντες
619 4124 710 4175 τὸν
761 4119 1436 4190 ιπίσκοπον,Σίλ6εστρον
1464 4119 1720 4173 καλέσαι.
1770 4119 1891 4171 Κα-

321 4218 500 4270 λεῐται
531 4215 625 4268 οὖν
657 4218 685 4269 δ
714 4215 889 4282 ἅγιος,
936 4214 1030 4267 καὶ
1071 4212 1340 4283 βαπτίσας
1369 4211 1531 4264 αὑτὸν
1556 4212 1655 4275 τῆς
1685 4210 1892 4282 λέπρας

319 4308 620 4378 ἐλευθεροῖ.
693 4307 752 4360 ’0
798 4306 857 4361 δὲ
916 4306 1090 4377 μέγας
1156 4305 1381 4374 ὕστερον
1433 4303 1691 4356 τοσοῦτον
1752 4302 1892 4372 ὑπὲρ

320 4402 557 4464 πίστεως
590 4399 899 4469 ἠγωνίσατο
950 4398 1024 4462 ὡς
1076 4396 1170 4451 καὶ
1201 4397 1376 4451 πάντα
1426 4396 1793 4466 μεταποιῆσαι
1824 4395 1894 4449 τὰ

320 4496 511 4564 έθιμα,
546 4492 778 4563 τετράδα
822 4489 918 4545 καὶ
959 4488 1313 4560 παρασκευὴν
1343 4488 1625 4556 νηστεύειν
1665 4488 1758 4540 καὶ
1786 4487 1895 4539 Κυ-

324 4584 522 4658 ριακὴν
552 4584 763 4653 ἀργεῖν,
787 4581 916 4644 τοὺς
937 4579 1225 4643 Ἰουδαίους
1266 4579 1483 4640 οἰκέτας
1509 4578 1585 4648 μὴ
1614 4577 1892 4644 ὠνεῖσθαι,

318 4681 418 4731 καὶ
464 4674 685 4745 σταυρῷ
751 4675 950 4743 μηκέτι
1015 4669 1475 4735 καταδικάζεσθαί
1518 4686 1642 4722 τινα
1697 4669 1786 4724 διὰ
1834 4668 1896 4721 τὸ

314 4772 458 4841 πρὸς
512 4769 604 4820 τὸν
646 4765 827 4835 τίμιον
861 4767 1091 4833 σταυρὸν
1124 4761 1217 4815 τοῦ
1257 4762 1497 4831 Χριστοῦ
1529 4761 1714 4824 σίδας.
1741 4763 1897 4816 Μετὰ

310 4863 427 4915 τῶν
461 4859 639 4914 ἄλλων
674 4857 731 4910 δὲ
770 4855 864 4910 καὶ
893 4854 992 4917 τὰς
1036 4857 1135 4924 τῆς
1164 4853 1459 4923 έὸδομάδος
1490 4853 1701 4924 ἡμέρας
1733 4870 1896 4923 μετοο

1988 3754 2186 3809 ciabat.
2217 3754 2294 3808 lbi
2326 3753 2394 3807 de
2424 3751 2720 3822 Capitolini
2752 3753 2905 3808 Jovis
2938 3756 3286 3810 sacerdotum
3317 3760 3553 3812 consilio

1989 3846 2171 3916 colligi
2203 3845 2423 3914 quidam
2457 3846 2697 3900 infantes
2720 3846 2855 3916 jussi
2882 3855 3031 3912 sunt,
3057 3848 3111 3901 in
3138 3863 3374 3917 quorum
3407 3852 3552 3904 occi-

1989 3952 2175 3992 sorum
2216 3938 2536 4007 sanguinem
2579 3936 2695 4006 ipse
2724 3951 2938 3992 mersus
2973 3938 3167 3992 morbo
3198 3939 3303 3994 isto
3350 3940 3551 3995 libera-

1990 4038 2164 4084 retur.
2198 4027 2333 4084 Cum
2359 4038 2542 4083 autem
2581 4028 2786 4083 alicubi
2820 4029 3095 4085 transiens
3126 4039 3332 4087 matres
3372 4033 3553 4088 infan-

1991 4130 2105 4176 tum
2163 4122 2525 4176 lamentantes
2572 4120 2874 4175 audivisset
2926 4121 3281 4192 ploratusque
3330 4140 3551 4180 causam

1993 4214 2359 4284 cognovisset,
2405 4232 2423 4265 ι
2462 4213 2707 4275 Praestat,
2743 4212 2938 4282 inquit,
2977 4228 3061 4267 me
3112 4214 3214 4268 hoc
3264 4216 3427 4269 modo
3455 4232 3555 4270 ex-

1992 4305 2225 4360 cruciari
2270 4319 2430 4373 quam
2472 4310 2553 4357 tot
2581 4303 2814 4358 infantes
2858 4303 3113 4359 interﬁci.
3148 4324 3166 4356 ι
3212 4304 3558 4376 Quapropter

1994 4406 2162 4453 noctu
2192 4397 2297 4453 sibi
2333 4396 2523 4450 videre
2552 4396 2705 4449 visus
2731 4404 2813 4449 est
2848 4404 3091 4450 astantes
3124 4396 3426 4464 apostolos,
3460 4398 3555 4465 qui

1996 4496 2290 4547 monerent
2323 4497 2383 4541 ut
2420 4486 2746 4542 Silvestrum
2795 4485 3099 4540 antistitem
3136 4496 3461 4542 arcesseret.
3506 4487 3559 4559 Is

1995 4595 2119 4634 cum
2147 4578 2447 4648 perductus
2486 4577 2553 4632 ad
2594 4577 3009 4633 Constantinum
3033 4586 3197 4643 esset,
3223 4578 3557 4648 baptizatum

1996 4672 2147 4742 lepra
2178 4669 2453 4725 liberavit.
2483 4669 2562 4725 Ex
2591 4683 2699 4737 quo
2737 4683 2870 4721 sane
2912 4676 3156 4736 tempore
3196 4684 3425 4739 magnus
3464 4670 3556 4725 hic

1998 4764 2297 4832 imperator
2344 4770 2633 4829 tantopere
2664 4760 2825 4813 ﬁdem
2874 4761 3262 4830 propugnavit,
3297 4772 3357 4816 ut
3389 4762 3559 4829 etiam

1998 4855 2115 4923 ipse
2169 4851 2477 4923 prestanda
2529 4850 2830 4919 susciperet
2886 4852 3070 4906 omnia
3130 4867 3251 4915 quas
3300 4854 3354 4908 in
3408 4868 3561 4912 more

314 4948 567 5020 νομάξει,
622 4947 731 5000 ἀπὸ
776 4945 985 5015 Κρόνου
1014 4945 1110 4997 καὶ
1148 4945 1343 5014 ’Δρεος
1394 4944 1491 4997 καὶ
1536 4943 1647 4998 τῶν
1695 4942 1896 4997 λοιπῶν
1926 4967 1971 5023 D

1893 4962 1896 4983 ν
1926 4967 1971 5023 ι)
1999 4943 2327 5001 Christianis
2355 4952 2439 4998 est
2484 4942 2800 4997 observare.
2830 4941 2965 4996 Nam
3008 4951 3066 4997 et
3092 4952 3286 5012 quarta
3334 4944 3468 4999 feria
3502 4955 3556 5011 et

311 5042 565 5112 ἀστέρων
589 5038 997 5109 ὀνομαζομένας
1027 5038 1090 5091 τὸ
1130 5038 1414 5107 πρότερον.

1994 5036 2412 5111 prmparationis
2435 5034 2524 5089 die
2548 5034 2871 5104 jejunabat;
2900 5035 3050 5090 omni
3073 5050 3238 5104 opere
3263 5035 3353 5093 die
3376 5037 3558 5094 Domi-

311 5134 449 5189 nico
474 5130 738 5197 vacabat;
799 5117 1073 5197 mancipia
1128 5125 1303 5181 Judaei
1325 5142 1394 5181 ne
1417 5125 1678 5206 deinceps
1701 5140 1956 5186 emerent
1993 5127 2247 5190 vetabat;
2281 5126 2349 5180 ad
2392 5138 2611 5179 crucem
2651 5125 2927 5179 neminem
2964 5125 3199 5194 amplius
3229 5126 3549 5182 condemna-

309 5229 432 5295 bat,
484 5235 544 5280 ut
600 5224 857 5295 pretiosae
909 5222 1060 5277 cruci
1108 5219 1317 5277 Christi
1383 5222 1700 5293 religiosum
1754 5225 1904 5280 hune
1942 5227 2212 5281 honorem
2244 5221 2505 5283 deferret.
2551 5221 2696 5275 Inter
2756 5220 2860 5275 alia
2888 5220 3085 5278 diebus
3112 5222 3276 5277 etiam
3303 5224 3554 5293 septima-

311 5336 420 5381 me,
455 5319 549 5387 qui
584 5317 741 5384 prius
771 5332 800 5370 a
837 5314 1098 5381 Saturno,
1134 5314 1325 5379 Marte,
1359 5314 1634 5371 sideribus
1669 5320 1883 5374 caeteris
1920 5325 2398 5387 nuncuparentur,
2432 5314 2568 5367 alias
2598 5312 2991 5382 appellationes
3018 5313 3236 5369 indidit.

399 5415 463 5464 ’Π
504 5412 687 5481 μέντοι
712 5409 807 5463 τοῦ
843 5409 1082 5481 μεγάλου
1126 5408 1358 5477 σύζυγος
1399 5408 1617 5463 Φαῦστα
1643 5410 1889 5483 θυγάτηρ

310 5505 705 5573 Μαξιμιανοῦ,
780 5505 847 5573 ἦν
899 5504 956 5554 ὲν
1013 5501 1226 5573 λουτρῷ
1276 5502 1515 5574 πυρώδει
1560 5502 1658 5571 τὴν
1712 5503 1888 5573 ψυχὴν

309 5596 630 5670 ἀπορρῆξαι
667 5597 844 5649 ποιεῖ’
880 5593 941 5647 τδ
993 5592 1050 5645 δὲ
1110 5593 1282 5647 αἴτιον
1336 5596 1364 5646 ὁ
1406 5594 1674 5665 πρόγονος
1718 5598 1891 5667 αὐτῆς

386 5793 523 5858 (71⁸)
580 5788 710 5853 Qua:
763 5789 829 5842 de
875 5786 1236 5858 Constantino
1281 5784 1473 5855 Magno
1526 5796 1711 5839 narrat
1766 5786 1881 5851 ple-

313 5856 513 5930 raque'
548 5869 798 5929 suspecta
851 5868 999 5924 sunt,
1056 5856 1366 5926 fabulisquc
1410 5858 1696 5924 permixta.
1759 5858 1885 5924 ιιρί-

2070 5411 2303 5469 Uxorem
2336 5407 2615 5472 Faustam,
2643 5421 2765 5475 quae
2806 5405 3116 5460 Maximiani
3163 5414 3283 5460 erat
3330 5405 3465 5471 ﬁlia,
3504 5405 3561 5477 in_

1998 5504 2197 5559 balneo
2226 5516 2388 5571 supra
2425 5499 2644 5553 modum
2687 5497 2918 5552 calfacto
2955 5498 3192 5553 necavit.
3229 5497 3361 5567 Ejus
3394 5514 3560 5555 causa

2000 5595 2105 5649 fuit
2131 5594 2373 5658 Priscus,
2406 5591 2618 5646 Faustae
2651 5591 2953 5661 privignus,
2987 5591 3059 5644 ob
3085 5603 3334 5646 novercae
3367 5593 3560 5647 crimi-

1987 5800 2113 5845 σκος
2142 5785 2306 5837 etiam
2337 5784 2605 5852 reperitur
2638 5781 2692 5834 in
2729 5796 2859 5835 mss.
2888 5781 2929 5835 V
2954 5792 3024 5852 Act
3054 5780 3112 5845 F,
3150 5798 3249 5849 pro
3283 5794 3393 5852 quo
3423 5776 3559 5852 sul)-

1995 5855 2267 5925 rognndus
2303 5850 2568 5924 Κρίσπος,
2627 5863 2685 5907 ιιι
2718 5852 2899 5906 omnis
2952 5850 3198 5921 loquitur
3236 5850 3554 5914 antiquitas.
