4212 6448
302 414 402 474 469

1515 413 1713 471 ANNA
1730 415 1790 471 Li
1811 415 1914 472 ΟΜ
1959 416 2041 472 PA
2058 416 2151 473 BS
2192 417 2288 475 ιν.

3404 389 3511 473 eo

300 523 486 592 δωρσς,
506 521 700 581 οἵτινες
730 524 931 585 οἴκους,
950 524 1109 585 ναοὺς
1137 527 1227 575 καὶ
1261 523 1493 586 ξενῶνας
1521 524 1715 591 ἀνήγει
1725 539 1846 591 ραν.

1899 533 2072 587 \tus,
2127 525 2466 585 Maurianus,
2515 527 2749 581 Severus
2785 538 2840 581 ct
2893 528 3162 590 Isidorus;
3216 526 3308 594 qui
3363 517 3516 593 Cpnli

301 610 533 672 Τούτους
582 612 677 679 μὲν
706 614 831 672 τοὺς
876 613 1267 681 διαληφθέντας
1315 611 1619 677 Ῥωμαίους
1659 612 1855 678 ἄνδρας

302 702 732 770 τυιουτοτρόπως
785 704 1019 756 ἐνταῦθα
1055 704 1348 770 μετοικίζει
1394 707 1420 755 6
1476 703 1648 771 μέγας
1700 703 1857 753 Κων-

306 796 604 856 σταντῖνος.
638 793 830 846 Λαϐὼν
863 796 970 866 γὰρ
1002 797 1128 857 τοὺς
1157 794 1479 857 δακτυλίους
1521 793 1699 846 αὐτῶν
1727 796 1861 845 ἁπο-

307 885 514 938 στέλλει
544 887 737 948 αὐτοὺς
786 890 865 950 εἰς
907 889 996 940 τὸν
1031 887 1254 957 βασιλέα
1288 888 1509 958 Περσῶν
1555 889 1857 958 Σάρσαρον,

304 974 361 1025 ὃν
411 976 508 1029 καὶ
548 978 869 1044 νικήσαντες
923 978 1305 1047 ὑπέστρεψαν·
1352 982 1409 1031 ὲν
1457 978 1513 1029 δὲ
1562 978 1639 1047 τῷ
1681 977 1861 1047 καιρῷ

309 1068 409 1133 τῆς
454 1066 717 1136 ἐκδημίας
765 1068 945 1121 αὐτῶν
975 1069 1303 1130 ἀποστείλας
1354 1070 1484 1131 τοὺς
1536 1069 1861 1130 δακτυλίους

307 1159 386 1218 εἰς
422 1155 637 1227 Ῥώμην
693 1150 825 1227 άγεί
870 1159 971 1222 τὰς
1034 1162 1298 1227 γυναῖκας
1363 1160 1543 1212 αὐτῶν
1578 1160 1857 1215 ἐνταυθοῖ.

312 1247 503 1312 κτίζει
529 1250 585 1304 δὲ
616 1252 712 1303 καὶ⁵
736 1250 923 1312 οῑκους
960 1252 1107 1305 κατά
1155 1269 1219 1318 γε
1248 1252 1310 1305 τὸ
1336 1253 1509 1322 μῆκος
1546 1254 1640 1305 καὶ
1673 1254 1860 1322 σχῆμα

306 1340 577 1417 τοιούτους
626 1342 773 1405 οἵους
834 1339 983 1411 εῐχον
1039 1345 1096 1395 ὲν
1137 1343 1346 1412 Ῥώμῃ.
1394 1343 1864 1412 ’Υποστρέψαντες

306 1430 401 1484 οὖν
426 1434 622 1486 ἐκεῖνοι
651 1436 747 1487 καὶ
776 1435 835 1486 τὸ
867 1436 1050 1503 δρᾶμα
1084 1436 1345 1501 μαθόντες
1374 1436 1690 1504 ἐξέστησαν.
1725 1434 1862 1486 1'06-

263 1593 272 1605 .
307 1538 416 1573 των
438 1522 490 1574 oi
537 1522 636 1592 μὲν
671 1525 938 1597 τέσσαρες
974 1524 1286 1595 μάγιστροι,
1313 1526 1362 1577 οἱ
1393 1525 1450 1576 δὲ
1483 1523 1626 1577 ὀκτὼ
1671 1525 1865 1593 πατρί-

307 1629 440 1665 κιοι.

1961 617 2177 677 domos,
2234 619 2452 687 templa,
2490 620 2765 686 hospitum
2816 622 2960 674 aedes
3005 625 3413 671 exstruxerunt.
3453 615 3515 668 lit

1961 706 2181 774 quidem
2215 708 2316 761 ltos
2344 710 2601 776 patricios
2634 710 2931 770 Romanos,
2956 725 3093 778 quos
3116 707 3515 768 I‘Ct'CliSllllllllS,

1961 796 2064 848 hoc
2108 796 2341 864 quodam
2387 797 2548 850 modo
2589 798 2987 851 Constantinus
3018 812 3083 849 eo
3113 796 3347 862 migrare
3390 810 3518 861 per-

1961 887 2120 955 pulit.
2150 886 2287 941 Cum
2313 889 2543 942 annulos
2573 904 2761 942 eorum
2794 890 2859 942 ad
2888 904 2945 941 se
2978 887 3297 953 recepisset,
3327 895 3516 938 contra

1964 978 2256 1033 Persarum
2284 996 2462 1048 regem
2503 979 2797 1034 Sarbarum
2833 982 2977 1049 ipsos
3011 996 3132 1032 cum
3168 978 3340 1045 copiis
3371 977 3519 1029 able-

1961 1073 2141 1141 gavit;
2172 1086 2281 1140 quo
2309 1072 2386 1125 illi
2432 1072 2576 1126 victo
2625 1073 2840 1125 tandem
2882 1071 3084 1125 reversi
3121 1079 3266 1122 sunt.
3301 1070 3515 1122 Interea

1957 1180 2086 1218 vero
2130 1164 2260 1217 dum
2308 1163 2469 1217 domo
2514 1158 2764 1229 aberant,
2810 1164 3024 1217 anunlis
3055 1162 3282 1214 Romam
3334 1160 3517 1212 missis

1963 1256 2228 1309 uxoribus
2254 1270 2446 1309 eorum
2471 1255 2764 1324 persuadet
2791 1264 2848 1308 ut
2869 1254 3075 1323 Cpolim
3100 1269 3155 1305 se
3181 1251 3517 1305 conferrent.

1962 1345 2275 1401 Secundum
2310 1346 2425 1400 hzec
2453 1347 2583 1416 ipsis
2617 1347 2845 1401 aedilicia
2878 1347 3085 1401 condit.
3114 1358 3338 1413 prorsus
3368 1342 3516 1409 ejus-

1962 1438 2106 1491 modi
2144 1450 2247 1491 tam
2285 1438 2646 1507 amplitudine
2688 1454 2850 1508 quam
2882 1438 3078 1500 forma,
3113 1436 3291 1504 qualia
3338 1436 3521 1487 Itonia:

1963 1530 2289 1584 habuerant.
2319 1530 2453 1588 Cum
2489 1532 2655 1601 igitur
2681 1531 2756 1585 illi
2786 1531 2992 1585 reversi
3021 1529 3268 1586 luissem,
3297 1543 3360 1579 ac
3402 1540 3518 1577 rem

1964 1621 2043 1675 uti
2074 1629 2220 1690 gesta
2274 1621 2473 1683 fuerat,
2510 1624 2933 1692 cognovissent:
2971 1636 3092 1675 eum
3129 1629 3353 1686 stupore
3386 1630 3524 1684 quo-

308 1708 430 1762 dam
466 1708 665 1763 factum
704 1710 1052 1779 imperatoris
1108 1713 1361 1767 admirati
1427 1722 1576 1769 sunt.
1647 1712 1816 1767 Erant
1884 1723 2067 1769 autem
2122 1717 2264 1772 inter
2315 1719 2414 1771 bos
2457 1728 2693 1786 quatuor
2726 1717 2799 1771 illi
2841 1709 3062 1786 quidem
3096 1710 3366 1784 magiStri,
3401 1720 3524 1763 Octo

308 1819 439 1857 vero
474 1806 805 1871 posteriores
834 1808 1074 1875 patricii.

376 1900 612 1951 Γίνωσκε
664 1898 740 1959 δὲ,
789 1901 1063 1968 ἀγαπητὲ,
1093 1901 1173 1953 ὅτι
1207 1903 1307 1970 τῆς
1338 1900 1548 1963 πόλεως
1582 1901 1854 1968 ἐξισουμέ-

1899 1900 1941 1959 Β
2037 1896 2105 1951 Et
2139 1896 2530 1962 animadverte,
2567 1896 2765 1951 dilecte
2810 1896 2906 1961 illi,
2952 1897 3087 1950 urbe
3133 1897 3183 1950 id
3238 1900 3520 1970 temporis,

305 2008 403 2060 νης
456 1989 578 2043 καθ’
611 1989 669 2042 ὃν
702 1991 952 2054 ἐκτίζετο
1007 1993 1204 2061 καιρὸν
1255 1992 1394 2046 λίθοι
1430 1994 1581 2064 παρὰ
1610 1991 1863 2058 λιθοξόων

306 2082 645 2153 ἐτμήθησαν,
695 2081 783 2144 οὓς
829 2084 1191 2153 προτείχισμα
1217 2084 1305 2138 διὰ
1330 2084 1431 2152 τὴν
1460 2085 1558 2153 τῆς
1590 2085 1867 2153 θαλάσσης

256 2186 263 2192 ·
308 2174 431 2243 βίαν
463 2173 666 2235 ἔθεντο,
700 2174 806 2226 ἀπὸ
858 2174 960 2244 τῆς
1011 2175 1302 2245 Βαρόάρας
1328 2176 1512 2245 σχεδὸν
1540 2175 1663 2238 ’ἐωςέ
1689 2176 1862 2243 αὐτῆς

314 2265 414 2333 τῆς
450 2265 661 2333 χρυσῆς
716 2266 923 2335 πόρτης
975 2266 1125 2328 ὲντδς
1162 2266 1224 2318 τὸ
1254 2266 1434 2335 τεῖχος
1466 2266 1863 2333 φυλάσσοντας.

321 2354 561 2426 Ὀμοίως
612 2357 667 2410 δὲ
729 2357 1090 2428 μετεκόμισεν
1142 2357 1376 2412 ἐνταῦθα
1430 2359 1525 2410 καὶ
1576 2357 1667 2411 τὸν
1698 2359 1758 2409 ὲν
1788 2356 1866 2425 τῷ

314 2450 463 2517 φόρει
528 2450 684 2501 κίονα
725 2449 1002 2517 μονόλιθον
1048 2448 1199 2513 ὄντα,
1254 2450 1350 2503 καὶ
1409 2450 1623 2519 ἵδρυσεν
1683 2449 1869 2501 ἐπάνω

309 2538 476 2593 αὑτοῦ
505 2540 597 2592 τὸν
622 2539 916 2609 ἀνδριάντα
941 2541 1150 2593 ἐκεῖνον
1182 2540 1242 2593 6v
1272 2542 1500 2611 ἤνεγκεν
1525 2541 1631 2594 ἀπὸ
1660 2540 1870 2594 Ἡλιου-

313 2633 524 2693 πόλεως
548 2633 647 2699 τῆς
683 2632 948 2701 Φρυγίας.
981 2631 1039 2686 '0
1072 2632 1130 2686 δὲ
1164 2634 1403 2697 τοιοῦτος
1436 2632 1581 2696 λίθος
1617 2632 1727 2703 (75)
1774 2633 1867 2703 ἔτη

311 2722 439 2793 τρία
499 2720 846 2786 διεπλωῒζετο
872 2763 887 2785 ,
936 2723 1180 2776 ἐνιαυτὸν
1235 2723 1291 2776 δὲ
1348 2724 1468 2776 ὅλον
1515 2724 1871 2787 ἁνεὸιϐάζετο

310 2812 442 2866 ἔνθα
471 2812 562 2867 καὶ
597 2804 828 2877 ἵσταται.
876 2814 1033 2870 Μετὰ
1069 2814 1127 2868 δὲ
1157 2814 1330 2868 ταῦτα
1380 2818 1614 2885 ποιήσας
1661 2817 1874 2870 Καίσαη

312 2918 411 2971 ρας
439 2900 767 2955 Κώνσταντα
804 2900 903 2969 μὲν
936 2901 1194 2964 ἐνταῦθα,
1228 2892 1488 2957 Λικίνιον
1508 2903 1565 2955 δὲ
1597 2904 1689 2955 τὸν
1725 2920 1872 2973 γαμ-

312 2993 448 3063 ϐρὸν
477 2991 641 3045 αὑτοῦ
682 2996 738 3047 ὲν
773 2993 1130 3063 Νικομηδείᾳ,
1163 2995 1301 3046 κατὰ
1335 2996 1556 3062 Περσῶν
1580 2996 1874 3063 ἐστράτευ-

315 3101 431 3137 σεν.
465 3078 630 3146 Οὗτος
670 3084 727 3137 δὲ
764 3087 791 3137 6
828 3086 1070 3145 Λικίνιος
1110 3088 1250 3136 κατὰ
1284 3086 1624 3155 Χριστιανῶν
1670 3084 1874 3155 ἧρξατο

311 3177 553 3244 διωγμὸν
607 3177 797 3229 κινεῖν.
852 3174 984 3228 Τότε
1029 3176 1114 3246 δὴ,
1164 3179 1284 3229 τότε
1313 3176 1408 3230 καὶ
1448 3177 1538 3228 τὸν
1575 3176 1872 3245 ’Λμασείας

313 3268 611 3320 ἐπίσκοπον
661 3266 893 3318 Βασιλέα
934 3265 1075 3319 οὕτω
1111 3266 1442 3333 καλούμενον
1478 3266 1676 3320 ἀνεῖλε.
1720 3266 1858 3318 Τότε

318 3360 386 3430 δὴ
420 3359 540 3417 τότε
575 3360 668 3411 καὶ
703 3359 853 3425 όφεις
904 3361 961 3411 ἐν
1002 3360 1282 3429 Μελιτηνῇ
1312 3357 1561 3411 τοσοῦτον
1597 3358 1872 3428 ἐπολέμη-

316 3466 415 3503 σαν
442 3450 563 3502 κατ⁹
594 3450 839 3519 ἀλλήλων
871 3451 1011 3503 ὥστε
1058 3452 1154 3503 καὶ
1185 3450 1280 3520 τὴν
1313 3449 1496 3520 χώραν
1518 3450 1772 3514 ὲποζέσαι
1796 3452 1874 3524 τῷ

315 3545 460 3612 φόνῳ
488 3542 689 3596 αὐτῶν.
722 3543 855 3595 Τότε
885 3544 979 3596 καὶ
1004 3544 1037 3612 ή
1067 3546 1122 3596 ὲν
1152 3543 1358 3613 Νικαίᾳ
1386 3543 1600 3605 σύνοδος
1626 3545 1871 3611 γέγονεν,

315 3633 374 3698 ἐν
420 3625 455 3704 ᾖ
493 3631 582 3682 τὸν
637 3630 849 3699 ἄμαχον
906 3630 1168 3697 Εὑλόγιον
1209 3629 1444 3700 Ἕλληνα
1496 3634 1524 3684 6
1566 3633 1739 3701 μέγας
1781 3634 1875 3685 καὶ

317 3720 523 3785 ἁπλοῦς
552 3721 629 3792 τῷ
659 3723 801 3792 λόγῳ
834 3722 1119 3792 Σπυρίδων
1145 3721 1501 3792 ἐχειρώσατο.
1556 3722 1619 3777 Ἦ
1652 3722 1873 3794 τοιαύτη

318 3816 535 3876 σύνοδος
585 3816 679 3868 καὶ
723 3815 783 3866 τὸ
838 3817 1022 3883 πάσχα
1052 3815 1360 3883 ’διωρίσατο
1410 3817 1691 3886 ἑορτάζειν
1728 3818 1876 3885 ἡμᾶς

316 3908 460 3961 κατὰ
504 3908 603 3976 τὴν
644 3906 737 3959 νῦν
784 3906 1097 3977 κρατοῦσαν
1131 3897 1440 3976 συνήθειαν·
1475 3908 1738 3979 πρότερον
1770 3909 1876 3977 γάρ

316 4000 460 4051 κατὰ
486 3997 584 4067 τὴν
623 3996 1221 4066 τεσσαρεσκαιδεκάτην
1257 3999 1353 4066 τῆς
1387 3999 1617 4068 σελήνης
1645 4000 1877 4052 ἐτελεῖτο

315 4092 378 4143 τὸ
416 4090 624 4159 πάσχα,
651 4090 772 4143 ὅθεν
800 4092 893 4141 καὶ
923 4090 1046 4151 τοὺς
1084 4089 1255 4150 οὕτως
1291 4090 1651 4159 ἑορτάζοντας
1682 4092 1713 4159 ἡ
1749 4092 1878 4159 ἁγία

316 4184 410 4237 καὶ
440 4182 791 4249 οίκουμενικὴ
840 4181 1072 4246 δευτέρα
1127 4180 1347 4245 σύνοδος
1418 4184 1475 4234 ἐν
1533 4182 1611 4251 τῷ
1667 4183 1877 4251 ἑϐδόμῳ

317 4275 505 4329 κανόνι
532 4273 702 4342 αὐτῆς
737 4273 1392 4343 τεσσαρεσκαιδεκατίτας
1430 4275 1521 4326 καὶ
1561 4275 1878 4343 τετραδίτας

316 4368 493 4420 καλεῖ.
529 4368 601 4419 υύ
634 4370 739 4437 γὰρ
771 4367 828 4419 ἐν
853 4369 1106 4436 Κυριακῇ
1134 4366 1195 4417 τὸ
1234 4366 1422 4435 Πάσχα
1447 4364 1736 4435 ἑώρταζον,
1763 4365 1877 4421 ἀλλ’

317 4461 404 4517 ὅτε
456 4458 1089 4528 τεσσαρεσκαιδεκαταία
1132 4461 1163 4527 ή
1226 4461 1421 4525 σελήνη
1470 4462 1718 4529 γένηται,
1746 4461 1803 4511 ἐν

1966 2000 2075 2055 quo
2127 1986 2490 2049 condebatur,
2551 1996 2828 2051 exa‘quata
2867 1996 2921 2041 et
2972 1990 3336 2056 complanata,
3394 2007 3526 2044 saxa

1966 2075 2213 2144 quaedam
2250 2091 2279 2128 a
2324 2075 2575 2144 lapicidis
2617 2084 2829 2130 exsecta
2863 2074 3055 2137 fuisse,
3090 2092 3152 2130 ac
3199 2078 3524 2132 munimenti

1964 2168 2085 2223 loco
2106 2167 2370 2220 adversus
2398 2167 2562 2220 maris
2593 2167 2854 2235 impetum
2885 2166 3046 2236 25o
3077 2183 3105 2220 a
3130 2168 3361 2222 Barbara
3396 2185 3523 2239 pro-

1966 2259 2261 2329 pemodum
2306 2257 2372 2311 ad
2406 2258 2641 2312 Auream
2676 2273 2845 2327 usque
2891 2270 3102 2328 portam
3140 2260 3424 2327 collocata,
3463 2271 3523 2314 ut

1967 2365 2066 2419 per
2089 2365 2151 2404 ea
2188 2365 2376 2403 murus
2401 2350 2635 2403 interior
2661 2365 2858 2417 expers
2887 2350 3199 2404 detrimenti
3233 2367 3522 2407 conserva-

1970 2451 2141 2494 retur.
2166 2443 2431 2495 Praetcrea
2454 2441 2663 2509 (Ipolim
2689 2442 2859 2495 Roma
2889 2442 3193 2510 deportavit
3216 2444 3521 2497 Columnae:

1970 2533 2118 2587 illam
2142 2548 2233 2586 rex
2260 2548 2369 2586 uno
2391 2532 2692 2586 confectam
2718 2532 2914 2600 lapide,
2938 2548 3056 2601 quae
3079 2533 3130 2586 in
3158 2533 3295 2587 Foro
3318 2534 3525 2600 stabat;

1969 2624 2128 2691 eique
2189 2633 2423 2677 statuam
2478 2623 2620 2677 illam
2677 2623 2954 2691 imposuit,
3010 2638 3171 2691 quam
3225 2624 3517 2692 lleliopoli,

1973 2716 2107 2769 urbe
2137 2716 2406 2782 Phrvgire,
2451 2723 2725 2769 avexerat.
2778 2714 2915 2769 Hinc
2949 2715 3149 2768 creatis
3196 2715 3529 2778 Caesaribus.

1972 2822 2205 2876 quorum
2233 2808 2373 2861 alter
2399 2807 2672 2861 Constans
2697 2816 2882 2875 ageret
2908 2806 3082 2873 Cpoli,
3116 2807 3527 2864 altcr'Liciuius

1974 2899 2180 2952 sororis
2211 2897 2821 2962 maritusNieodemim,
2857 2900 3119 2953 adversus
3151 2900 3346 2955 Persas
3374 2918 3528 2955 exer-

1975 2992 2140 3045 citum
2174 2991 2347 3044 duxit.
2385 2991 2629 3045 Licinius
2657 3000 2838 3045 autem
2889 3007 2987 3060 per
3023 2992 3195 3061 ipsius
3226 2995 3530 3047 absentiam

1975 3085 2411 3151 persecutionem
2440 3084 2703 3137 adversus
2726 3083 3069 3138 Christianos
3096 3100 3319 3139 movere
3344 3087 3531 3153 coepit,

1976 3183 2030 3229 et
2056 3174 2353 3228 antistitem
2387 3176 2615 3229 Amasia:
2646 3176 2903 3237 Basilem,
2940 3177 3041 3231 hoc
3072 3178 3216 3230 enim
3250 3180 3299 3232 ci
3331 3196 3529 3234 nomen

1899 3239 1942 3298 ε
1972 3274 2110 3324 erat,
2143 3265 2446 3319 interfecit.
2480 3267 2686 3322 Eodem
2727 3277 2972 3337 tempore
3009 3278 3292 3334 serpentes
3326 3270 3379 3322 in
3418 3271 3530 3324 Me-

1974 3356 2139 3410 litena
2170 3358 2452 3427 provincia
2484 3370 2593 3412 tam
2638 3360 2839 3414 acriter
2873 3362 3015 3414 inter
3060 3378 3116 3415 sc
3150 3362 3534 3432 depugnarunt

1976 3457 2035 3500 ut
2066 3458 2287 3518 propter
2308 3450 2572 3505 cadavera
2599 3461 2918 3505 necatorum
2955 3456 3156 3521 passim
3189 3458 3337 3524 regio
3374 3455 3536 3510 faete—

1976 3549 2077 3592 ret.
2103 3539 2358 3594 Secutum
2383 3550 2469 3595 est
2503 3557 2606 3595 non
2639 3542 2812 3596 multo
2842 3555 2961 3612 post
2992 3545 3283 3598 concilium
3319 3548 3385 3600 ad
3444 3563 3537 3599 ur-

1974 3631 2098 3684 bem
2160 3632 2430 3695 Nicaeam,
2489 3634 2544 3687 in
2616 3649 2726 3703 quo
2795 3637 3271 3704 inexpugnabilem
3336 3638 3536 3693 Cra-ca:

1975 3726 2256 3795 religionis
2307 3738 2768 3798 propugnatorem
2824 3728 3109 3800 Eulogium
3162 3746 3390 3800 magnus
3443 3732 3534 3785 ille

1975 3821 2266 3888 verbisque
2296 3821 2525 3889 simplex
2559 3837 2622 3875 ae
2656 3822 2812 3876 rudis
2857 3821 3090 3892 Spyrido
3122 3823 3254 3875 vicit
3291 3833 3348 3876 et
3380 3838 3535 3876 suam

1978 3916 2030 3965 in
2064 3914 2394 3967 sententiam
2427 3914 2701 3981 perduxit.
2740 3915 3026 3968 Decretum
3066 3915 3207 3967 inter
3236 3915 3339 3968 alia
3367 3926 3451 3969 est
3481 3916 3535 3969 in

1978 4004 2079 4057 hac
2103 4005 2308 4074 synodo
2332 4015 2390 4058 ut
2414 4006 2682 4073 paschalis
2700 4004 2895 4058 festum
2916 4006 2987 4059 ita
3013 4005 3320 4060 celebretur
3342 4021 3534 4072 quem-

1976 4095 2265 4149 admodum
2332 4096 2494 4149 ho:lie
2558 4111 2677 4148 mos
2742 4095 2980 4149 obtinet.
3051 4095 3185 4149 Nam
3241 4104 3396 4150 antea
3449 4095 3537 4150 die

1978 4188 2183 4242 mensis
2221 4187 2430 4241 lunaris
2476 4187 2543 4240 14
2574 4186 2783 4242 Pascha
2827 4187 3226 4253 celebrabatur,
3261 4188 3536 4255 quomodo

1977 4280 2290 4349 quicunque
2325 4278 2519 4333 festum
2553 4278 2655 4333 hoc
2684 4280 2980 4342 celebrant,
3003 4294 3097 4333 eos
3125 4288 3534 4333 sacrosanctum

1979 4380 2032 4425 et
2059 4370 2364 4423 universale
2396 4371 2698 4425 secundum
2733 4370 3024 4423 concilium
3058 4385 3268 4423 canone
3306 4371 3334 4421 Ἰ
3367 4385 3536 4439 quar-

1982 4462 2374 4515 todecumauos
2402 4472 2455 4514 et
2489 4470 2787 4530 quartanos
2831 4462 3086 4529 appellat.
3122 4462 3235 4515 Non
3265 4462 3410 4515 enim
3446 4461 3536 4514 die

320 4555 387 4605 ἂν
440 4553 621 4620 ἡμέρᾳ
657 4552 795 4622 τύχῃ
844 4552 1025 4621 πλήρη
1083 4552 1287 4623 ταύτην
1338 4552 1610 4619 γενέσθαι.
1662 4552 1863 4621 Ἐορτά-

1912 4554 2268 4629 DDominico
2320 4554 2525 4607 Pascha
2575 4552 2951 4618 celebrabant,
3003 4553 3096 4607 sed
3149 4554 3239 4607 ubi
3292 4554 3539 4607 decimus

318 4646 476 4709 ζουσι
511 4646 567 4697 δὲ
605 4646 724 4696 τότε
760 4647 1112 4714 νηστεύοντες
1145 4648 1242 4704 καὶ
1272 4645 1699 4714 ἀγρυπνοῦντες.

1989 4654 2217 4715 quartus
2247 4645 2448 4699 mensis
2476 4644 2682 4699 lunaris
2712 4644 2829 4699 dies
2862 4644 3203 4713 appetiissct,
3234 4660 3344 4713 quo
3370 4643 3537 4697 nimi-

319 4753 441 4794 rum
489 4736 578 4795 die
612 4736 741 4790 luna
792 4738 951 4805 plena
986 4746 1153 4794 esset.
1196 4739 1264 4793 Et
1313 4741 1533 4810 quidem
1569 4743 1639 4797 ita
1676 4741 1874 4799 festum
1913 4745 2017 4800 hoc
2055 4743 2412 4798 celebrabant
2451 4751 2509 4796 ut
2554 4742 2611 4795 in
2675 4757 2742 4795 eo
2801 4743 3114 4812 jejunarent
3147 4757 3207 4794 ac
3246 4739 3541 4808 pervigiliis

320 4840 628 4891 uterentur.
710 4882 713 4883 ν

388 4922 629 4976 Γξνωσκε
656 4912 711 4973 δὲ
736 4920 832 4974 καὶ
861 4920 1041 4989 τοῦτο,
1075 4924 1157 4977 ὅτι
1179 4924 1559 4990 Κωνστάντιος
1582 4930 1610 4981 6
1638 4929 1750 4991 υἱὸς
1779 4927 1874 4982 τοῦ

324 5015 565 5084 μεγάλου
634 5015 1046 5068 Κωνσταντίνου
1109 5017 1425 5085 ἁρειανίσας
1482 5018 1583 5088 τὴν
1649 5020 1876 5090 πρώτην

321 5106 627 5177 ἀνατρέψαι
683 5107 904 5160 σύνοδον
954 5107 1208 5163 ἔσπευδε.
1245 5110 1415 5163 Τοῦτο
1476 5112 1660 5181 μαθὼν
1717 5115 1745 5166 6
1788 5114 1886 5182 τῆς

322 5197 700 5269 πρεσϐυτέρας
741 5198 961 5271 Ῥώμης
1015 5202 1202 5266 πάπας
1239 5203 1511 5271 ἀνήνεγκε
1569 5204 1886 5259 Κώνσταντι

320 5290 400 5360 τῷ
428 5289 524 5346 τοῦ
555 5291 938 5348 Κωνσταντίου
960 5293 1192 5361 ἀδελφῷ,
1229 5297 1319 5346 καὶ
1363 5295 1425 5357 ὃς
1460 5297 1693 5364 πόλεμον
1722 5296 1884 5366 ὴπεί-

321 5381 454 5450 λησε
488 5380 566 5449 τῷ
601 5378 816 5451 ἀδελφῷ
866 5380 953 5433 διὰ
988 5384 1360 5451 γραμμάτων,
1389 5386 1437 5436 εἰ
1489 5387 1562 5453 μὴ
1615 5384 1884 5439 παύσαιτο

322 5474 420 5542 τὴν
451 5471 617 5542 ὀρθὴν
673 5472 859 5533 πίστιν
891 5470 1157 5527 σαλεύων.
1190 5474 1307 5541 Ἐφ’
1350 5467 1395 5542 ᾧ
1432 5475 1526 5527 καὶ
1558 5474 1721 5546 βουλῇ
1774 5475 1881 5529 τῶν

397 5636 511 5697 (75)
565 5636 626 5689 '0
654 5636 711 5709 δὲ
740 5637 980 5700 τοιοῦτος
1038 5637 1218 5700 λίθος.
1275 5649 1331 5694 et
1385 5657 1505 5709 qum
1547 5652 1878 5709 sequuntur,

326 5707 529 5769 absunt
578 5708 797 5774 quidem
846 5724 874 5760 a
909 5710 1157 5764 versione
1193 5707 1525 5772 Leunclavii,
1563 5714 1655 5765 sed
1685 5707 1875 5766 eadem

329 5776 683 5851 reperiuntur
712 5777 765 5831 iu
800 5777 858 5831 l“.
891 5777 1074 5851 Neque
1100 5779 1258 5851 facile
1302 5783 1603 5837 assentiare
1632 5781 1720 5844 iis,
1755 5800 1875 5851 qua:

330 5856 520 5901 narrat
551 5847 616 5902 de
645 5846 942 5905 Constante
984 5850 1195 5905 Caasarc
1222 5850 1694 5913 Constantinopoli
1741 5846 1872 5907 reli-

2055 4924 2229 4977 Etiam
2256 4923 2358 4976 hoc
2383 4922 2522 4975 scire
2548 4932 2599 4975 te
2621 4921 2767 4982 volo,
2792 4920 2969 4987 magni
2988 4918 3338 4973 Constantini
3369 4918 3539 4973 tilium

1982 5014 2381 5074 Constantium,
2432 5012 2758 5067 Arianorum
2807 5020 2990 5080 partes
3029 5022 3298 5071 secutum,
3346 5026 3540 5080 magno

1985 5106 2170 5163 studio
2203 5107 2434 5175 primam
2486 5103 2750 5173 synodum
2801 5105 3023 5157 abolere
3072 5104 3332 5156 voluisse.
3387 5104 3540 5168 Quod

1986 5202 2079 5257 ubi
2109 5200 2311 5264 veteris
2337 5199 2522 5252 Romae
2545 5212 2679 5266 papa
2706 5197 3070 5265 cognovisset,
3096 5197 3161 5249 ad
3189 5197 3541 5250 Constantem

1980 5292 2281 5348 Constantii
2308 5290 2529 5343 fratrem
2561 5289 2773 5342 detulit.
2800 5287 2846 5340 Is
2876 5303 3003 5341 vero
3029 5289 3225 5343 bellum
3258 5288 3407 5342 fratri
3439 5306 3534 5358 per

1978 5384 2193 5438 litteras
2226 5383 2502 5436 illaturum
2536 5396 2593 5435 se
2633 5381 2870 5434 minatus
2902 5390 3003 5443 est,
3038 5382 3090 5433 ni
3127 5390 3327 5435 rectam
3375 5381 3535 5435 tidem

1979 5473 2290 5532 convellere
2320 5483 2719 5543 succutereque
2766 5473 3067 5528 desineret.
3101 5474 3289 5543 Itaque
3344 5476 3411 5530 de
3443 5477 3544 5529 imv

1990 5654 2098 5705 eto,
2142 5658 2263 5696 cum
2321 5641 2565 5694 nonduin
2621 5650 2901 5694 exstructa
2961 5639 3119 5697 foret,
3151 5648 3203 5692 et
3238 5638 3302 5690 de
3336 5637 3545 5691 Licinio

1984 5714 2334 5767 Nicomedian
2372 5714 2563 5777 misso,
2597 5726 2759 5780 quem
2816 5709 2952 5765 iaisn
2992 5718 3145 5765 vocat
3198 5708 3541 5774 Cottstantiui

1980 5799 2260 5853 generum.
