4212 6448
264 388 367 449 473

1487 368 1879 458 ANNALIUM
1925 400 2118 459 rans
2159 401 2254 461 IV.
3388 396 3440 454 :17
3462 397 3471 443 '1

262 498 328 571 ἦν
361 502 725 585 ἀκοινώνητον
778 503 917 562 εἶναι
974 509 1135 563 αὑτὸν
1191 512 1250 563 ἐν
1298 514 1365 582 τῇ
1415 513 1556 565 κατὰ
1591 514 1791 567 Νίκαια

1893 516 2043 581 ,ιίηο
2087 515 2236 569 illum
2282 516 2347 569 ad
2400 518 2576 569 locum
2630 532 2799 585 usque.
2845 529 3027 569 comes
3077 512 3264 570 fuerit.
3302 516 3483 578 itaque

264 568 463 661 σύνοδῳ
487 610 500 623 ·
534 568 651 658 πως
681 568 792 667 γὰρ
818 598 1049 666 ἠδύνατο
1077 600 1109 668 ἢ
1148 568 1497 668 συνεύχεσθαι
1530 601 1560 669 ἢ
1606 602 1816 653 συλλει-

267 690 520 753 τουργεῖν
549 688 736 751 αὐτοῖς
778 687 952 753 οὕτως
986 690 1124 759 ἔχων
1158 694 1353 759 aii-:64;
1392 692 1464 745 Τὸ
1511 692 1688 760 λέγειν
1727 690 1819 748 οὖν

262 778 357 829 καὶ
406 782 623 846 φρονεῖν
656 782 802 835 οὕτω
830 785 959 854 περὶ
980 784 1076 837 τοῦ
1114 786 1350 854 μεγάλου
1381 787 1476 838 καὶ
1514 786 1633 838 λίαν
1667 788 1817 838 ἐστὶν

261 871 632 927 ἀτοπώτατον.

1926 606 2186 674 deinceps
2239 605 2669 670 obdormivisse;
2728 621 2834 659 non
2893 616 3075 658 tamen
3128 604 3354 656 dubium
3404 606 3484 654 ut

1925 696 2057 764 quin
2091 696 2267 765 magni
2316 696 2476 764 hujus
2518 697 2866 763 imperatoris
2898 695 3302 762 baptisterium,
3340 709 3481 760 qum

1927 784 2105 839 adhuc
2141 786 2323 838 llomze
2351 785 2707 853 conspicitur,
2740 785 2937 838 illustri
2959 786 3171 837 ratione
3197 785 3485 837 γυτίιιιιωιι

1928 886 2341 932 commonstret.
2386 875 2498 931 Imo
2540 878 2657 931 ﬁeri
2693 894 2800 932 non
2838 879 3013 947 potuit
3060 889 3119 931 ut
3167 876 3386 929 Niceno
3434 893 3483 927 li‘.

261 962 498 1015 concilio
520 963 775 1032 baptismi
799 980 999 1033 expers
1022 966 1138 1035 ipse
1166 966 1325 1021 foret.
1383 967 1502 1034 Quo
1527 967 1672 1023 enim
1731 976 1890 1037 pacto
1928 968 2015 1022 vel
2047 984 2239 1036 preces
2288 983 2395 1021 una
2429 968 2719 1037 concipere
2752 969 2835 1021 vel
2872 968 3044 1023 sacris
3079 969 3271 1022 adesse
3319 967 3486 1019 rebus

260 1068 475 1125 poterat
518 1064 757 1114 nondum
812 1061 1065 1130 baptismi
1113 1064 1427 1132 particeps?
1472 1064 1813 1134 Quapropter
1855 1065 1908 1118 in
1940 1066 2086 1119 hunc
2122 1066 2341 1118 modum
2373 1064 2439 1119 de
2468 1066 2588 1118 viro
2620 1065 2857 1118 maxime
2885 1064 2966 1118 vel
2998 1063 3146 1133 loqui
3206 1062 3291 1115 vel
3357 1078 3481 1116 sen-

255 1150 358 1204 tire
392 1166 617 1218 prorsus
644 1154 944 1209 absurdum
971 1154 1158 1211 fuerit.

326 1244 488 1297 Ὅσον
516 1245 571 1299 δὲ
603 1248 635 1317 ἡ
672 1248 802 1315 ἁγία
830 1248 973 1318 ψυχὴ
1004 1252 1098 1304 τοῦ
1125 1252 1362 1321 μεγάλου
1399 1254 1811 1307 Κωνσταντίνου

255 1337 765 1405 συγκαταδαίνουσά
811 1358 871 1393 τε
918 1345 1013 1395 καὶ
1045 1346 1504 1413 συγγνωμονοῧσα
1553 1349 1672 1409 ταῖς
1704 1347 1811 1400 τῶν

256 1430 464 1484 πολλῶν
509 1430 818 1497 ἀσθενείαις
849 1436 1311 1507 ἐτύγχανε,δῆ).ον
1363 1438 1677 1492 κάντεῦθεν.
1722 1439 1813 1491 Δί-

250 1522 494 1590 τιάματα
533 1523 779 1594 ἔγγραφα
816 1528 1495 1599 προσεκομίσθησαναὺτῷ
1530 1530 1650 1583 κατ’
1691 1532 1811 1583 ἐπι-

254 1616 471 1667 σκόπων
494 1632 508 1647 ο
542 1616 636 1667 καὶ
686 1616 745 1677 ὃς
778 1617 904 1680 τοὺς
945 1618 1043 1688 μὲν
1067 1618 1271 1688 χάρτας
1305 1620 1500 1672 αὐτίκα
1538 1621 1806 1673 κατέκαυ-

252 1724 363 1769 σεν,
402 1706 555 1775 ἔλεγε
598 1707 690 1760 δέ’
730 1708 834 1762 «El
897 1706 1036 1763 εἶδον
1098 1712 1478 1780 ἁμαρτάνοντα
1522 1712 1691 1782 ἱερέα,
1723 1712 1810 1765 διὰ

248 1800 350 1866 τῆς
383 1799 651 1869 χλαμύδος
697 1802 978 1855 ἐσκέπασα
1030 1803 1097 1856 ἂν
1145 1804 1331 1869 αὐτὸν,
1364 1804 1449 1856 ἵνα
1498 1804 1591 1858 καὶ
1619 1808 1646 1859 ὀ
1678 1804 1810 1867 Θεὸς

1984 1250 2154 1317 Quam
2180 1248 2466 1319 insigniter
2496 1261 2677 1303 autem
2710 1259 2892 1303 sancta
2925 1249 3104 1317 magni
3134 1250 3439 1304 Constanti:
3471 1254 3481 1305 Ξ

1914 1344 2090 1398 anima
2129 1357 2186 1396 se
2215 1342 2494 1395 demiserit
2538 1356 2601 1393 ac
2669 1342 2963 1394 multorum
3021 1342 3485 1395 illlef‘iiiilalilms

1912 1434 2199 1503 ignoverit,
2233 1434 2315 1487 vel
2348 1434 2474 1485 hinc
2509 1432 2668 1501 252
2707 1432 2885 1501 colligi
2945 1435 3233 1487 manifesto
3275 1445 3480 1502 potest.

1912 1527 2079 1580 Erant
2109 1527 2173 1579 ad
2236 1528 2413 1595 ipsum
2469 1526 2615 1579 allati
2666 1527 2851 1592 libelli.
2912 1527 3113 1594 quibus
3176 1530 3479 1581 antistitum

1915 1618 2288 1672 accusationes
2313 1617 2528 1686 scripta:
2566 1616 3009 1671 continebantur.
3049 1617 3185 1671 Tum
3218 1618 3485 1672 CONSIth

1917 1708 2061 1761 tinus
2080 1708 2296 1763 chartas
2321 1723 2442 1760 mox
2472 1707 2861 1772 concremavit,
2897 1716 2949 1760 et
2986 1707 3147 1776 hujus
3172 1707 3294 1759 nodi
3319 1714 3481 1760 verba

1916 1802 2149 1871 subjecit
2182 1818 2195 1854 :
2227 1819 2244 1850 ι
2288 1799 2343 1855 Si
2374 1801 2711 1855 sacerdotem
2745 1799 3154 1868 delinquentem
3216 1799 3479 1862 viderem,

251 1892 501 1966 σκεπάσῃ
533 1893 600 1946 τὰ
648 1894 756 1963 ἐμὰ
798 1895 1193 1965 ἁμαρτήματα,
1225 1915 1243 1948 ι
1283 1896 1393 1950 Καὶ
1421 1896 1658 1965 Σεὸἧρος
1691 1896 1797 1967 μὲν

1916 1892 2016 1947 hac
2072 1907 2192 1945 eum
2242 1891 2526 1962 chlamyde
2563 1901 2818 1961 tegerem,
2880 1901 2939 1944 ttt
2987 1891 3130 1945 Deus
3162 1890 3322 1945 etiam
3363 1906 3481 1945 mea

248 1984 323 2046 ὡς
354 1984 561 2040 ἄνωθεν
592 1986 829 2056 εἴρηται,
862 1988 921 2041 τὸ
956 1988 1172 2059 πρῶτον
1220 1989 1429 2060 κτίσμα
1484 1990 1680 2044 δέδωκε
1736 1990 1813 2061 τῷ

251 2075 612 2146 ἱπποδρομίῳ,
638 2078 666 2129 ὁ
711 2078 768 2132 δὲ
808 2078 982 2147 μέγας
1026 2080 1435 2145 Κωνσταντῖνος
1486 2082 1613 2145 τοὺς
1651 2099 1811 2153 περι-

245 2165 470 2231 πάτους,
513 2168 610 2229 τὰς
639 2167 906 2238 βαθμίδας
952 2172 1046 2223 καὶ
1073 2170 1164 2223 τὸν
1195 2171 1380 2226 λοιπὸν
1422 2172 1570 2243 αὐτῷ
1600 2172 1813 2227 καλλωο

246 2260 450 2327 πισμόν
499 2259 714 2331 ἔφερεν.
748 2261 885 2315 ’Δπό
938 2279 997 2315 τε
1051 2262 1445 2333 Νικομηδείας,
1476 2265 1813 2335 Ἀντιοχείας

244 2353 339 2405 καὶ
368 2351 569 2406 λοιπῶν
599 2354 808 2408 πόλεων
838 2356 902 2409 τὰ
937 2357 994 2409 ὲν
1028 2356 1176 2428 αὑτῷ
1198 2356 1494 2427 ἀγάλματα
1528 2358 1774 2430 ῆχθησαν
1794 2375 1810 2392 ο

244 2444 548 2514 τηνικαῦτα
597 2445 692 2501 καὶ
747 2447 854 2517 γὰρ
902 2447 963 2500 τὸ
1003 2449 1164 2511 σὲσας
1195 2450 1375 2503 αὐτῶν
1426 2450 1807 2504 καταλέλυται.

256 2535 345 2591 Ἐν
403 2535 483 2602 οἷς
545 2539 635 2592 καὶ
677 2539 846 2592 πολλὰ
888 2539 1015 2609 περὶ
1053 2539 1160 2592 τῶν
1194 2540 1495 2611 μελλόντων
1529 2543 1808 2611 ἐγγέγραο

243 2648 397 2683 πται.
433 2631 538 2683 Καὶ
580 2630 719 2684 αὐτὰ
766 2630 823 2685 δὲ
864 2631 932 2683 τὰ
962 2632 1236 2699 Μάγγανα
1262 2634 1416 2702 παρὰ
1442 2633 1535 2685 τοῦ
1570 2632 1809 2702 μεγάλου

242 2723 518 2787 κτίζονται
544 2723 950 2777 Κωνσταντίνου
970 2740 984 2754 ⁸
1022 2726 1310 2779 ἀπέκειντο
1333 2727 1439 2797 γάρ
1471 2728 1645 2779 ἐκεῖσε
1668 2727 1808 2779 πάν-

242 2831 310 2867 τα
341 2816 409 2867 τά
434 2814 705 2887 πολεμικὰ
736 2818 943 2885 ὄργανα
977 2822 1071 2869 καὶ
1094 2818 1150 2870 αί
1179 2819 1480 2889 μηχανικαὶ
1511 2819 1704 2890 βίϐλοι.
1749 2820 1809 2873 Ὀ

242 2908 419 2974 μέγας
453 2908 862 2970 Κωνσταντίνος
904 2911 962 2961 ἐν
1000 2908 1077 2978 τῷ
1138 2912 1449 2981 στρατηγίῳ
1481 2910 1658 2981 εὑρὼν
1709 2913 1808 2976 τάς

206 3025 210 3029 -
240 3000 489 3067 φυλακὰς
514 3000 608 3053 τοῦ
642 3001 937 3065 Βυζαντίου
968 3004 1145 3054 ἐκεῖσε
1176 3005 1270 3055 καὶ
1299 3004 1459 3067 αὐτὸς
1482 3002 1802 3072 ὲφυλάκιζε,

241 3097 338 3148 καὶ
369 3095 623 3163 διήρκεσε
652 3093 807 3147 τοῦεο
837 3096 964 3165 ἄχρι
996 3096 1178 3149 Φωκᾶ.
1212 3096 1371 3166 Χήρα
1399 3096 1456 3150 δέ
1486 3114 1569 3160 τις
1613 3114 1808 3168 πατρι-

243 3190 356 3251 κία,
393 3189 554 3259 Μάρη
593 3188 853 3258 τοῦνομα,
890 3190 1161 3260 ἐλεήσασα
1187 3191 1313 3253 τοὺς
1337 3190 1805 3262 φυλακιζομένους

237 3281 305 3333 δι’
336 3282 401 3350 ῆν
432 3279 578 3351 εἶχον
606 3281 893 3347 δυσωδίαν,
917 3284 1008 3336 τὸν
1047 3284 1247 3354 ἑαυτῆς
1291 3279 1441 3338 οἶκον
1488 3284 1693 3339 δέδωκε
1728 3288 1806 3356 τῷ

239 3375 451 3442 βασιλεῖ
477 3376 635 3444 χάριν
666 3375 879 3444 μισθοῦ,
913 3376 1005 3429 καὶ
1028 3376 1218 3445 γέγονε
1245 3377 1306 3430 τὸ
1344 3377 1440 3430 νῦν
1470 3378 1808 3449 καλούμενον

238 3465 603 3536 ιΙραιτώριον.
639 3468 746 3520 Καὶ
774 3471 904 3537 περί
937 3468 1035 3538 μὲν
1072 3470 1282 3523 τούτων
1306 3469 1498 3534 οὕτως.

1914 1995 2137 2054 peccata
2183 1993 2344 2054 tegat.
2384 2002 2403 2036 ι
2472 1983 2718 2037 Diximus
2774 1992 2955 2038 autem
3000 2000 3163 2053 supra
3216 1985 3479 2040 Severum

1915 2076 2304 2146 imperatorem
2366 2078 2604 2147 primum
2677 2076 2949 2131 condendi
2999 2078 3143 2131 Circi
3204 2080 3481 2149 equestris

1915 2168 2132 2223 initium
2165 2169 2388 2226 fecisse.
2446 2170 2576 2224 Post
2628 2168 2778 2222 illum
2814 2168 3209 2225 Constantinus
3260 2172 3482 2238 Magnus

1912 2262 2071 2317 Circo
2092 2262 2391 2333 peripatos,
2411 2262 2610 2330 gradus
2633 2270 2993 2333 ornatumque
3021 2265 3291 2334 reliquum
3324 2264 3482 2319 addi-

1913 2355 2013 2410 dit.
2040 2355 2175 2410 Nam
2204 2370 2542 2425 quaecunque
2601 2356 2953 2420 Nicomedia),
3009 2356 3333 2419 Antiochiae,
3372 2374 3480 2411 cae-

1914 2450 2048 2503 teris
2082 2451 2136 2501 in
2191 2449 2419 2503 urbibus
2473 2456 2627 2503 erant
2696 2448 3007 2513 simulacra,
3053 2448 3262 2518 Cpolim
3318 2450 3479 2503 allata

1912 2555 2039 2597 sunt
2077 2557 2089 2593 :
2116 2540 2319 2610 quippe
2345 2541 2623 2594 veneratio
2678 2540 3097 2596 simulacrorum
3161 2542 3341 2611 prisca
3370 2544 3479 2613 jam

1913 2636 2277 2691 obsoleverat.
2309 2635 2471 2690 Multa
2492 2644 2609 2689 erat
2655 2636 2841 2690 videre
2877 2636 3185 2690 simulacris
3244 2636 3353 2690 illis
3399 2638 3483 2690 in-

1914 2731 2117 2798 scripta
2141 2728 2209 2785 de
2244 2729 2412 2783 rebus
2436 2728 2658 2783 futuris.
2720 2729 2927 2783 Preter
2954 2729 3068 2783 haec
3099 2730 3214 2797 ipsa
3263 2745 3481 2798 quoque

1910 2822 2172 2892 Mangana
2204 2831 2331 2877 sunt
2352 2836 2381 2875 a
2402 2821 2765 2875 Constantino
2788 2836 2984 2891 magno
3016 2830 3333 2886 exstructa;
3373 2840 3481 2891 quo

1913 2915 1965 2968 in
1997 2915 2118 2968 loco
2142 2916 2378 2983 reposita
2416 2921 2573 2967 erant
2642 2914 2825 2967 omnia
2883 2914 3073 2967 bellica
3121 2913 3481 2968 instrumenta

1909 3008 2144 3075 librique
2170 3008 2238 3060 de
2279 3009 2445 3060 rebus
2478 3005 2833 3061 mechanicis.
2885 3004 3033 3059 Idem
3092 3005 3483 3059 Constantinus

1909 3114 2031 3153 cum
2063 3099 2117 3151 in
2146 3098 2565 3167 magistratuum
2588 3098 2751 3151 domo
2785 3096 3062 3150 sivecuria
3092 3094 3330 3164 Byzantii
3359 3112 3478 3151 (ar-

1907 3207 2061 3247 ceres
2081 3192 2402 3249 invenisset.
2430 3190 2547 3261 ipsc
2582 3190 2747 3247 etiam
2781 3203 3033 3243 carceres
3062 3192 3257 3243 eodem
3284 3190 3338 3244 in
3362 3191 3480 3244 loco

1914 3286 2157 3355 reliquit.
2202 3287 2381 3355 Atque
2422 3284 2499 3338 illi
2536 3300 2668 3339 sane
2694 3283 2817 3339 istic
2846 3282 2912 3336 ad
2959 3281 3154 3337 Phocae
3180 3282 3479 3351 imperato-

1912 3378 2183 3446 risusquc
2248 3387 2495 3445 tempora
2553 3385 2991 3445 permanserunt.
3061 3376 3198 3429 Tum
3255 3374 3481 3442 patricia

1914 3468 2161 3538 quaedam
2188 3468 2409 3531 mulier,
2465 3482 2639 3535 eaque
2706 3467 2889 3533 vidua,
2949 3468 3035 3521 cui
3070 3469 3217 3522 Mare
3278 3483 3479 3521 nomen

236 3572 407 3618 esset.
467 3570 670 3615 sortem
743 3562 994 3616 acerbam
1054 3562 1369 3617 carceribus
1425 3562 1760 3617 inclusorum
1828 3563 2106 3624 miserata,
2167 3559 2313 3628 quod
2374 3557 2667 3613 fmtoribus
2709 3559 3183 3622 excruciarentur,
3255 3575 3487 3630 accepto

237 3663 413 3731 pretio
447 3677 599 3715 suam
638 3661 810 3730 ipsius
864 3661 1086 3715 domum
1147 3660 1471 3730 imperatori
1546 3661 1841 3715 concessit.
1913 3656 2284 3725 Quamobrcnt
2321 3655 2375 3711 id
2432 3656 2695 3725 temporis
2754 3655 3037 3711 conditum
3088 3665 3170 3710 est
3226 3655 3279 3711 id
3331 3660 3477 3726 quod

233 3759 553 3813 l’rmtoriutn
612 3757 775 3811 modo
805 3766 1178 3826 nuncupatur.
1238 3757 1307 3812 Et
1333 3755 1399 3811 de
1440 3756 1528 3811 his
1569 3756 1791 3825 quidem
1826 3756 2121 3811 hactenus.

308 3858 514 3925 Κρατεῖ
545 3855 601 3907 δὲ
653 3856 792 3924 μετὰ
819 3856 991 3906 ταῦτα
1027 3854 1406 3918 Κωνστάντιος
1434 3856 1463 3906 ὁ
1498 3857 1610 3917 υίὸς
1637 3853 1801 3907 αὐτοῦ

233 3951 329 4017 ἔτη
360 3956 464 4016 κγ’.
501 3942 673 4010 Οὗτος
722 3947 1002 4017 ἠνάγκαζε
1048 3947 1139 3999 τὸν
1170 3948 1516 4018 πατριάρχην
1548 3946 1803 4012 Ἀλέξαν-

230 4043 354 4109 δρον
383 4040 638 4106 δέξασθαι
668 4040 749 4101 είς
801 4040 1086 4092 κοινωνίαν
1116 4040 1205 4092 τὸν
1233 4042 1474 4109 Ἀρειον.
1516 4042 1582 4094 Ὀ
1617 4041 1680 4109 δὴ
1708 4044 1801 4095 καὶ

232 4135 456 4201 γέγονεν
484 4134 575 4199 ἂν,
619 4134 667 4185 εί
701 4130 779 4201 μὴ
811 4134 879 4185 τὰ
911 4132 1010 4201 τῆς
1045 4132 1196 4196 Θείας
1243 4133 1401 4203 δίκης
1431 4135 1797 4204 προέφθασεν.

234 4224 499 4277 ὐπισθεν
525 4225 633 4292 γάρ
666 4222 759 4276 τοῦ
798 4225 966 4293 φόρου
1005 4224 1098 4277 τὸν
1123 4223 1236 4294 βίον
1263 4225 1635 4297 κατέστρεψεν
1656 4229 1794 4296 (77)-

228 4318 382 4385 ινυξε
415 4316 525 4387 γάρ
554 4315 720 4368 αὑτὸν
747 4317 780 4386 ἡ
810 4314 1025 4387 γαστὴρ
1075 4317 1259 4370 ἐκεῖσε
1306 4316 1673 4390 διερχόμενον,
1714 4320 1801 4390 ἐφ’

224 4405 269 4478 ᾧ
319 4412 413 4463 καὶ
463 4409 697 4473 καθίσας
730 4410 799 4462 τὰ
832 4409 1042 4478 ἔγκατα
1067 4408 1234 4462 αὑτοῦ
1264 4413 1417 4464 κάτω
1455 4412 1795 4467 διεϐίϐασεν.

226 4506 291 4556 Ol
319 4504 501 4572 μέντοι
532 4502 742 4571 ἀνεψιοὶ
771 4501 864 4555 τοῦ
913 4501 1175 4571 μεγάλου,
1200 4501 1400 4567 Γάλλος
1442 4506 1536 4557 καὶ
1571 4505 1800 4557 Ἰουλια-

1980 3853 2109 3906 Post
2146 3849 2565 3906 Constantinum
2598 3847 2742 3903 filius
2766 3849 2886 3918 ejus
2921 3847 3281 3905 Constantius
3305 3867 3479 3908 annos

1906 3946 1976 4000 25
2000 3962 2179 3999 rerum
2212 3945 2420 4014 potitus
2448 3954 2556 3997 est.
2592 3942 2641 3996 ls
2670 3943 3041 3998 Alexandrum
3100 3946 3479 4014 patriarcbam

1908 4042 2087 4107 coegit
2135 4048 2194 4093 ut
2239 4039 2428 4092 Arium
2485 4037 2551 4091 ad
2623 4039 3071 4092 communionem
3123 4037 3476 4105 admitteret;

1911 4132 2073 4201 idque
2114 4131 2320 4184 factum
2373 4128 2599 4183 omnino
2624 4128 2836 4196 fuisset,
2871 4130 2976 4185 nisi
3039 4128 3220 4185 divina
3266 4132 3480 4201 justitia

1904 4242 2019 4279 rem
2053 4222 2469 4289 autevertisset,
2495 4222 2624 4277 Ario
2691 4223 2857 4277 rebus
2891 4223 3148 4279 humanis
3214 4240 3242 4279 a
3294 4235 3479 4294 poste—

1904 4315 2049 4370 riore
2086 4327 2239 4384 parte
2276 4312 2402 4368 Fori
2436 4321 2728 4383 exempto;
2759 4328 2886 4368 cum
2910 4312 3059 4367 enim
3084 4313 3219 4368 istac
3248 4324 3477 4382 praeter-

1900 4408 2024 4472 iret,
2080 4408 2221 4461 forte
2299 4406 2453 4461 alvus
2511 4406 2795 4460 hominem
2879 4406 3171 4477 pungendo
3227 4410 3472 4477 urgebat.

1899 4501 2249 4570 Quapropter
2286 4502 2341 4554 in
2377 4500 2562 4558 cloaca
2594 4498 2887 4554 considens
2948 4499 3065 4568 ipsa
3093 4501 3347 4554 intestina
3379 4516 3476 4568 per

223 4598 336 4658 νὸς,
367 4593 712 4661 ἀναγνῶστιι
740 4596 1027 4662 γεγόνασιν
1055 4594 1113 4645 ὲν
1142 4591 1449 4664 Ἀντιοχείᾳ
1470 4594 1605 4665 (78}.
1631 4592 1795 4649 Ἀλλὰ

1910 4611 2074 4649 anum
2157 4595 2382 4666 dejecit.
2454 4594 2734 4649 Patrocles
2788 4592 3118 4659 Constantii,
3185 4592 3372 4648 Callus
3426 4602 3493 4646 ct-

222 4691 322 4741 καὶ
383 4687 682 4757 ἐκκλησίαν
716 4687 793 4756 τῷ
846 4685 1091 4756 μάρτυρι
1148 4681 1412 4754 Μάμαντι
1463 4687 1698 4753 ἔκτιζον.
1725 4689 1797 4742 Τὸ

224 4780 325 4849 μὲν
357 4779 509 4847 παρὰ
562 4774 657 4829 τοῦ
704 4775 1004 4830 Ἰουλιανοῦ
1053 4775 1378 4847 κτιζὸμενον
1414 4779 1581 4849 μέρος
1603 4780 1799 4849 ὴδαφι.

225 4873 425 4941 σμένον
459 4870 669 4941 πρωῖας
706 4867 1028 4938 ηὑρίσκετο.
1059 4870 1186 4924 Ἐπὶ
1209 4869 1405 4923 τούτου
1429 4872 1485 4923 δὲ
1519 4871 1613 4925 τοῦ
1640 4875 1798 4926 Κων-

222 4961 480 5014 στιντίου
511 4960 811 5021 Φλαὸιανδς
837 4959 1171 5030 ’Δντιοχείας
1222 4961 1345 5033 διχῆ
1402 4965 1527 5026 τοὺς
1571 4963 1799 5035 ψάλλον-

220 5071 323 5117 τας
351 5054 545 5107 διελὼν
577 5055 647 5105 τά.
678 5053 774 5105 τοῦ
825 5052 993 5104 Δαϐὶὸ
1022 5052 1251 5122 ψάλλειν
1286 5058 1348 5108 ὲκ
1387 5056 1639 5127 διαδοχῆς
1675 5060 1793 5111 ἐνοο

220 5149 543 5217 μοῢπησεν.

290 5428 407 5497 (77)
431 5428 587 5480 Errat
611 5424 807 5495 Glycas
846 5424 977 5479 dum
1008 5425 1121 5480 Arii
1148 5425 1509 5483 foedissimam
1546 5438 1779 5487 mortem

215 5502 322 5555 sub
378 5498 702 5553 Constantio
783 5497 1036 5563 collocat,
1099 5508 1155 5551 et
1212 5497 1531 5553 Flavianum
1587 5503 1781 5555 eodem

216 5581 530 5640 imperante
576 5568 979 5640 Antiochenam
1024 5568 1194 5623 luisse
1242 5570 1545 5624 antistitem
1600 5572 1782 5626 docet.

290 5639 405 5709 (78)
445 5640 527 5691 An
558 5639 1037 5711 Antiochtaaucum
1068 5640 1222 5694 Gallo
1258 5642 1448 5711 fratre,
1482 5651 1578 5696 aut
1605 5644 1789 5711 potius

212 5708 499 5773 Caesarea,
552 5710 775 5764 lectoris
822 5708 999 5763 officio
1048 5712 1267 5764 functus
1318 5710 1484 5767 fuerit
1537 5708 1792 5767 Julianus

217 5803 329 5838 ιιυιι
365 5782 597 5835 multum
627 5782 875 5834 interest.
911 5781 1174 5849 Φώτισμα
1208 5781 1386 5836 reddit
1425 5783 1790 5839 Leunclavius

223 5853 638 5909 illustrationem
661 5852 919 5913 divinam.
947 5867 1071 5907 cum
1101 5852 1418 5909 Christiano
1444 5871 1593 5910 more
1622 5859 1791 5924 bapti-

1896 4687 2171 4751 Julianus,
2217 4686 2526 4742 Antiochiae
2603 4689 2892 4752 lectorum,
2960 4701 3099 4755 quos
3127 4696 3475 4755 ιαιιιιεςηωςιιιις

1897 4761 2152 4844 dicimus,
2185 4794 2417 4834 munere
2452 4779 2769 4849 aliquandiu
2803 4779 2983 4835 functi
3028 4788 3187 4845 sunt;
3242 4794 3477 4848 cumque

1896 4873 2163 4943 templum
2210 4856 2438 4944 martyri
2488 4871 2742 4926 Mananti
2801 4870 3129 4937 conderent,
3196 4882 3474 4924 CXSll'Ut‘lﬂ

1895 4963 2097 5019 Juliani
2138 4973 2358 5033 sumptu
2393 4978 2519 5032 pars
2545 4978 2703 5017 mane
2732 4973 2947 5031 reperta
2972 4970 3057 5016 est
3084 4960 3202 5015 solo
3236 4971 3471 5029 arquata.

1906 5056 2289 5125 Subejusdcm
2316 5055 2621 5109 Constantii
2673 5054 2907 5123 imperio
2942 5053 3230 5107 Flavianus
3282 5053 3475 5105 Antio-

1905 5148 2136 5211 chenns,
2180 5151 2315 5201 duas
2348 5148 2401 5201 in
2428 5158 2610 5218 partes
2639 5146 2834 5200 divisis
2866 5146 2959 5215 qui
3005 5145 3328 5215 psallerent.
3380 5158 3476 5197 eos

1908 5241 2126 5295 Davidis
2165 5242 2394 5310 hymnos
2418 5241 2731 5295 alternatim
2754 5242 3044 5293 concinere
3076 5238 3263 5309 jussit.

1890 5448 2063 5485 smum
2116 5431 2302 5486 dicere
2348 5431 2645 5497 debuisset,
2692 5431 3009 5501 emittitque
3045 5432 3146 5486 ista
3194 5446 3260 5484 ex
3298 5428 3471 5482 Meta-

1892 5502 2117 5573 pbrasle
2164 5503 2333 5557 fuisse
2388 5502 2705 5571 desumpta;
2768 5500 2934 5556 verba
2996 5503 3142 5557 enim
3180 5502 3306 5565 ista,
3337 5500 3409 5561 ὡς

1897 5571 2307 5643 Messapus-i1;
2345 5576 2573 5641 ἱστορεῖ,
2631 5590 2738 5628 non
2776 5583 2987 5626 tantum
3028 5576 3081 5626 in
3114 5585 3327 5633 nostro,
3376 5571 3472 5623 sed

1897 5654 1953 5698 et
1989 5643 2045 5696 in
2080 5646 2117 5700 Ε
2150 5646 2430 5714 leguntur.
2472 5643 2621 5697 Idem
2658 5645 2929 5713 interpres
2962 5644 3330 5698 Leunclavius
3381 5655 3475 5709 pa-

1898 5716 2283 5770 rum‘idouee
2352 5730 2474 5784 pag.
2532 5730 2649 5784 seq.
2706 5715 2803 5785 τὴν
2870 5716 3252 5784 Πεντηκοττὴν
3314 5720 3476 5764 vocat

1897 5785 2379 5856 Quinquagesitna:
2447 5789 2670 5852 festum,
2716 5800 2842 5839 cum
2909 5802 3010 5840 usu
3065 5794 3347 5852 receptum
3401 5785 3473 5835 sit.

1900 5859 2043 5925 apud
2080 5873 2271 5911 omnes
2314 5856 2659 5912 Christianos
2688 5872 2891 5911 nomen
2918 5857 3290 5912 Pentecostes.
