4212 6448
708 399 811 459 475

708 599 972 667 impulsus
998 601 1083 652 hic
1114 600 1465 655 Contslantins
1533 603 1806 655 antistites
1858 602 2167 661 accersivit,
2214 612 2274 653 ut

706 693 951 762 synodus
973 695 1165 754 coiret,
1198 710 1295 763 per
1323 712 1485 763 quam
1527 696 1914 749 decerneretur
1950 695 2269 748 Trinitatem

707 794 869 836 unius
886 794 941 838 et
970 785 1215 852 cjn-dem
1246 788 1497 841 essentia:
1522 802 1628 840 non
1652 802 1791 840 esse.
1850 787 2050 840 Verum
2111 801 2274 839 cona-

705 884 793 930 tus
826 878 1005 930 omnis
1041 879 1226 932 irritus
1262 879 1400 941 fuit;
1459 894 1583 932 nam
1619 895 1740 933 cum
1777 895 1992 948 gravem
2033 880 2083 930 in
2124 894 2273 930 inur-

706 968 833 1019 bum
863 966 1141 1022 incidisset
1164 970 1339 1037 deque
1366 970 1595 1038 vitajam
1618 970 1979 1037 desperasset,
2009 968 2271 1022 Enzoium

705 1056 1099 1110 Antioclteuum
1161 1059 1463 1111 antistitem
1503 1064 1569 1112 ad
1610 1057 1669 1113 se
1721 1060 2109 1129 venirejnssit.
2144 1058 2272 1111 illu-

703 1146 1130 1215 strationemqne
1188 1148 1428 1203 divinam
1488 1151 1743 1204 celeriter
1805 1160 2138 1204 consecutus
2188 1150 2270 1203 vi-

704 1235 862 1287 vcndi
900 1237 1058 1290 finem
1098 1240 1247 1294 fecit.
1283 1240 1406 1308 ipso
1438 1241 1654 1297 vivente
1685 1243 1927 1312 pontifex
1960 1241 2275 1312 Hierosoly-

702 1344 913 1381 morum
931 1341 1044 1383 erat
1070 1331 1231 1400 253
1260 1332 1515 1402 Cyrillus.
1542 1336 1627 1388 vir
1653 1336 1908 1397 exinnius,
1927 1337 2017 1403 qui
2042 1336 2107 1389 ad
2127 1335 2273 1389 Con-

702 1422 960 1474 stantium
995 1423 1049 1475 in
1084 1427 1194 1477 haec
1217 1426 1380 1478 verba
1412 1426 1728 1495 perscripsit
1762 1441 1777 1477 :
1807 1446 1822 1475 ι
1866 1427 2022 1479 Patre
2054 1436 2148 1480 tuo
2184 1443 2271 1481 re-

701 1525 898 1580 gnante
916 1528 1046 1566 crux
1066 1515 1118 1567 in
1145 1517 1302 1569 terris
1322 1527 1535 1583 reperta
1554 1525 1657 1572 est.
1674 1516 1912 1571 Rursum
1940 1527 1989 1570 te
2014 1528 2273 1587 regnante

701 1619 830 1655 crux
855 1603 1072 1672 deiecelo
1088 1616 1170 1658 est
1191 1606 1511 1673 patefacta.»
1554 1607 1687 1661 Nam
1721 1608 1773 1659 in
1817 1606 2097 1675 Golgotha:
2128 1608 2271 1671 loco,

699 1698 919 1750 circiter
955 1698 1143 1751 horam
1164 1699 1271 1752 diei
1300 1700 1536 1763 tertiam,
1566 1700 1621 1753 in
1656 1701 1774 1767 ipso
1800 1698 2273 1767 Qu’inquagesimre

701 1790 859 1854 festo,
882 1793 1093 1861 signum
1118 1794 1300 1847 crucis
1314 1804 1772 1862 canspeclumesr,
1794 1794 1861 1846 de
1892 1794 2013 1846 luce
2031 1792 2269 1861 quadam

1959 404 2382 465 MlClIAELIS
2418 405 2673 465 GLYCAI

780 507 1088 561 Secundum
1123 509 1235 562 ham
1273 510 1341 561 ah
1374 510 1551 578 impia:
1582 510 1867 562 sementim
1904 509 2268 562 sectatoribus
2295 514 2342 571 Α

3828 407 3933 467 4ἳ6

2454 510 2512 562 ’0
2573 512 2952 573 Κωνστάντιος
3014 504 3167 574 οὗτος
3231 513 3380 585 παρά
3433 513 3543 564 τῶν
3594 512 3938 565 ἀσεϐούντων

2376 602 2824 669 ἀναγκαζόμενος
2851 605 3239 672 μετακαλεῖται
3261 604 3386 665 τοὺς
3418 602 3751 667 ἐπισκόπους
3792 604 3936 656 ὥστε

2376 695 2593 746 σύνοδον
2628 699 2997 765 συγκροτῆσαι
3029 696 3169 748 κατά
3216 696 3312 764 τῆς
3356 696 3644 764 ὁμοουσίου
3680 696 3936 765 Τριάδος.

2372 786 2517 839 Ἀλλ’
2563 788 2726 854 ἀργεῖ
2776 787 2836 839 τὸ
2886 787 3230 857 ἐγχείρημα·
3267 786 3408 855 νόσῳ
3450 788 3558 857 γάρ
3605 789 3937 857 περιπίπτει

2371 877 2541 945 δεινῇ,
2574 879 2666 928 καὶ
2710 878 2769 928 τὸ
2797 872 2897 950 ζῇν
2937 861 3210 945 ἀπογνοὺς
3257 878 3496 941 Εὐζώῖον
3552 878 3938 945 μετακαλεῖται

2371 968 2463 1019 τὸν
2486 969 2845 1037 Ἀντιοχείας,
2886 970 2978 1021 καὶ
3018 970 3105 1021 διὰ
3138 969 3335 1038 τάχους
3376 968 3438 1020 τὸ
3460 970 3601 1021 θεῖον
3633 968 3937 1036 δεξάμενος

2374 1057 2651 1126 φώτισμα,
2679 1058 2753 1119 ὡς
2780 1058 2808 1109 6
2838 1059 3244 1128 Μεταφραστὴς
3283 1060 3505 1128 ἱστορεῖ,
3527 1059 3823 1126 τηνικαῦτα
3840 1058 3937 1111 τοῦ

2374 1146 2475 1217 ζῇν
2509 1148 2931 1203 ἀπαλλάττεται.
2990 1148 3145 1204 Κατά
3189 1150 3246 1203 δὲ
3300 1150 3392 1202 τὸν
3448 1150 3637 1219 χρόνον
3660 1150 3761 1217 τῆς
3792 1150 3937 1217 ζωῆς

2372 1238 2535 1292 αὑτοῦ
2595 1241 2889 1311 ἀρχιερεὺς
2929 1240 3324 1311 Ἰεροσολύμων
3355 1244 3382 1294 6
3445 1236 3617 1310 μέγας
3673 1241 3937 1309 Κύριλὶος

2370 1327 2462 1402 ἦν,
2491 1332 2549 1396 ὃς
2583 1333 2647 1402 δὴ
2670 1338 2763 1385 καὶ
2797 1335 2999 1401 γράφει
3030 1331 3107 1401 τῷ
3141 1334 3504 1399 Κωνσταντίῳ
3559 1334 3639 1384 ὃτι
3676 1331 3806 1385 Ἐπὶ
3837 1332 3938 1401 μὲν

2372 1423 2467 1474 τοῦ
2500 1422 2593 1475 σοῦ
2640 1423 2845 1493 πατρὸς
2894 1423 2989 1475 ἐπὶ
3017 1427 3118 1491 γῆς
3149 1422 3427 1491 εὓρηταιὸ
3468 1423 3719 1491 σταυρὸς,
3745 1424 3842 1475 ἐπὶ
3881 1423 3940 1475 δὲ

2376 1514 2469 1567 σοῦ
2494 1514 2657 1567 πάλιν
2690 1515 2750 1579 ἐξ
2784 1514 3014 1584 οὐρανοῦ
3056 1516 3468 1583 πεφανέρωται.
3520 1514 3677 1567 Κατὰ.
3710 1514 3823 1581 γὰρ
3845 1513 3940 1565 τὸν

2373 1606 2467 1658 τοῦ
2518 1607 2760 1675 Γολγοθά
2796 1609 2960 1660 τόπον
3009 1607 3139 1677 περὶ
3170 1606 3367 1676 τρίτην
3398 1606 3547 1675 ὤραν
3579 1607 3679 1672 τῆς
3700 1606 3940 1676 ἡμέρας,

2375 1696 2495 1748 κατ’
2525 1696 2698 1766 αὐτὴν
2736 1698 2792 1749 δὲ
2828 1698 2927 1767 τὴν
2953 1698 3353 1768 Πεντηκυστὴν,
3383 1695 3539 1765 ὤφθη
3568 1697 3631 1748 τὸ
3652 1696 3743 1749 τοῦ
3777 1712 3945 1748 στατ-

2378 1788 2471 1858 ροῦ
2513 1790 2738 1858 σημεῖον
2788 1789 2853 1840 ὲκ
2910 1788 3085 1855 ςωτὸς
3142 1789 3538 1857 ὑπερλάμπρου
3589 1804 3935 1840 κατεσκευα-

702 1884 1102 1953 fulgentissima
1133 1895 1499 1954 compactum.
1548 1885 1733 1954 Neque
1780 1895 1988 1937 tantum
2043 1886 2109 1937 ab
2158 1900 2270 1939 uno

2375 1876 2594 1944 σμένον.
2618 1876 2794 1946 Ὠφοη
2813 1877 2867 1929 δὲ
2898 1880 2997 1946 οὐχ
3032 1879 3112 1930 ἐνὶ
3147 1879 3240 1929 καὶ
3274 1879 3415 1931 κατὰ
3438 1880 3766 1944 φαντασίαν,
3797 1879 3941 1931 ἀλλὰ

707 1984 1062 2042 conspectum
1088 1984 1171 2029 est
1202 1976 1286 2029 vel
1322 1991 1416 2044 per
1461 1974 1900 2044 imaginationem
1946 1975 2262 2043 quamdam,

700 2066 792 2119 sed
825 2066 893 2119 ab
940 2068 1195 2121 omnibus
1244 2079 1298 2119 et
1360 2066 1554 2119 minitas
1587 2068 1805 2135 quidem
1839 2067 1890 2118 in
1924 2066 2108 2119 horas.

772 2153 900 2211 Post
934 2157 1319 2213 Constantium
1349 2160 1618 2213 successit
1645 2159 1701 2214 in
1731 2160 1963 2228 imperio
1988 2158 2265 2222 Julianus,

699 2251 965 2319 annisque
996 2251 1213 2304 duobus
1236 2261 1286 2305 et
1317 2261 1525 2319 septem
1591 2252 1873 2304 mensibus
1933 2267 2000 2305 eo
2062 2251 2268 2320 potitus

697 2353 799 2395 est.
836 2343 1098 2412 Princeps
1161 2342 1250 2397 hic
1300 2344 1672 2413 nequissimus
1731 2354 1860 2396 ante
1929 2342 2051 2397 initi
2112 2344 2265 2412 regni

700 2448 963 2503 tempora,
997 2436 1460 2503 quemadmodum
1497 2451 1725 2505 magnus
1775 2437 1865 2489 ille
1900 2435 2135 2507 Cyrillus
2172 2452 2266 2490 an-

701 2536 857 2579 tistes
882 2524 1287 2580 Alexandrinus
1316 2538 1731 2590 commemorat,
1764 2529 1817 2581 in
1853 2543 2087 2583 numero
2130 2529 2266 2583 fide-

698 2620 831 2672 lium
862 2630 998 2683 erat,
1030 2620 1209 2689 ipsum
1245 2635 1467 2689 quoque
1526 2619 1856 2695 baptismum
1911 2630 2265 2687 consecutus,

698 2722 819 2766 etut
848 2712 1109 2780 deinceps
1137 2711 1289 2764 illum
1350 2727 1452 2780 per
1508 2712 1826 2781 sanguinem
1878 2703 2163 2782 impurum
2212 2721 2268 2767 et

693 2805 1083 2858 exsecrandum
1114 2803 1392 2871 deposuit,
1448 2812 1507 2858 et
1542 2805 1759 2872 egregie
1825 2805 1996 2858 sacris
2044 2814 2162 2858 erat
2211 2805 2265 2859 in

696 2897 850 2951 libris
870 2897 1228 2951 exercitatus.
1261 2897 1462 2952 Verum
1488 2896 1754 2965 deinceps
1782 2897 1886 2951 viri
1933 2897 2153 2967 quidam
2179 2912 2269 2951 su-

696 2988 991 3057 perstitiosi
1020 3002 1147 3041 cum
1178 2986 1476 3042 familiares
1503 2988 1552 3041 ei
1584 2987 1710 3041 facti
1744 2988 2000 3052 fuissent,
2060 2989 2267 3042 habitis

693 3080 759 3133 ad
793 3082 967 3148 ipsum
1000 3079 1067 3132 de
1110 3079 1233 3132 lldei
1270 3079 1581 3133 deSertione
1640 3080 1989 3134 sermonibus
2049 3081 2264 3135 tandem

694 3171 1042 3241 perfecerunt
1076 3182 1135 3225 ut
1163 3173 1258 3241 qui
1281 3171 1648 3227 sacrosanctis
1678 3172 1729 3225 in
1763 3172 2012 3227 ecclesiis
2063 3182 2119 3227 et
2148 3190 2266 3228 mo-

698 3266 952 3318 nasteriis
1010 3265 1279 3319 educatus
1351 3271 1493 3327 erat,
1562 3263 1901 3332 impurorum
1982 3264 2266 3335 geniorum

694 3358 952 3412 evaderet
984 3373 998 3410 :
1035 3372 1274 3425 cumque
1298 3355 1565 3411 facundus
1621 3366 1769 3411 esset
1820 3373 1851 3411 a
1901 3368 2115 3421 natura,
2170 3360 2268 3413 lin-

695 3466 852 3519 gnam
879 3465 1032 3504 suam
1068 3449 1332 3503 adversus
1365 3447 1533 3503 Serva
1554 3462 1726 3505 torem
1781 3460 2031 3504 nostrum
2081 3449 2267 3505 Jesum

692 3544 969 3598 Christum
996 3542 1237 3599 exacuit.
1295 3550 1353 3596 et
1400 3540 1574 3595 libros
1623 3538 1893 3595 adversus
1954 3542 2267 3611 religiosum

693 3636 1131 3690 Christianorum
1162 3636 1368 3687 cultum
1403 3640 1513 3687 tres
1546 3632 1894 3700 conscripsit.
1953 3630 2127 3684 Tanto
2182 3632 2271 3685 fu-

695 3744 817 3782 rore
872 3737 1087 3781 sanctus
1136 3726 1504 3796 oppugnabat,
1566 3739 1631 3778 ac
1706 3724 2002 3794 prmsertim
2040 3724 2270 3793 illoipsu

693 3829 938 3889 tempore
968 3836 1077 3887 quo
1112 3818 1369 3886 delapsus
1417 3818 1558 3887 ignis
1585 3832 1615 3871 e
1660 3817 1801 3871 cmlu
1838 3817 2268 3887 pulcherrimum

692 3911 826 3967 illud
862 3909 1166 3963 Antiochia:
1199 3910 1549 3972 suburbiuut,
1588 3908 1736 3976 quod
1763 3908 2026 3976 Daphnen
2053 3917 2268 3969 vocant,

701 4017 805 4054 ana
836 4016 960 4054 cum
1015 4001 1149 4070 ipsis
1205 3998 1516 4054 simulacris
1564 4008 1870 4065 exusserat,
1929 3996 2269 4051 utaheneam

690 4092 894 4147 Christi
917 4102 1176 4157 statuam,
1209 4109 1237 4144 a
1268 4092 1504 4143 muliere
1535 4089 1822 4160 sanguinis
1880 4089 2085 4143 ﬂuxum
2142 4105 2270 4159 per-

696 4199 850 4251 pessa
884 4184 1201 4237 collocatam
1232 4179 1490 4236 Carsareze
1510 4181 1770 4251 Philippi,
1797 4197 1961 4250 quam
1993 4197 2139 4237 nunc
2172 4184 2271 4237 Pa-

695 4282 921 4329 ueadem
957 4285 1171 4340 voeant,
1215 4275 1592 4328 inhumaniter
1645 4273 2017 4344 confregerit;
2075 4282 2131 4330 et
2178 4291 2269 4330 sa-

691 4382 811 4419 cras
833 4366 1057 4420 Joannis
1103 4365 1355 4433 Baptism:
1398 4365 1658 4433 reliquias
1711 4364 2001 4418 brutorum
2051 4365 2269 4421 ossibus

693 4459 979 4527 permistas
1005 4458 1454 4511 concremaverit.
1484 4455 1754 4510 Praaterea
1806 4457 2028 4511 Judaeos
2074 4450 2268 4511 adver-

2375 1970 2504 2037 περὶ
2532 1968 2681 2039 ὥρας
2726 1970 2919 2032 ἰκανάς
2947 1971 3040 2023 καὶ⁵
3072 1973 3227 2024 πᾶσι.

2441 2149 2597 2202 Μετὰ
2648 2150 2707 2202 δὲ
2772 2152 3153 2208 Κωνστάντιον
3199 2160 3392 2226 κρατεῖ
3426 2158 3713 2222 Ἰουλιανὸς
3770 2158 3866 2226 ἔτη
3896 2158 3942 2228 β’

2375 2236 2549 2304 μῆνας
2591 2238 2656 2301 ξ’.
2695 2234 2863 2302 Οὗτος
2894 2244 2921 2292 6
2965 2243 3226 2307 κάκιστος
3266 2249 3366 2316 πρό
3390 2264 3451 2315 γε
3489 2249 3597 2302 τῶν
3636 2250 3736 2319 τῆς
3776 2248 3943 2315 βασι-

2371 2328 2519 2390 λείας
2544 2331 2771 2399 καιρῶν,
2805 2331 2985 2395 καθὼς
3012 2337 3039 2385 6
3078 2335 3248 2403 μέγας
3281 2339 3637 2408 διαλαμϐάνει
3670 2340 3943 2411 Κύριλλος

2370 2420 2855 2491 ὁἈλεξανδρείαε.
2896 2428 3011 2487 τοῖς
3063 2429 3419 2484 πιστεύσασιν
3475 2433 3789 2503 ἐναρίθμιος
3845 2429 3939 2502 ἦν.

2370 2512 2577 2583 ἠξιώθη
2610 2516 2667 2568 δὲ
2704 2520 2795 2569 καὶ
2823 2517 2987 2570 αὑτοῦ
3018 2520 3110 2572 τοῦ
3139 2521 3285 2575 θείου
3314 2523 3713 2593 βαπτίσματος,
3756 2527 3807 2578 εί
3841 2527 3942 2579 καὶ

2372 2604 2602 2673 ὕστερον
2660 2608 2969 2688 ἀπεδύσατο
3015 2612 3145 2663 αὐτὸ
3198 2614 3266 2665 δι’
3290 2616 3521 2682 αἵματος
3559 2617 3785 2685 μιαροῦ,
3817 2619 3943 2685 ἐνή-

2374 2710 2544 2763 σκητο
2577 2696 2634 2749 δὲ
2661 2700 2781 2761 ταῖς
2837 2702 3007 2770 ἱεραῖς
3035 2702 3260 2772 βίϐλοις.
3309 2705 3451 2758 Ἀλλ’
3478 2708 3668 2777 ἄνδρες
3702 2709 3938 2780 ὕστερον

2370 2788 2534 2838 αὑτὸν
2582 2786 2975 2859 δεισιδαίμονες
3003 2796 3290 2861 γεγονότες
3327 2796 3596 2867 γνώριμοι
3624 2799 3752 2861 τοὺς
3790 2800 3937 2868 ὑπὲρ

2375 2893 2437 2941 γε
2488 2880 2587 2948 τῆς
2634 2879 2975 2945 ἀποστάσιας
3026 2884 3275 2955 καθῆκαν
3330 2887 3545 2954 λόγους,
3598 2892 3693 2941 καὶ
3745 2889 3946 2960 λάτριν

2371 2970 2663 3037 ἀπέφηναν
2697 2971 2993 3042 δαιμονίων
3036 2976 3368 3046 ἀκαθάρτων
3419 2981 3511 3033 τὸν
3569 2984 3689 3042 ταῖς
3750 2982 3945 3049 ἁγίαις

2370 3059 2690 3130 ἐκκλησίαις
2713 3065 2805 3115 καὶ
2845 3070 3231 3138 μοναστηρίοις
3256 3070 3722 3141 ἐντεθραμμένον.
3756 3075 3946 3142 Ἐχων

2367 3155 2549 3208 τοίνυν
2578 3156 2754 3225 εὐφυᾶ
2774 3158 2872 3227 τὴν
2893 3157 3137 3226 γλῶτταν
3172 3162 3467 3229 κατέθηξεν
3498 3164 3665 3235 αὐτὴν
3697 3169 3790 3217 τοῦ
3823 3166 3948 3217 Σω-

2291 3227 2338 3291 C
2369 3250 2533 3320 τῆρος
2580 3249 2738 3319 ήμῶν
2782 3248 2959 3321 Ἰησοῦ
3042 3252 3305 3323 Χριστοῦ,
3346 3227 3440 3307 καὶ
3471 3254 3535 3325 δὴ
3573 3227 3699 3325 τρία
3742 3255 3950 3324 συγγέ-

2371 3357 2549 3410 γραφε
2600 3339 2785 3406 βιϐλία
2840 3342 2983 3396 κατά
3021 3344 3120 3414 τῆς
3168 3346 3399 3414 εὐαγοῦς
3445 3349 3554 3405 τῶν
3595 3349 3947 3417 Χριστιανῶν

2373 3433 2695 3502 θρησκείας.
2727 3433 2997 3488 Τοσοῦτον
3047 3437 3103 3489 δὲ
3142 3419 3355 3509 μέμηνε
3386 3443 3527 3493 κατὰ
3578 3441 3687 3493 τῶν
3736 3444 3948 3510 ἁγίων,

2371 3526 2535 3595 ἡνίκα
2587 3530 2681 3578 καὶ
2716 3525 2951 3594 μάλιστα
2986 3529 3097 3599 πῦρ
3124 3530 3331 3583 ἄνωθεν
3373 3535 3722 3606 καταρραγὲν
3752 3536 3815 3586 τὸ
3842 3552 3947 3587 πε-

2375 3620 2630 3691 ρικαλλὲς
2674 3622 2881 3671 ἐκεῖνο·
2909 3621 3260 3689 προάστειον,
3288 3624 3398 3692 τὴν
3430 3625 3650 3694 Δάφνην
3673 3624 3947 3695 δηλονότι,

2374 3716 2472 3766 σὺν
2515 3715 2699 3775 αὐτοῖς
2751 3714 2863 3776 τοῖς
2917 3713 3157 3778 εἰδώλοις
3214 3716 3581 3784 κατέκαυσεν,
3613 3718 3687 3779 ὡς
3725 3723 3817 3771 καὶ
3853 3721 3951 3772 τὸν

2370 3806 2464 3859 τοῦ
2497 3807 2739 3877 Χριστοῦ
2795 3808 3036 3883 χαλκοῦν
3093 3800 3390 3876 ἀνδριάντα
3419 3808 3509 3862 τὸν
3543 3811 3600 3862 ὲν
3633 3811 3953 3883 Καισαρείᾳ

2370 3900 2469 3970 τῆς
2527 3902 2831 3967 Φιλίππου,
2880 3904 2946 3972 τῇ
3002 3900 3095 3952 νῦν
3129 3902 3380 3965 Πανεάδι,
3416 3901 3528 3971 8νὴ
3570 3905 3949 3974 αἱμορροοῦσα

2375 3995 2620 4064 ἤγειρεν,
2662 3994 3045 4063 ἀπανθρώπως
3080 3993 3390 4062 συντρίψαι,
3409 3996 3502 4046 καὶ
3525 3994 3618 4047 τοῦ
3641 3993 3947 4063 βαπτιστοῦ

2388 4088 2639 4139 Ἰωάννου
2676 4086 3023 4139 κατακαῦσαι
3056 4084 3188 4154 am
3220 4084 3467 4155 λείψανα,
3492 4087 3703 4149 ὀστέοις
3726 4088 3947 4151 ἀλόγων

2372 4180 2693 4248 παραμίξας
2748 4180 2909 4233 αὑτά.
2976 4180 3136 4232 Ἀλλά
3184 4184 3277 4232 καὶ
3319 4181 3446 4243 τοὺς
3485 4181 3773 4245 Ἰουδαίους
3807 4186 3952 4236 κατὰ

2369 4274 2716 4342 Χριστιανῶν
2745 4272 2973 4338 ὥπλιζε,
3007 4274 3270 4344 συνήργει
3297 4273 3353 4325 δὲ
3381 4274 3567 4337 αὐτοῖς
3604 4277 3683 4338 είς
3722 4277 3822 4346 τὴν
3848 4277 3951 4330 τοῦ

2346 4367 2500 4425 ,ναοῦ
2560 4367 2871 4436 οἰκοδομὴν,
2896 4368 2945 4419 εί
2978 4366 3073 4421 καὶ
3107 4365 3459 4435 ἐκωλύθησαν
3508 4367 3609 4419 ὑπὸ
3647 4367 3890 4422 λαίλαπο
3929 4408 3953 4436 ,

2372 4458 2600 4527 σεισμοῦ
2634 4460 2729 4511 καὶ
2783 4458 3089 4512 τελευταῖον
3136 4461 3341 4528 πυρός’
3376 4459 3484 4528 πῦρ
3515 4460 3624 4530 γὰρ
3665 4462 3725 4523 ἐξ
3760 4462 3952 4514 αὐτῶν

690 4569 787 4607 sus
821 4553 1162 4608 Christianos
1232 4550 1500 4611 armabat,
1557 4549 1891 4618 eosdemque
1944 4550 2167 4618 juvabat
2208 4550 2263 4604 in

2370 4547 2687 4622 ὲκτὲηδῆσειν
2722 4553 2830 4606 τῶν
2885 4552 3156 4621 θεμελίων
3190 4554 3288 4622 τῆς
3340 4555 3523 4625 ὁρμῆς
3567 4555 3763 4618 αὐτοὺς
3818 4559 3950 4610 ἀνε-

694 4644 1061 4699 exstructiune
1118 4640 1305 4710 templi
1348 4641 1456 4705 sui,
1489 4656 1803 4710 quanquam
1834 4641 1888 4694 in
1920 4641 2025 4696 hoc
2059 4649 2260 4697 conatu

2370 4647 2601 4716 χαίτιξε.

689 4752 816 4794 sunt
849 4736 1099 4806 impediti
1135 4744 1355 4789 avento
1417 4734 1588 4801 giavi,
1650 4745 1808 4787 terrae
1858 4742 2031 4801 motu,
2098 4742 2154 4789 et
2220 4733 2345 4804 igne
2384 4737 2642 4805 denique.
2727 4738 2861 4791 Nam
2910 4737 3050 4808 ignis
3110 4753 3141 4790 e
3196 4732 3572 4793 fundamentis
3626 4737 3757 4807 ipsis
3820 4755 3955 4797 cum

696 4833 1053 4907 prosiliisset,
1098 4846 1195 4885 eus
1250 4830 1318 4883 ab
1354 4844 1521 4897 opere
1573 4827 1825 4883 instituto
1885 4829 2158 4884 deterruit
2210 4837 2268 4884 et
2302 4831 2564 4887 detraxit.
3072 4878 3075 4881 .
3582 4820 3586 4823 ’

761 4934 1058 4986 sciendum
1098 4937 1179 4982 est
1212 4936 1395 4983 autem
1447 4926 1566 4989 tibi,
1623 4925 1822 4979 dilecte
1882 4924 1980 4987 lili,
2028 4926 2175 4994 quod
2205 4925 2262 4979 in

690 5024 1018 5078 hodiernum
1050 5034 1220 5087 usque
1250 5019 1396 5071 diem
1417 5033 1613 5071 nomen
1646 5018 1816 5077 illius,
1851 5020 1945 5088 qui
1981 5014 2259 5070 lulianum

687 5134 745 5170 ιιι
774 5114 1122 5185 expeditione
1154 5112 1369 5165 Persica
1426 5110 1607 5179 jaculo
1645 5094 1893 5173 confixit,
1955 5110 2259 5178 ignoretur.

686 5207 1008 5275 Quanquam
1051 5205 1196 5257 enim
1234 5201 1597 5271 perscriptum
1637 5200 1974 5270 reperiamus
2028 5201 2083 5254 in
2119 5200 2263 5255 libro

685 5305 752 5355 de
783 5300 955 5354 sancti
988 5296 1174 5351 Basilii
1231 5293 1536 5357 miraculis,
1594 5310 1713 5362 qua:
1765 5308 1994 5362 magnus
2057 5292 2150 5346 ille
2177 5293 2262 5346 vir

685 5390 1103 5461 Amphilochius
1165 5388 1369 5441 litteris
1426 5385 1844 5439 commendasse
1916 5386 2257 5453 perhibetur,

684 5492 937 5538 mandato
972 5492 1245 5551 perpetuw
1276 5479 1514 5549 Virginis
1565 5478 1811 5547 Deipara:
1866 5494 1962 5548 per
2010 5487 2259 5531 sanctum

682 5580 1011 5634 Mercurium
1042 5577 1218 5644 magni
1248 5573 1435 5627 Basilii
1467 5573 1723 5642 precibus
1742 5573 2080 5627 desertorem
2110 5572 2259 5625 hunc

684 5672 971 5741 tt‘HjCCium
1006 5667 1196 5729 fuisse,
1225 5681 1333 5719 non
1371 5675 1551 5718 tamen
1582 5665 1695 5717 haec
1725 5665 1963 5717 narratio
2016 5671 2258 5718 meretur

683 5778 741 5817 ut
767 5764 815 5817 ei
849 5760 1113 5816 continuo
1143 5757 1302 5812 fidem
1333 5757 1620 5810 adhibeas.
1658 5755 2028 5822 Quamobrem
2069 5753 2258 5809 istuc?

680 5854 947 5921 Quoniam
980 5854 1035 5907 in
1074 5852 1267 5908 eodem
1297 5851 1499 5922 scripto
1532 5850 1760 5917 legimus
1808 5864 2062 5919 magnum
2102 5846 2256 5901 Basi-

2446 4929 2683 4980 Γίνωσκε
2734 4928 2813 4995 δὲ,
2846 4928 3119 4997 ἁγαπητὲ,
3152 4927 3235 4980 ὅτι
3267 4928 3296 4978 6
3344 4929 3636 4993 ἀκοντίσας
3672 4932 3848 4983 αὑτὸν
3892 4938 3957 4987 ἐν

2372 5019 2615 5090 Πέρσαις
2666 5020 2919 5087 διάγοντα
2953 5020 3117 5089 μέχρι
3155 5020 3251 5072 καὶ
3287 5020 3530 5091 τήμερον
3562 5022 3658 5091 οὐχ
3688 5023 3954 5093 εὑρίσκε-

2369 5129 2483 5165 ται.
2519 5110 2579 5163 Εἰ
2615 5113 2722 5179 γὰρ
2780 5114 2870 5163 καὶ
2932 5115 3069 5164 κατά
3123 5112 3376 5163 κέλευσιν
3423 5113 3523 5179 τῆς
3575 5114 3953 5183 ἀειπαρθὲνου

2369 5203 2635 5256 θεοτόκου
2666 5204 2753 5255 διὰ
2781 5204 2876 5255 τοῦ
2914 5202 3068 5270 ἁγίου
3084 5203 3457 5275 Μερκουρίου,
3486 5203 3770 5271 δεηθέντος
3804 5224 3953 5277 ταχα

2364 5294 2458 5347 τοῦ
2506 5294 2742 5365 μεγάλου
2780 5296 3085 5363 Βασιλείου,
3122 5295 3504 5365 ἀκοντισθῆναι
3546 5296 3637 5348 τδν
3685 5302 3955 5367 παραϐά-

2362 5407 2464 5457 την
2494 5388 2829 5458 εὑρίσκομεν
2864 5391 2921 5441 ἐν
2952 5390 3064 5451 τοῖς
3086 5386 3181 5439 τοῦ
3216 5387 3372 5456 ἁγίου
3412 5387 3699 5440 Βασιλείου
3728 5386 3959 5458 θαύμα-

2364 5502 2470 5547 σιν,
2506 5481 2653 5551 ἆπερ
2702 5484 2729 5534 ὁ
2785 5484 2959 5551 μέγας
2982 5482 3335 5553 Ἀμφιὶόχιος
3368 5484 3554 5551 γραςῇ
3612 5482 3958 5551 παραδοῦναι

2361 5575 2604 5643 λέγεται,
2640 5571 2758 5627 ἀλλ’
2793 5574 2895 5626 οὐκ
2952 5566 3154 5637 εὐθέως
3210 5576 3495 5626 πείθεσθαι
3557 5574 3735 5637 ἀξιον.
3788 5576 3958 5638 Τίνος

2359 5670 2574 5733 ἓνεκενς
2616 5668 2737 5719 Ὀτι
2763 5666 2849 5719 διὰ
2893 5668 2989 5737 τῆς
3026 5667 3279 5737 τοιαύ.ης
3312 5668 3526 5735 γραφῆς
3551 5667 3645 5723 καὶ
3683 5668 3959 5737 ἀρχιερέα

2357 5758 2457 5825 τῆς
2489 5756 2814 5825 Καισαρέων
2837 5756 3202 5824 ,μανθάνομεν
3249 5756 3614 5825 χρηματίζειν
3647 5756 3739 5807 τὸν
3769 5759 3958 5823 μέγαν

2360 5847 2657 5910 Βασίλειον,
2693 5848 2856 5917 ήνίκα
2880 5848 3225 5917 διερχόμενος
3247 5844 3315 5917 ἧν
3347 5847 3467 5900 κατ’
3486 5850 3673 5901 ἐκεῖνα
3700 5850 3769 5899 τά
3803 5854 3958 5923 μέρη
