4212 6448
405 397 500 460 481

404 600 743 661 διδάσκοντα,
766 599 885 666 μετ’
905 598 1076 666 ὀργῆς
1093 592 1245 648 εἶπεν
1262 612 1276 626 ·
1316 614 1336 645 ο
1358 594 1519 648 Οὕτω
1548 611 1628 646 σοι
1658 600 1963 663 παρήγγει-

405 690 507 752 λα;
551 691 613 741 σὺ
645 688 842 751 αὐτοὺς
893 691 1071 749 ποιεῖς
1121 687 1382 756 βασιλεῖς.
1425 686 1486 738 Ὀ
1524 686 1655 747 Θεὸς
1705 687 1816 753 ἔχει
1869 685 1968 751 τὴν

406 778 536 849 περὶ
572 778 776 832 τούτων
817 778 1084 844 ἐξουσίαν.
1121 797 1138 829 ι
1186 779 1291 831 Καὶ
1351 774 1508 846 ῥίψας
1553 775 1621 827 τὰ
1663 776 1968 843 διαδήματα

346 933 351 938 η
407 869 566 922 siﬁa'
615 870 930 940 ιΚρεῖσσόν
982 871 1096 921 ὲστι
1143 867 1398 920 τεθνάναι
1449 866 1775 935 θεοσεϐὦςῆ
1820 867 1970 934 βασι-

405 952 587 1013 λεύειν
614 959 844 1021 ἁσεΰὼς.
876 978 894 1010 ›
928 959 1081 1011 Μετὰ
1132 958 1187 1010 δὲ
1236 957 1406 1010 ταῦτα
1435 954 1528 1007 τοῦ
1563 957 1847 1022 Ἀρσενίου
1876 971 1971 1022 με·

407 1050 666 1112 λετῶντος
696 1050 1022 1118 ἀποδρᾶναι,
1048 1047 1169 1099 ἐπεὶ
1223 1049 1423 1115 συνέὸη
1451 1046 1543 1097 καὶ
1570 1046 1771 1113 μᾶλλον
1812 1047 1845 1114 ὴ
1875 1043 1970 1095 τοῦ

411 1141 701 1212 Ἀρκαδίου
738 1139 920 1206 πληγὴ
951 1140 1041 1190 καὶ
1069 1140 1100 1206 ἠ
1133 1138 1220 1190 διὰ
1272 1136 1444 1189 ταῦτα
1496 1136 1780 1203 ἐπιϐουλὴ,
1820 1138 1973 1205 φωνὴ

417 1234 556 1305 πρὸς
592 1233 752 1285 αὑτὸν
806 1232 1028 1299 γέγονεν
1058 1246 1072 1260 ·
1115 1247 1132 1280 ι
1163 1229 1430 1297 Ἀρσένιε,
1479 1230 1649 1296 φεῦγε
1705 1230 1829 1290 τοὺς
1883 1230 1974 1281 ἁν-

416 1323 690 1394 θρώπους,
746 1322 840 1374 καὶ
901 1319 1114 1392 σώζῃ.»
1179 1318 1375 1386 Φυγὼν
1417 1319 1474 1372 δὲ
1554 1319 1651 1371 καὶ
1703 1319 1974 1372 ’ἀπελθὼν

412 1423 469 1472 ὲν
523 1418 718 1487 Σκήτει
771 1417 931 1469 πάλιν
986 1404 1220 1484 ἡκουιῖε⁸
1259 1432 1274 1463 ι
1305 1413 1501 1478 Φεῦγε,
1541 1410 1738 1474 σιώπα,
1777 1410 1976 1478 ἡσύχα-

411 1506 492 1576 ζε.
525 1529 543 1562 ι
582 1511 644 1563 Οί
696 1510 826 1575 γοῦν
877 1507 1059 1568 παῖδες
1110 1505 1530 1574 βασιλεύσαντες
1587 1501 1831 1570 ἕγρνψαν
1882 1501 1977 1552 αὑ-

411 1600 491 1670 τῷ
552 1598 904 1666 συγχωρῆσαι
940 1597 1146 1658 αὐτοῖς,
1185 1598 1275 1646 καὶ
1311 1595 1543 1661 μάλιστα
1569 1593 1644 1660 τῷ
1679 1591 1974 1661 Ἀρκαδίῳ,

413 1691 554 1761 ὑπὲρ
589 1688 646 1740 οὗ
680 1686 932 1739 ἐϐούλετο
973 1686 1290 1737 ἀποκτεῖναι
1335 1682 1421 1734 διὰ
1454 1680 1753 1749 σπαθαρίου
1795 1681 1974 1731 αὐτόν.

423 1784 483 1834 ’0
518 1781 698 1848 μέντοι
760 1778 930 1845 μέγας
987 1775 1224 1833 ἀκούσας
1259 1777 1352 1826 καὶ
1385 1771 1538 1823 τοῦτο
1561 1788 1576 1804 θ
1639 1789 1655 1821 ε
1681 1769 1826 1823 Λάϐε
1880 1769 1977 1839 δη-

1629 394 2028 455 ANNALIUM
2075 395 2266 455 PARS
2313 390 2393 451 1V
2416 442 2424 451 .

408 511 548 579 μετὰ
590 505 956 578 διαδημᾶτων,
991 509 1082 560 τὸν
1127 504 1484 578 δὲἊρσένιον
1531 505 1824 574 ἱστάμενον
1872 507 1966 556 καὶ

2091 518 2296 557 nunere
2354 503 2704 572 iungebatur.

3529 399 3632 460 tea

2789 505 3131 577 Quapropter
3208 508 3354 563 hunc
3437 525 3633 579 magno

2076 595 2385 648 Theodosio
2417 598 2660 657 mittunt,
2697 609 3010 662 quanquam
3067 587 3308 666 graviter
3371 589 3424 652 id
3459 599 3634 667 ipsum

2075 686 2338 738 ferentem
2371 684 2514 752 quod
2552 700 2608 737 se
2632 685 2950 753 disciplinas
2996 688 3114 742 illas
3181 689 3521 742 orhicuiarcs
3573 706 3637 742 cx

2073 785 2139 829 eo
2174 786 2442 843 tempore,
2478 790 2587 843 quo
2640 776 2852 828 muneri

2923 792 3022 829 suo
3086 779 3377 843 praefectus
3421 780 3636 843 fuisset,

2077 867 2377 935 negiezusse
2407 867 2631 920 diceret.
2666 868 2966 936 Imperator
3003 869 3276 922 hominem
3308 872 3639 938 perheuigne

2079 970 2141 1010 ac
2174 957 2419 1009 hilariter
2448 956 2686 1024 excepit,
2710 958 2872 1026 eique
2904 958 3045 1010 ﬁlios
3104 974 3232 1012 suos
3288 962 3638 1012 mnumenda-

2079 1048 2156 1101 vit
2183 1057 2238 1101 et
2265 1048 2506 1112 tradidit,
2533 1059 2640 1101 non
2681 1057 2737 1102 ut
2801 1049 3156 1114 imperatores
3208 1049 3300 1104 sed
3343 1051 3640 1103 liberorum

2080 1148 2243 1208 atque
2274 1140 2666 1208 discipulorum
2699 1141 2821 1194 loco
2853 1140 3157 1195 habendos.
3186 1141 3436 1211 Cumq’ite
3480 1143 3629 1195 vidis-

2080 1239 2161 1284 set
2182 1231 2478 1299 aliquando
2503 1232 2883 1302 suos:quidém
2919 1227 3059 1288 filios
3088 1234 3365 1296 sedentes,
3396 1236 3489 1304 qui
3529 1236 3648 1290 dia-

2080 1322 2292 1376 demata
2329 1325 2625 1391 gestarent,
2657 1322 2948 1376 Ars’enium
2975 1337 3107 1378 vero
3141 1333 3377 1378 stantem
3439 1341 3646 1395 eosque

2081 1414 2387 1476 docentem,
2422 1412 2827 1466 excandescens
2854 1415 2929 1466 ait
2961 1431 2973 1464 :
3015 1432 3033 1464 ι
3068 1414 3250 1482 Egone
3275 1416 3354 1467 sic
3385 1415 3652 1482 tibiman-

2084 1503 2242 1557 davi?
2271 1518 2400 1556 num
2427 1512 2483 1557 tu
2518 1518 2612 1556 eos
2649 1503 3007 1571 imperatores
3069 1505 3238 1557 l‘acis‘?
3277 1504 3410 1573 Ejus
3441 1507 3517 1558 rei
3552 1522 3649 1573 po-

2085 1594 2330 1648 testasin
2392 1593 2561 1647 solius
2622 1603 2707 1647 cst
2755 1595 2849 1648 Dei
2918 1611 3079 1648 manu
3153 1599 3349 1665 posita.
3392 1617 3409 1649 ›
3473 1599 3647 1653 Simul

2084 1685 2314 1752 abjectis
2359 1685 2710 1747 diadematis,
2745 1704 2762 1734 ι
2800 1685 3047 1748 Praestat,
3105 1686 3304 1755 inquit,
3366 1689 3454 1757 pie
3512 1691 3649 1744 nturi

2086 1787 2247 1841 quam
2281 1771 2446 1840 impie
2508 1788 2756 1841 regnare.
2799 1791 2817 1824 ι
2873 1773 3184 1827 Secundum
3246 1775 3362 1830 haec
3418 1777 3652 1832 Arsenio

417 1873 581 1940 μόσια
642 1869 942 1932 Αἰγύπτου,
1001 1865 1095 1914 καὶ
1156 1861 1428 1929 διάνιειμαι
1460 1862 1589 1912 ὅπου
1628 1859 1823 1920 θέλεις,
1852 1877 1870 1907 ι
1905 1854 1970 1909 εἷ-

2086 1864 2260 1932 rugam
2288 1878 2409 1914 cum
2443 1863 2624 1916 animo
2661 1879 2760 1917 suo
2802 1873 3094 1933 propterea
3127 1866 3470 1932 instituente,
3506 1870 3650 1936 quod

413 1978 546 2015 πεν·
586 1958 770 2027 (Ἐγὼ
821 1956 894 2025 τῷ
943 1956 1127 2021 κόσμῳ
1179 1952 1467 2015 ἀπέθανον,
1496 1952 1587 2003 καὶ
1633 1951 1814 2002 όὺκέτι
1852 1948 1927 2012 ξιτ)
1960 1966 1976 1982 ’

413 2056 555 2125 πλὴν
582 2055 610 2105 ὁ
649 2052 778 2113 Θεὸς
811 2048 1160 2118 συγχωρήσαι
1191 2046 1336 2113 ὑμῖν.
1367 2065 1383 2094 ι

2087 1955 2379 2008 Arcadium
2419 1953 2556 2006 forte
2587 1955 2989 2020 verberaverat,
3013 1958 3168 2026 isque
3224 1969 3449 2028 propter
3507 1961 3652 2015 hanc

2091 2061 2312 2101 causam
2343 2045 2570 2100 insidias
2600 2049 2647 2099 ei
2683 2057 2944 2111 strueret,
2980 2064 3168 2104 vocem
3202 2051 3513 2122 lmjusntodi
3554 2071 3654 2108 au-

414 2147 588 2201 divit:
627 2162 644 2195 I
681 2143 826 2212 Fuge
861 2141 1139 2200 m0rtales,
1187 2137 1402 2196 Arseni,
1433 2145 1488 2190 et
1535 2135 1721 2190 salvus
1769 2134 1899 2189 eris.
1948 2155 1967 2187 ι
2022 2136 2133 2192 Hac
2160 2137 2228 2192 de
2251 2153 2411 2193 causa
2453 2154 2578 2194 cum
2641 2139 3075 2208 profugissethc
3131 2141 3344 2197 Sectam
3405 2160 3463 2199 se
3518 2163 3652 2201 con-

415 2240 655 2306 tulisset,
686 2252 876 2292 rursus
906 2235 1066 2288 aliam
1087 2244 1274 2285 vocem
1308 2227 1566 2284 audivit:
1607 2245 1624 2277 ι
1661 2226 1826 2294 Fuge,
1896 2225 2017 2291 sile,
2054 2229 2293 2298 quiesce.
2339 2249 2356 2280 ι
2431 2229 2697 2300 Deinceps
2759 2231 2847 2285 tibi
2883 2231 2949 2285 ad
3008 2232 3300 2303 imperium
3361 2237 3654 2298 Theodosii

416 2332 512 2387 ﬁlii
557 2332 953 2401 pervenissent,
988 2324 1186 2378 litteris
1222 2322 1287 2376 ad
1313 2336 1437 2375 eum
1485 2321 1806 2391 perscriptis
1855 2329 2084 2374 orarunt
2155 2330 2214 2375 ut.
2283 2324 2501 2392 cuipam
2572 2325 2655 2378 eis
2705 2324 3064 2391 condonaret,
3136 2331 3371 2384 Arcadio
3420 2347 3653 2400 praescr-

415 2425 536 2488 tim,
561 2420 653 2490 qui
687 2401 1002 2486 magistrum
1043 2412 1350 2467 interﬁcere
1411 2426 1507 2480 per
1577 2409 1868 2465 satellitem
1936 2408 2219 2464 voluisset.
2262 2410 2534 2481 Cumque.
2569 2429 2765 2482 magno
2818 2416 2894 2468 illi
2986 2417 3104 2471 viro
3150 2420 3517 2488 signiﬁcatum
3550 2426 3654 2478 hoc

414 2518 583 2574 etiam
616 2517 680 2568 ali
706 2511 839 2582 ipsis
869 2510 1010 2564 foret
1044 2526 1056 2561 :
1095 2525 1114 2560 ι
1147 2508 1345 2576 Accipe
1378 2508 1621 2576 publicas
1657 2508 1709 2560 in
1739 2503 1973 2575 JEgypto
2012 2508 2292 2574 pecunias,
2318 2518 2372 2560 ct
2427 2523 2521 2562 eas
2557 2509 2821 2562 arbitratu
2873 2523 2965 2566 tuo
3003 2513 3343 2581 distribuito,
3374 2537 3389 2568 ι
3442 2539 3458 2570 ι
3486 2519 3652 2589 Equi-

423 2608 574 2674 dem,
637 2603 940 2675 respondit,
989 2598 1118 2654 huic
1160 2599 1364 2653 mundo
1399 2609 1646 2651 mortuus
1681 2614 1825 2657 sum.
1877 2612 1978 2652 nec
2018 2597 2256 2665 amplius
2294 2598 2417 2651 vivo
2460 2615 2472 2652 :
2518 2597 2664 2653 Deus
2702 2609 2881 2654 tamen
2919 2599 3074 2656 venis
3097 2603 3363 2672 ignoscat.
3405 2629 3422 2660 ι

499 2727 569 2779 Ἦ
600 2723 827 2791 δευτέρα
867 2719 1084 2779 σύνοδος
1119 2718 1214 2770 καὶ
1265 2717 1294 2768 ὁ
1340 2717 1509 2784 μέγας
1540 2716 1821 2778 Θεοδόσιος
1869 2716 1970 2767 ὲνίλ

2160 2713 2292 2766 Post
2336 2711 2452 2766 haec
2504 2713 2807 2767 secundum
2869 2716 3165 2770 concilium
3201 2728 3255 2771 et
3281 2735 3507 2789 magnus
3564 2724 3654 2778 ille

414 2821 618 2890 δρυσαν
661 2815 739 2884 τῷ
786 2813 959 2881 θρόνῳ
1003 2806 1624 2867 Κωνσταντινουπόλεως
1655 2808 1746 2858 τὸν
1807 2810 1970 2876 μέγαν

2086 2802 2431 2856 Theodosius
2481 2803 2742 2858 eximium
2797 2804 3007 2869 virum,
3067 2806 3386 2876 Gregorium
3450 2829 3654 2882 cogno-

415 2907 732 2978 Γρηγόριον,
771 2902 874 2956 κᾶν
915 2900 973 2964 ἑξ
1000 2898 1275 2964 Αἰγύπτου
1305 2896 1446 2957 τινὲς
1483 2898 1586 2948 ὑπὸ
1617 2896 1813 2963 φθόνου
1843 2900 1970 2966 ἐτα-

421 2994 725 3066 ράχθησαν,
751 2989 834 3058 ἐφ’
863 2983 906 3057 ᾧ
938 2990 1033 3040 καὶ
1059 2982 1202 3039 ἑκὼν
1235 2985 1444 3055 ἐξέστη.
1486 2985 1891 3050 Ἀντεισάγεται
1920 2984 1978 3037 δὲ

417 3087 744 3155 Νεκταριος,
776 3083 836 3134 τὸ
869 3081 966 3149 μὲν
999 3084 1156 3148 γένος
1184 3069 1452 3147 Ταρσεὺς,
1482 3078 1579 3146 τὴν
1608 3079 1664 3129 δὲ
1687 3078 1779 3130 τοῦ
1818 3076 1981 3144 πραί-

416 3194 589 3247 τωρος
613 3175 784 3244 ἀρχὴν
799 3173 1017 3235 διέπων,
1043 3169 1098 3233 ὃς
1126 3170 1215 3222 τὸν
1236 3169 1332 3239 μὲν
1351 3169 1462 3238 βίον
1483 3167 1816 3237 Θαυμαστὸς,
1843 3166 1977 3221 ἀδά-

419 3281 640 3330 πτιστος
676 3266 732 3318 δὲ
763 3265 922 3334 μέχρι
959 3263 1100 3315 τότε.
1135 3257 1245 3314 Καὶ
1287 3261 1315 3312 ὁ
1347 3260 1446 3329 μὲν
1473 3258 1831 3327 συγκλητικὸς
1868 3250 1976 3311 Νε-

419 3361 637 3429 κτάριος
670 3357 1104 3427 προὺχειρίζετο,
1148 3355 1176 3407 ὁ
1199 3352 1257 3405 δὲ
1287 3352 1613 3414 Μακεδόνιος
1647 3350 1978 3418 ἀναθεματίο

419 3452 561 3513 ζετο.

2083 2903 2270 2950 mento
2291 2894 2644 2964 Theologum,
2681 2895 2734 2947 in
2763 2895 2945 2964 Cpolis
2975 2897 3111 2951 solio
3133 2896 3492 2966 ceiiocarunt,
3519 2915 3657 2958 tam-

2080 2990 2180 3042 etsi
2223 2972 2757 3056 quidam-antistites
2792 2988 3032 3059 [Egyptii
3087 2980 3337 3046 nonnihil
3368 2996 3652 3050 turbarum

2083 3094 2179 3147 per
2206 3079 2472 3132 invidiam
2502 3079 2698 3132 darent
2727 3075 2741 3143 ξ
2775 3095 2896 3148 qua!
2949 3097 3036 3135 res
3097 3071 3422 3152 Gregorium
3485 3091 3658 3145 movit

2085 3167 2146 3225 ut
2175 3171 2314 3225 solio
2342 3181 2538 3239 sponte
2573 3187 2667 3225 sua
2699 3173 2935 3228 cederet.
2969 3158 3250 3229 Successit
3299 3178 3352 3232 in
3403 3181 3521 3249 ejus
3578 3184 3656 3236 lo-

2085 3276 2209 3316 cum
2236 3252 2524 3316 Nectarius
2568 3264 2790 3317 natione
2835 3265 3140 3329 Tarsensis,
3198 3269 3462 3339 dignitate
3504 3289 3648 3342 prae-

2087 3361 2194 3416 tor,
2225 3353 2306 3406 v'ir
2333 3353 2652 3407 admiranda
2684 3355 2906 3422 quidem
2943 3357 3251 3412 innocentia
3285 3360 3408 3415 vita:
3459 3368 3657 3432 praedio

2089 3456 2200 3512 tus,
2232 3462 2422 3501 verum
2475 3448 2545 3502 ad
2591 3448 2722 3502 illud
2773 3466 2944 3519 usque
2997 3461 3207 3529 tempus
3267 3456 3510 3508 nondum
3564 3458 3657 3510 ba-

421 3540 686 3612 ptizatus.
724 3538 822 3595 Hic
847 3553 978 3608 ergo
1001 3527 1288 3593 Nectarius
1320 3535 1383 3589 ei
1435 3535 1626 3590 ordine
1673 3534 1954 3590 senatOrio
1994 3530 2242 3590 deiectus
2281 3537 2510 3590 antistes
2543 3536 2880 3605 designatur,
2914 3527 3266 3596 Macedonius
3308 3545 3437 3599 vero
3497 3562 3655 3601 exse-

420 3633 685 3689 crationis
713 3632 996 3686 sententia:
1013 3630 1329 3702 subjicitur.

505 3745 601 3797 Ἐκ
625 3742 1244 3805 Κωνσταντινουπόλεως
1276 3741 1369 3794 τοῦ
1417 3740 1650 3810 μεγάλου
1698 3738 1981 3792 Θεοδοσίου

421 3838 752 3905 ἀπαίροντος
788 3833 880 3888 ἐπὶ
906 3835 974 3886 τὰ
1004 3835 1156 3888 κάτω
1192 3833 1380 3904 μέρηξι
1399 3834 1725 3902 στρατιῶται
1757 3835 1814 3884 ὲν
1850 3832 1985 3883 Bso-

424 3928 681 3997 σαλονίκῃ
715 3925 1048 3987 εἰσελθόντες
1111 3924 1198 3977 διά
1257 3940 1379 3976 τινα
1433 3923 1622 3993 χρείαν
1693 3920 1986 4000 ἁνταρσίσν

421 4020 708 4088 ἐποίησαν,
736 4018 819 4084 ἐφ’
845 4011 888 4085 ᾧ
916 4017 1250 4084 ἀντέστησαν
1273 4015 1322 4066 οἱ
1347 4013 1443 4081 τῆς
1462 4013 1666 4073 πόλεως
1693 4015 1787 4064 καὶ
1817 4011 1985 4071 λίθοις

424 4109 641 4162 ἒΰαλον.
677 4107 782 4161 Τοῦ
815 4109 946 4174 γοῦν
980 4107 1243 4176 βασιλέως
1276 4105 1534 4167 ςέσαντος
1559 4108 1652 4154 tm
1678 4103 1888 4162 τούτοις
1911 4101 1987 4171 τῷ

422 4201 604 4269 θυμῷ,
647 4201 738 4251 καὶ
783 4199 861 4268 τῷ
893 4200 1072 4250 ἐκεῖσε
1104 4196 1465 4265 ἐπαρχεύοντι
1510 4195 1575 4246 τὰ
1618 4193 1987 4263 περὶτούτων

425 4291 856 4362 ὶπιτριψαντος,
889 4279 1122 4358 χιλιάδες
1159 4288 1201 4352 ς’
1233 4287 1600 4357 ἀνῃρέθησαν.
1633 4287 1986 4353 Διερχόμενος

421 4385 478 4435 δὲ
507 4384 534 4434 ὁ
567 4380 820 4451 βασιλεὺς
861 4383 938 4442 εἰς
972 4381 1069 4448 τὴν
1094 4380 1399 4447 ἐπισκοπὴν
1433 4378 1776 4430 Μεδιολὰνων
1807 4378 1986 4444 (πόλις

2158 3735 2318 3806 257
2349 3735 2484 3790 Cum
2526 3745 2708 3791 autem
2739 3737 3036 3810 aliquando
3067 3756 3295 3814 magnus
3335 3747 3436 3804 ille
3477 3749 3657 3806 Theo-

2088 3828 2278 3883 dosius
2311 3829 2463 3897 Cpoii
2491 3829 2783 3884 discedens
2813 3832 2879 3885 ad
2915 3845 3098 3900 partes
3139 3837 3397 3893 occiduas
3460 3857 3656 3911 perge-

2088 3930 2192 3982 ret,
2248 3921 2447 3974 accidit
2509 3931 2569 3975 ut
2620 3926 2946 3977 necessaria:
3016 3927 3302 3994 cujusdam
3354 3932 3431 3984 rei
3496 3949 3659 3990 causa

2089 4009 2540 4064 Thessalonicam
2565 4014 2797 4080 ingressi
2832 4015 3032 4069 milites
3085 4017 3413 4074 seditionem
3473 4027 3661 4078 conci-

2088 4109 2290 4153 tarent.
2366 4100 2436 4154 iis
2463 4115 2524 4154 so
2576 4101 2725 4154 cives
2807 4104 3182 4171 opponebam,
3266 4117 3322 4161 et
3381 4110 3660 4177 lapidibus

2090 4190 2291 4243 milites
2335 4191 2617 4258 petebant.
2668 4193 2748 4245 Ob
2783 4197 2919 4248 hanc
2943 4210 3162 4248 causam
3200 4213 3323 4251 cum
3362 4199 3662 4267 imperator

2088 4281 2170 4334 ira
2201 4282 2566 4348 eti'erbuisset,
2616 4285 2944 4340 connivente
2993 4287 3231 4342 militum
3297 4292 3364 4344 ad
3413 4291 3657 4348 furorem

2089 4373 2195 4425 ioci
2231 4382 2466 4442 praetore
2490 4385 2695 4442 septem
2733 4377 3017 4430 hominum
3054 4380 3222 4432 millia
3253 4391 3384 4435 sunt
3431 4384 3656 4439 interie-

420 4475 477 4526 δὲ
505 4472 735 4534 Ἰταλίας
772 4474 838 4524 τὰ
867 4469 1221 4539 Μεδιόλανα),
1249 4469 1310 4521 οὐ
1334 4469 1689 4536 συνεχωρήθη
1715 4467 1866 4534 παρὰ
1893 4465 1970 4518 τοί

2093 4471 2200 4514 cta.
2258 4463 2396 4516 Hinc
2428 4466 2721 4532 imperator
2756 4467 2952 4521 itinere
2979 4469 3124 4522 facto
3182 4470 3549 4527 Mediolanum
3603 4488 3661 4530 ut

422 4564 704 4617 θειοτάτου
728 4551 1060 4630 ίΑμδροσίου
1110 4561 1176 4628 τῇ
1217 4556 1517 4625 Ἐκκλησία
1564 4556 1839 4623 ἐπιϐῆναι,
1871 4555 1986 4605 ἀλλ’

421 4656 638 4724 ἔμεινεν
679 4653 1066 4722 ἀφωρισμένος
1112 4651 1289 4718 μῆνας
1325 4644 1396 4717 η’,
1434 4648 1528 4699 xci.
1564 4648 1714 4714 μόλις
1759 4645 1848 4697 διὰ
1889 4648 1988 4715 τὴν

418 4745 516 4798 τοῦ
548 4743 784 4814 Χριστοῦ
810 4745 1070 4810 γέννησιν
1101 4738 1267 4808 ὲλῠθη
1297 4755 1356 4790 τε
1387 4738 1497 4789 τῶν
1527 4737 1742 4804 δεσμῶν
1790 4737 1884 4787 καὶ
1909 4737 1989 4798 είς

421 4837 709 4890 κοινωνίαν
734 4835 947 4903 ἐδέχθη,
983 4833 1253 4903 πρότερον
1297 4830 1369 4882 τὰ
1417 4829 1510 4882 τοῦ
1546 4827 1792 4880 manu
1828 4844 1989 4893 νομο-

419 4930 674 4997 θετήσας.
714 4927 873 4980 Ἀλλὰ
898 4927 995 4978 καὶ
1035 4926 1090 4977 ὲν
1119 4924 1196 4993 τῷ
1237 4922 1617 4989 θυσιαστηρίῳ
1649 4921 1786 4989 μετὰ
1815 4921 1989 4973 ταῦτα

418 5019 687 5089 οΰμενουν
726 5019 990 5072 εἰσελθεῖν
1026 5017 1382 5086 ὲνεχωρείτο·
1418 5031 1440 5064 ι
1473 5011 1538 5064 Ἢ
1576 5011 1683 5081 γὰρ
1711 5012 1992 5080 ἁλουργὶς,

422 5113 555 5181 εφη,
610 5109 848 5181 βασιλεῖς
877 5109 937 5162 οὐ
973 5108 1078 5178 μὴν
1121 5108 1286 5176 ἱερεῖς
1318 5104 1480 5157 ποιεῖ.
1521 5103 1736 5170 ’,Ὅθεν
1767 5101 1993 5154 ἐπανελ-

420 5197 533 5256 θὼν
559 5204 588 5254 ὁ
618 5203 875 5272 βασιλεὺς
914 5203 1008 5253 καὶ
1032 5199 1184 5269 παρὰ
1213 5197 1307 5251 τοῦ
1350 5196 1661 5265 Νεκταρίου
1693 5194 1988 5265 ἐρωτηθεὶς

416 5296 487 5350 δι’
517 5296 583 5366 ἢν
611 5295 786 5348 αἰτίαν
811 5294 911 5346 οὐκ
937 5292 1246 5362 εἰσέρχεται
1273 5292 1332 5342 ὲν
1371 5289 1448 5357 τῷ
1477 5288 1868 5357 θυσιαστηρίῳ,
1911 5283 1987 5340 εἴ·

415 5403 521 5439 πεν
546 5403 560 5418 ο
602 5404 621 5437 ι
662 5380 754 5447 Εἷς
789 5385 1088 5445 ἐπίσκοπος
1121 5385 1151 5436 ὁ
1190 5380 1542 5451 Ἀμϐρὸσιος.
1577 5398 1596 5430 ι

2092 4556 2363 4621 pervenit,
2401 4558 2593 4610 urbem
2624 4557 2809 4621 Italiae,
2840 4559 3222 4617 divinissimus
3265 4567 3495 4620 antistes
3543 4570 3662 4635 ejus

2091 4646 2244 4699 urbis
2287 4647 2608 4702 Ambrosius
2640 4651 2812 4703 vetuit
2848 4653 3139 4720 quominus
3164 4654 3446 4709 ecclesiam
3480 4658 3662 4726 ingre-

2094 4734 2339 4788 deretur.
2375 4737 2564 4805 Itaque
2598 4747 2888 4792 secretusa
2918 4749 3063 4794 etetu
3092 4740 3528 4797 Christianorum
3572 4763 3666 4814 pu-

2093 4824 2240 4880 blico
2319 4836 2465 4881 totos
2517 4837 2642 4882 octo
2689 4845 2903 4884 menses
2978 4831 3101 4894 fuit,
3179 4833 3380 4902 vixque
3439 4847 3665 4906 prapter

2094 4916 2300 4972 Christi
2342 4920 2686 4973 nativitatem
2725 4922 2897 4977 sacris
2947 4923 3057 4976 illis
3091 4925 3331 4979 vinculis
3370 4938 3454 4981 est
3508 4931 3663 4982 solu-

2095 5020 2185 5065 tus
2213 5023 2270 5066 et
2299 5014 2352 5065 in
2394 5015 2843 5069 communionem
2881 5016 3176 5083 admissus,
3212 5019 3395 5073 libello
3426 5023 3664 5090 primum

2095 5103 2163 5157 de
2198 5103 2270 5158 50
2302 5104 2498 5159 diebus
2533 5105 2740 5160 dictato
2801 5116 2856 5161 et
2910 5108 3047 5176 legis
3082 5110 3190 5162 vim
3243 5112 3447 5166 habere
3492 5116 3665 5181 jusso.

2092 5193 2238 5259 Quin
2261 5195 2428 5249 etiam
2454 5197 2768 5264 prohibitus
2800 5208 2886 5252 est
2921 5201 3114 5253 eodem
3172 5212 3421 5270 tempore
3473 5207 3541 5257 ab
3568 5221 3666 5258 eo-

2086 5286 2211 5340 dem
2248 5288 2562 5353 Ambrosio,
2597 5291 2896 5358 quominus
2951 5293 3004 5345 in
3048 5297 3354 5348 sacratfbm
3421 5299 3669 5367 ingrede-

2087 5388 2262 5442 retur,
2291 5395 2414 5432 cum
2444 5381 2716 5446 isdiceret
2744 5399 3041 5453 purpuram
3068 5389 3426 5456 imperatores
3461 5397 3661 5457 iacere,

416 5493 528 5533 non
561 5477 895 5533 sacerdotes.
931 5474 1048 5541 Quo
1087 5473 1292 5528 factum
1344 5480 1430 5526 est
1495 5479 1554 5524 ut
1599 5469 1811 5539 Cpolim
1863 5484 2117 5525 reversus
2160 5472 2484 5540 imperator,
2548 5484 2604 5527 et
2673 5492 2703 5528 ιι
2755 5476 3011 5532 Nectario
3094 5493 3312 5550 rogatus
3369 5500 3532 5552 quam
3596 5489 3667 5539 ob

418 5588 646 5631 causam
701 5570 1008 5626 sacrarium
1078 5583 1189 5623 non
1258 5568 1661 5636 ingrederetur,
1718 5566 1802 5619 his
1860 5574 2070 5621 tantum
2112 5567 2297 5623 verbis
2356 5569 2764 5638 responderet:
2815 5591 2832 5622 ι
2901 5573 3054 5628 Unus
3102 5577 3394 5645 episcopus
3437 5580 3670 5635 Ambro-

414 5670 552 5724 sius.
584 5685 601 5716 ι

493 5783 625 5835 Ὅτε
658 5782 691 5850 ἡ
727 5781 834 5832 τῶν
866 5781 920 5831 ὲν
937 5781 1238 5851 Ἀντιοχείᾳ
1275 5778 1604 5844 ἀνδριάντων
1641 5779 1990 5849 καταστροφὴ

710 5883 955 5939 Ριτῖιθι
1021 5885 1134 5938 nn.
1177 5878 1441 5940 CLVI".

2165 5775 2430 5831 Caeterum
2465 5790 2575 5845 quo
2609 5785 2852 5845 tempore
2886 5794 2910 5831 a
2948 5781 3148 5849 populo
3189 5784 3526 5838 Antiocitcno
3564 5788 3665 5841 im—

3146 5882 3266 5936 ’16
