4212 6448
273 346 376 409 493

1503 354 1903 414 ANNALIUM
1948 354 2141 416 PARS
2181 355 2295 418 IV.

3390 353 3493 420 49$

274 461 365 514 τοῦ
395 459 649 531 Χριστοῦ,
675 462 770 516 καὶ
806 462 935 529 μίαν
967 463 1134 533 φύσιν
1158 464 1319 518 αὐτὸν
1349 465 1471 519 ὅλον
1497 461 1659 519 εἶναι.
1686 466 1825 520 Καθ’
1853 480 1901 528 Α
1928 482 1937 519 ε

1853 480 1901 528 Α
1928 467 2135 535 synodo
2177 466 2380 521 Christi
2418 481 2618 537 corpus
2673 466 2902 521 alterius
2953 476 3009 521 et
3046 465 3273 520 diversa:
3309 466 3488 532 perhi-

275 546 332 604 οὗ
362 552 629 621 πεποίηκε
658 552 889 623 τοπικὴν
928 553 1143 609 σύνοδον
1168 554 1197 607 6
1230 556 1501 626 μακάριος
1530 558 1827 621 Φλαϐιανδς
1930 559 1938 612 1

1821 575 1827 617 :
1930 559 2094 614 bcbat
2121 576 2149 613 a
2178 569 2363 614 nostro
2396 576 2517 616 esse
2552 562 2892 626 substantiae,
2930 561 3174 629 adeoque
3211 559 3484 611 Christum

274 644 571 707 ἐπίσκοπος
598 642 674 697 ὣν
693 644 1106 699 Κωνσταντίνου
1140 646 1368 713 πόλεως,
1394 647 1641 700 καθελὼν
1666 648 1829 702 αὐτὸν
1933 662 1937 701 l

1933 659 2104 706 totum
2137 654 2299 706 unius
2324 668 2442 707 esse
2473 662 2700 710 naturae.
2737 652 2925 721 Coegit
2963 652 3223 706 adversus
3255 666 3380 704 cum
3415 651 3492 703 lo-

274 738 367 790 καὶ
391 736 582 807 ὁρίσας
618 735 903 805 δμοούσιον
950 740 1083 807 ἡμῖν
1115 733 1258 792 εἶναι
1286 740 1346 792 τὸ
1379 738 1541 807 σῶμα
1567 739 1660 793 τοῦ
1691 739 1830 809 Χρι-

1929 741 2101 796 calem
2131 744 2399 813 synodum
2438 745 2630 797 beatus
2673 744 2763 797 ille
2800 744 3107 806 Flavianus,
3140 741 3323 811 Cpolis
3356 742 3467 793 anti

276 827 421 880 στοῦ.
448 825 577 883 Εἶτα
607 829 793 899 δέησιν
827 832 855 884 6
892 831 1138 901 Εὐτυχὴς
1173 832 1515 895 ἐπιδεδωκὼς
1556 833 1634 902 τῷ
1679 833 1834 903 βασι-
1931 845 1939 882 ε

1826 862 1834 873 -
1931 840 2062 897 stes,
2089 832 2144 886 in
2180 850 2290 901 quo
2317 834 2617 903 Eutychem
2645 833 2839 887 ordine
2869 834 3036 886 movit
3066 842 3116 887 ct
3147 846 3265 885 esse
3290 830 3489 883 (IliriSIi

276 920 355 972 λεῖ
385 921 704 989 μετέπεισεν
737 922 920 985 αὐτὸν,
952 926 1045 975 καὶ
1082 925 1581 992 μεταστειλάμενος
1609 926 1832 977 Διόσκο-

1934 937 2134 993 Corpus
2164 925 2405 995 ejusdem
2438 939 2562 979 cum
2603 934 2793 979 nostro
2827 923 3150 978 substantia:
3179 931 3495 988 natumque

280 1027 369 1078 pov
396 1013 487 1061 τὸν
512 1010 607 1062 τοῦ
631 1011 869 1077 μεγάλου
901 1013 1171 1080 Κυρίλλου
1203 1011 1447 1081 διάδοχον
1478 1012 1703 1080 εποίησε
1735 1012 1835 1082 τὴν
1934 1033 1943 1066 1

1833 1036 1835 1046 ν
1934 1014 2198 1068 decrevit.
2255 1014 2469 1079 Quibus
2516 1016 2672 1077 actis,
2714 1015 2987 1085 Eutychos
3030 1012 3263 1083 supplici
3308 1012 3496 1067 libello

276 1102 333 1151 εν
392 1102 597 1169 Ἐξὲςῳ
646 1100 708 1153 τὸ
758 1101 1012 1171 δεύτερον
1071 1102 1290 1155 σύνοδον
1340 1105 1482 1155 κατὰ
1533 1103 1835 1157 Φλαϐιανοῦ

1939 1104 2253 1172 imperatori
2294 1105 2480 1161 oblato
2525 1106 2579 1160 in
2628 1106 2786 1159 aliam
2836 1120 2961 1159 cum
3004 1103 3332 1159 sententiam
3370 1120 3498 1173 per-

276 1191 371 1261 τὴν
437 1192 733 1260 λεγομένην
788 1192 1116 1261 λῃστρικὴν,
1176 1194 1235 1245 ὲν
1379 1194 1674 1257 κυλλωοετς
1729 1194 1838 1246 ἀπὸ
1937 1225 1939 1241 .

1834 1220 1838 1243 ι
1937 1196 2113 1250 duxit.
2149 1197 2281 1250 Nam
2310 1198 2576 1251 arressito
2612 1196 2890 1255 Dioscoro.
2930 1195 3107 1265 magni
3140 1194 3327 1265 Cyrilli
3368 1208 3497 1249 suc-

278 1282 500 1348 πληγῶν
551 1282 580 1333 6
623 1281 920 1344 Φλαϐιανὸς
976 1282 1248 1336 ἀπέθανεν
1299 1283 1359 1349 ἐξ
1393 1284 1594 1338 αὐτῶν.
1634 1285 1749 1353 Ἐφ’
1794 1279 1838 1353 ᾧ
1938 1312 1941 1331 ι

1832 1306 1838 1337 ι
1938 1301 2191 1353 ccssore,
2257 1304 2451 1342 rursus
2506 1288 2666 1341 aliam
2726 1286 2993 1357 synodum
3051 1285 3246 1354 Ephesi
3306 1294 3495 1338 contra

278 1376 372 1427 καὶ
408 1364 644 1443 ’γέγονεν
685 1375 719 1445 η
750 1376 808 1426 ὲν
840 1374 1145 1442 Χαλκηδόνι
1180 1378 1415 1446 τετάρτη
1450 1377 1668 1439 σύνοδος
1695 1378 1840 1430 κατὰ

278 1467 547 1536 Εὐτυχοῦς
577 1466 670 1520 καὶ
702 1466 1018 1535 Διοσκόρου,
1045 1466 1274 1521 εἰποῦσα
1322 1468 1415 1521 καὶ
1445 1467 1625 1534 τοῦτο,
1657 1488 1675 1520 ι
1725 1471 1838 1522 Ku-

280 1556 460 1624 ρὶλλου
492 1555 743 1626 αίωνίαή
788 1557 1001 1626 μνήμη.
1037 1576 1056 1609 ι
1096 1556 1195 1609 Διὰ
1245 1557 1430 1623 μέντοι
1477 1557 1538 1609 τδ
1581 1557 1840 1628 καθαιρε-

278 1649 435 1715 θῆναι
465 1650 557 1702 τὸν
589 1650 878 1715 Διόσκορον
908 1648 1294 1719 διεσχίσθησαν
1322 1651 1419 1703 ἀπ’
1453 1649 1696 1716 ἀλλήλων
1716 1651 1750 1720 ἦ
1781 1667 1839 1703 τε

281 1737 688 1792 Κωιρεταντῖνου
726 1745 879 1794 etin:
922 1742 1017 1792 καὶ
1054 1748 1080 1809 7";
1126 1740 1519 1810 ’.υεξὲνδρεισυ

1939 1363 2260 1432 Flavianum
2297 1377 2558 1437 instituit,
2595 1392 2717 1445 qua!
2766 1377 3043 1431 latronum
3074 1376 3368 1430 concilium
3401 1390 3500 1442 ap-

1941 1458 2200 1538 pellatur.
2230 1469 2447 1524 Etenim
2475 1469 2598 1522 istic
2629 1469 2922 1523 Flavianus
2954 1468 3281 1522 verberibus
3310 1468 3502 1520 multa-

1945 1571 2030 1613 tus
2065 1572 2296 1615 mortem
2330 1560 2487 1614 obiit.
2520 1561 2667 1614 lianc
2698 1560 2767 1612 ob
2793 1575 3011 1613 causam
3038 1558 3495 1613 Chalecdrmeusb

1944 1664 2135 1719 quarta
2167 1655 2409 1707 Svnodus
2445 1655 2707 1706 adversus
2758 1655 3056 1706 ῐῖιιὲιιείιριιι

1950 1757 2029 1799 est
2057 1761 2375 1799 COtitucutzt.
2412 1756 2467 1798 tn
2505 1752 2605 1797 tiar-
2635 1744 2724 1797 illa
2758 1759 2975 1813 quoque
3010 1742 3174 1796 verba
3217 1751 3339 1794 sunt
3378 1757 3503 1792 nro-

3090 1670 3144 1705 c-t
3188 1652 3501 1705 ξ”ὶτεεετιιιει

282 1831 528 1883 nuntiata
558 1848 573 1885 :
617 1850 635 1883 ι
670 1832 899 1887 ίΕιετηιι
932 1831 1240 1887 recordatio
1269 1830 1453 1902 Cyrilli
1477 1840 1617 1887 esto.
1653 1851 1669 1881 ι
1703 1831 1839 1897 Quia
1879 1848 2010 1889 vero
2036 1835 2330 1891 Dioscorus
2363 1837 2563 1890 ibidem
2593 1837 2785 1889 Ordine
2844 1850 2996 1888 satam
3056 1834 3469 1887 submmuhit-z

279 1920 504 1976 divulsa:
555 1933 685 1977 sunt
723 1938 753 1976 a
785 1940 843 1977 se
883 1924 1117 1977 invicem
1158 1922 1343 1992 Cpolis
1382 1932 1437 1976 ct
1486 1924 1837 1976 Alexandria.

349 2011 504 2064 Μετὰ
527 2010 582 2063 δὲ
608 2012 705 2078 τὴν
736 2012 998 2079 τοιαύτην
1023 2013 1291 2081 τετάρτην

282 2101 433 2164 αὖθίς
464 2120 608 2167 τινες
638 2106 807 2175 ἱερεῖς
854 2121 912 2157 τε
967 2105 1061 2158 καὶ
1092 2104 1320 2175 μοναχοὶ
1350 2105 1412 2158 τὸ
1437 2104 1532 2159 τοῦ
1568 2104 1843 2175 Εὑτυχοῢς

280 2195 459 2264 δόγμα
517 2197 808 2267 συνιστᾷν·
859 2197 983 2251 ὃθεν
1047 2200 1077 2251 6
1132 2197 1437 2268 τηνικαῦτα
1491 2199 1844 2269 χρηματίζων

282 2289 628 2358 πατριάρχης
671 2288 977 2353 ’Δνατόλιος
1009 2291 1371 2361 συμϐουλεύει
1405 2291 1681 2361 γραφῆναι
1722 2292 1845 2344 δυσὶ

281 2379 510 2450 χάρταις
545 2382 638 2433 καὶ
683 2381 1011 2452 ἀμφοτέρων
1061 2382 1167 2436 τῶν
1221 2382 1405 2452 μερῶν
1456 2382 1526 2437 τὰ
1575 2383 1844 2453 δόγματα,

282 2476 377 2526 καὶ
428 2474 496 2544 τῇ
557 2472 789 2542 λάρνακι
842 2475 940 2544 τῆς
998 2476 1485 2547 μεγαλομάρτυρος
1558 2476 1847 2546 Εὐφημίας

280 2564 655 2636 ἐμϐληθῆναι,
717 2566 812 2620 καὶ
861 2566 1004 2621 οὕτω
1054 2568 1362 2638 δηλωθῆναι
1409 2568 1509 2637 τὴν
1559 2568 1843 2637 ἀλήθειαν.

280 2656 496 2715 Γίνεται
526 2656 718 2724 ταῦτα,
738 2657 832 2711 καὶ
857 2656 1045 2727 θαῦμα
1071 2660 1375 2729 παράδοξον
1403 2654 1472 2730 ἦν
1499 2660 1628 2713 ίδεῖν
1652 2675 1667 2689 ο
1695 2659 1847 2728 παρὰ

282 2748 393 2821 γὰρ
426 2749 551 2812 τοὺς
573 2750 741 2813 πόδας
768 2751 865 2820 τῆς
900 2751 1063 2819 ἁγίας
1090 2750 1419 2822 ἐρριμμένος
1447 2750 1645 2821 εὑρέθη
1681 2751 1710 2803 6
1737 2750 1847 2802 τῶν

282 2839 699 2901 ἀντιδικούντων
725 2843 790 2913 τῇ
827 2841 1058 2913 ἀληθείᾳ
1086 2842 1313 2913 χάρτης,
1343 2845 1371 2896 6
1401 2841 1459 2895 δὲ
1482 2843 1668 2911 ἕτερος
1697 2841 1849 2911 παρὰ

282 2932 349 2999 τῇ
382 2932 528 3002 χειρὶ
556 2933 747 3003 αὐτῆς.

366 3114 492 3169 Ἐπὶ
546 3114 729 3184 μέντοι
774 3117 967 3169 τούτου
1008 3115 1103 3170 τοῦ
1134 3115 1459 3187 Μαρκιανοΰ
1500 3118 1596 3172 καὶ
1623 3120 1849 3190 Συμεὼν

280 3207 311 3259 6
340 3206 511 3276 μέγας
543 3206 711 3276 ἐπέϐη
760 3207 852 3261 τοῦ
880 3207 1074 3262 στύλου
1100 3225 1116 3240 ·
1150 3209 1514 3279 ἀκοινώνητος
1542 3212 1652 3280 γάρ
1683 3212 1849 3282 μέχρι

283 3297 484 3350 πολλοῦ
510 3297 673 3367 Εμενε
698 3298 786 3351 διά
813 3298 873 3352 τὸ
900 3299 1180 3374 καταρχὴν
1204 3301 1461 3372 τοιαύτην
1490 3302 1847 3367 ἐνδείξασθαι*

286 3390 475 3444 πολλοὶ
501 3390 612 3461 γὰρ
643 3391 694 3444 οἱ
731 3381 1113 3467 μεμψίμοιροι.

361 3664 516 3720 Μετά
562 3664 619 3719 δὲ
667 3665 988 3737 Μαρκιανὺν
1020 3665 1171 3723 Δίων
1196 3668 1225 3722 6
1254 3668 1428 3738 μέγας
1476 3669 1574 3740 ετη
1618 3677 1691 3743 ιη’
1718 3690 1854 3743 κρα-

285 3759 461 3827 τήσας
491 3756 717 3828 τελευτᾷ
749 3759 1130 3829 δυσεντερικός
1154 3776 1169 3790 ·
1198 3760 1285 3831 ἐφ’
1314 3755 1374 3815 οὗ
1414 3764 1642 3833 σημεῖον
1673 3764 1852 3836 ἐφάνη

285 3850 349 3902 ὲν
416 3848 495 3918 τῷ
549 3850 785 3921 οὐρανῷ,
822 3850 1019 3923 νεφέλη
1077 3852 1496 3927 σαλπιγγοειδὴς
1563 3857 1656 3909 ἐπὶ
1712 3857 1853 3927 ἡμέ-

288 3958 396 4010 ρας
445 3940 520 4010 μ’,
557 3942 655 3995 καὶ
684 3941 873 4012 ἔϐρεξε
920 3944 1114 3997 σποδὸν
1152 3945 1211 3999 ὲν
1257 3947 1852 4019 Κωνσταντινουπόλει,

287 4030 572 4101 σπιθαμὴν
633 4033 696 4084 τὸ
738 4033 909 4103 πάχος
950 4035 1199 4105 ἔχουσαν.
1255 4036 1367 4089 Καὶ
1421 4037 1623 4102 πάντες
1681 4040 1857 4093 ἑλιτάς-

286 4141 463 4190 νευον,
494 4124 743 4192 λέγοντες
792 4125 873 4178 ὅτι
938 4125 1052 4197 πῦρ
1103 4123 1171 4200 ἦν
1213 4129 1308 4182 καὶ
1357 4131 1422 4201 τῇ
1471 4131 1857 4213 φιλανθρωπίᾳ

284 4214 385 4273 τοῦ
413 4215 548 4269 Θεοῦ
576 4216 828 4287 ἐσϐέσθη.
859 4219 991 4272 Τότε
1026 4220 1118 4273 καὶ
1161 4220 1361 4292 Δανιὴλ
1394 4224 1422 4275 6
1460 4224 1634 4293 μέγας
1680 4226 1853 4298 ἐπέϐη

285 4307 385 4368 τοῦ
421 4308 613 4365 στύλου
655 4310 713 4362 ἐν
742 4310 819 4378 τῷ
867 4311 1139 4381 ’Δνάπλῳ.
1187 4311 1319 4366 Τότε
1345 4316 1441 4369 καὶ
1482 4316 1514 4386 ή
1545 4314 1667 4369 θεία
1694 4316 1855 4388 ἐσθὴς

285 4400 391 4468 τῆς
423 4400 515 4454 τοῦ
550 4402 753 4474 Κυρίου
776 4403 997 4472 Μητρὸς
1040 4404 1392 4475 ἀνεκομίσθη.
1426 4398 1592 4470 Οὗτος
1621 4410 1648 4461 ὁ
1683 4409 1855 4478 μέγας

288 4492 447 4545 Λέων
472 4493 725 4547 ἐκέλευσε
754 4495 848 4557 τὰς
870 4495 1160 4566 Κυριακὰς
1207 4496 1523 4567 ἀπράκτους
1568 4494 1709 4551 εἶναι
1759 4500 1856 4551 καὶ

288 4584 431 4651 μήτε
469 4582 694 4636 ἱππικὸν
743 4584 1012 4641 τελεῖσθαι
1066 4586 1204 4657 μήτε
1269 4589 1506 4657 μουσικά
1556 4589 1711 4659 ἠχεῖν
1760 4590 1855 4659 δρ-

1334 2012 1552 2065 σύνοδον
1582 2014 1843 2065 ἔσπευδον
1871 2014 1919 2074 Β
2016 2013 2144 2068 Post
2182 2013 2427 2069 habitam
2463 2022 2714 2084 quartam
2752 2013 2997 2084 synodun

1840 2014 1919 2074 ’Β
2016 2013 2144 2068 Post
2182 2013 2427 2069 habitam
2463 2022 2714 2084 quartam
2752 2013 3020 2084 synodum
3052 2027 3247 2067 rursus
3282 2012 3503 2080 quidam

1945 2106 2261 2162 sacerdotes
2313 2114 2368 2161 et
2422 2106 2675 2161 monachi
2710 2120 2928 2161 summo
2976 2104 3162 2159 studio
3198 2104 3509 2159 doctrinam

1946 2194 2210 2267 Eutychis
2252 2197 2501 2254 stabilire
2532 2197 2869 2254 nitebantur.
2906 2195 3272 2263 Quamobrem
3300 2197 3507 2251 Anato-

1944 2288 2071 2357 lius,
2102 2292 2197 2360 qui
2233 2300 2347 2345 tum
2385 2291 2707 2361 patriarcha:
2742 2305 2972 2345 munere
3016 2289 3363 2361 iungebatur,
3404 2290 3510 2344 hoc

1945 2382 2163 2436 consilii
2193 2382 2365 2445 dedit,
2397 2390 2460 2435 ut
2499 2380 2636 2436 duas
2671 2379 2725 2434 in
2756 2380 2976 2436 chartas
3016 2380 3306 2449 utriusque
3337 2379 3509 2448 partis

1946 2474 2194 2544 dogmata
2220 2472 2695 2542 perscriberentur
2731 2483 2789 2527 et
2815 2473 2869 2527 in
2905 2488 3099 2527 urnam
3123 2472 3336 2527 eximia:
3367 2487 3509 2526 mar-

1948 2564 2080 2635 tyris
2126 2562 2439 2631 Euphemim
2488 2563 2916 2632 conjicerentur,
2976 2578 3085 2631 quo
3143 2562 3351 2617 veritas
3404 2562 3511 2616 hoc

1948 2663 2105 2725 pacto
2128 2656 2485 2708 clucesccrct.
2504 2654 2644 2710 Huic
2666 2654 2896 2709 consilio
2922 2669 3044 2708 cum
3069 2653 3505 2723 obtemperatum

1949 2745 2161 2808 luisset,
2192 2745 2499 2816 prodigium
2534 2746 2811 2815 quoddam
2842 2760 3045 2799 novum
3073 2755 3129 2798 et
3159 2744 3504 2814 inopinatum

1948 2846 2065 2890 erat
2095 2849 2357 2890 cernere:
2398 2849 2522 2887 nam
2556 2833 3001 2887 adversariorum
3042 2830 3291 2885 veritatis
3319 2829 3511 2883 charta

1948 2928 2029 2981 sic
2059 2934 2274 2996 reperta
2298 2936 2400 2989 est,
2428 2934 2487 2979 ut
2517 2925 2584 2978 ad
2609 2933 2810 2980 sanctzc
2832 2922 3091 2993 martyris
3111 2920 3280 2993 pedes
3301 2920 3510 2989 abiecta

1944 3016 2172 3088 iaceret,
2205 3016 2375 3070 altera
2407 3030 2537 3070 vero
2569 3017 2635 3069 ad
2663 3030 2881 3069 manum
2913 3015 3055 3083 eius.

2018 3107 2297 3162 Marciano
2330 3091 2603 3176 regnante
2628 3105 2865 3175 Symeon
2904 3105 2996 3161 illc
3035 3118 3266 3177 magnus
3296 3104 3512 3160 colum-

1950 3215 2075 3255 nam
2100 3199 2367 3255 ascendit.
2402 3199 2454 3254 ls
2488 3200 2651 3269 longo
2686 3206 2934 3268 tempore
2964 3196 3103 3253 nihil
3133 3197 3357 3252 omnino
3385 3211 3510 3252 cum

1950 3291 2267 3346 hominibus
2292 3290 2485 3346 habuit
2515 3290 2853 3355 commercii,
2880 3298 3169 3359 propterea
3193 3288 3339 3358 quod
3369 3287 3516 3358 ejus-

1952 3385 2097 3439 modi
2156 3400 2272 3440 rem
2325 3400 2522 3440 novam
2569 3385 2781 3455 primus
2824 3382 3179 3439 ostendisset.
3224 3382 3315 3438 Sic
3366 3382 3512 3437 enim

1950 3489 2327 3547 comparatum
2363 3486 2448 3533 est
2483 3477 2538 3531 in
2592 3475 2761 3533 rebus
2809 3475 3068 3531 humanis
3116 3484 3176 3529 ut
3213 3474 3368 3529 multi
3404 3475 3515 3528 sint

1952 3571 2402 3638 reprehensores.

2022 3661 2152 3716 Post
2182 3661 2515 3716 Marcianum
2548 3660 2659 3716 Leo
2686 3676 2915 3732 magnus
2940 3660 3173 3730 imperio
3207 3675 3303 3729 per
3328 3660 3393 3714 18
3424 3675 3518 3712 an-

1953 3766 2056 3807 nos
2106 3752 2335 3822 potitus,
2356 3767 2423 3807 ex
2468 3752 2856 3807 intestinorum
2907 3750 3070 3823 265
3104 3750 3295 3805 morbo
3348 3749 3513 3803 vitam

1956 3843 2116 3899 ﬁniit.
2166 3842 2244 3899 Eo
2294 3854 2557 3915 regnante
2591 3845 2902 3917 prodigium
2937 3844 2991 3898 in
3048 3844 3191 3899 coelo
3236 3842 3514 3912 quoddam

1954 3936 2227 4009 apparuit,
2279 3937 2537 3992 nimirum
2595 3937 2772 3992 nubes
2827 3936 2968 3991 tubae
3020 3934 3349 3999 consimilis,
3397 3948 3521 4002 qua:

1956 4015 2101 4083 totos
2149 4027 2220 4083 40
2264 4028 2382 4083 dies
2427 4028 2665 4084 duravit.
2702 4028 2895 4085 Itidem
2941 4027 3093 4097 Cpoli
3133 4026 3321 4082 cinere
3360 4025 3521 4094 pluit.

1955 4117 2114 4188 cujus
2144 4118 2427 4174 crassities
2458 4119 2698 4188 palmum
2744 4117 3017 4188 aequabat.
3059 4117 3271 4173 Idcirco
3308 4115 3521 4184 suppli-

1955 4218 2138 4266 catum
2187 4212 2257 4266 ab
2306 4211 2588 4277 omnibus,
2635 4210 2783 4285 quod
2834 4211 3083 4266 dicerent
3137 4210 3315 4281 ignem
3374 4208 3524 4263 hunc

1959 4302 2144 4368 fuisse,
2176 4318 2366 4359 verum
2395 4303 2735 4373 benignitate
2778 4302 2964 4358 divina
3009 4301 3339 4357 exstinctum
3375 4315 3519 4355 esse.

1957 4395 2113 4450 Tunc
2136 4402 2190 4450 et
2216 4410 2445 4464 magnus
2475 4396 2568 4451 ille
2594 4396 2857 4450 Danielus
2881 4395 3193 4449 columnam
3228 4393 3282 4447 in
3314 4392 3525 4460 Anaplo

1957 4488 2301 4553 conscendit,
2339 4499 2396 4543 et
2429 4487 2616 4542 Matris
2664 4488 2877 4543 Domini
2913 4502 3067 4543 sacra
3097 4488 3267 4541 vestis
3310 4485 3525 4555 Cpolim

1957 4588 2041 4634 est
2069 4579 2252 4635 allata.
2284 4577 2395 4635 Leo
2424 4594 2656 4651 magnus
2680 4578 2865 4636 edicto
2894 4580 3039 4634 cavit
3070 4593 3139 4635 ne
3172 4576 3303 4648 quid
3337 4577 3524 4632 Domi-

286 4690 456 4741 γανα,
493 4672 629 4725 ἀλλὰ
655 4673 863 4737 πάντας
892 4677 1005 4738 τοῖς
1039 4675 1200 4739 θείοις
1236 4676 1645 4746 ὲνασχολεϊσθαι
1678 4682 1851 4744 ναοῖς.
1888 4690 1930 4746 ι)

1888 4690 1930 4746 ι)
1958 4671 2099 4726 nicis
2121 4670 2318 4727 diebus
2343 4672 2529 4742 operis
2556 4670 2731 4736 ﬁeret,
2754 4685 2892 4727 neve
2922 4670 3035 4725 ludi
3060 4671 3339 4725 circenses
3362 4683 3524 4737 pera-

285 4765 429 4822 τότε
473 4764 560 4835 δὴ,
602 4766 718 4818 τότε
751 4765 900 4835 καὶὴ
944 4765 1053 4818 τῶν
1097 4765 1386 4836 Ῥωμαίων
1425 4768 1663 4822 παύεται
1694 4770 1853 4839 βασι-

282 4857 427 4920 λεία.
453 4858 765 4926 Σημείωσαι
791 4857 847 4911 δὲ
876 4858 959 4910 ὅτι
995 4856 1101 4912 ἀπὸ
1140 4857 1420 4929 Ῥωμύλου
1454 4858 1659 4931 ἤρξατο
1686 4859 1850 4930 αὕτη,

285 4950 385 5009 καὶ
421 4948 559 5018 μετὰ
584 4946 680 5019 Ιστ’
717 4950 809 5002 καὶ
836 4954 883 5015 γ’
917 4948 1010 5018 ἐτη
1044 4949 1100 5002 ὲν
1143 4947 1407 5021 Ῥωμύλῳ
1428 4950 1593 5005 πάλιν
1636 4951 1852 5006 πίπαυο

282 5057 403 5104 ται,
459 5038 802 5112 κρατούντων
858 5040 1036 5093 ἐκεῖσε
1087 5042 1231 5111 μετὰ
1283 5041 1457 5097 ταῦτα
1511 5044 1695 5116 ρηγῶν
1760 5062 1858 5115 με·

282 5128 565 5199 γιστάνων
636 5130 729 5184 καὶ
807 5129 922 5185 ὅσοι
990 5130 1223 5187 τοιοῦτοι
1294 5133 1586 5208 χωράρχαι
1648 5135 1857 5210 βάρϐα-

284 5241 376 5295 ροι
406 5221 543 5295 (se).

366 5566 482 5638 (82)
531 5562 879 5640 ll_ic__desinit
932 5565 1068 5640 alter
1116 5580 1151 5640 _c
1192 5566 1628 5640 Claromontanis
1675 5569 1857 5640 Glycm

289 5634 425 5694 mss.
463 5634 772 5706 codicibus,
818 5650 928 5706 quo
986 5636 1286 5706 plurimum
1344 5639 1427 5693 usi
1475 5654 1709 5703 sumus;
1744 5634 1855 5697 'sed

292 5654 425 5694 mss.
463 5652 772 5697 couicinus,
818 5652 928 5758 quo
986 5652 1286 5706 plurimum
1344 5654 1427 5693 usi
1475 5654 1709 5703 sumus;
1761 5652 1855 5697 sed

292 5707 566 5778 nonnulla
613 5705 778 5778 habet
862 5722 892 5759 e
945 5717 1153 5778 septem
1190 5708 1416 5778 synodis
1449 5709 1859 5764 univcrsalilius

285 5793 397 5841 suo
429 5776 692 5848 deinceps
733 5774 854 5833 loco
893 5774 1021 5833 non
1047 5774 1368 5834 omittenda.
1417 5779 1642 5835 Interim
1674 5796 1862 5836 mone-

1956 4772 2238 4835 gerentur,
2262 4778 2401 4820 neve
2428 4764 2637 4819 musica
2670 4763 3031 4819 instrumenta
3063 4768 3406 4821 resonarent,
3431 4758 3525 4813 sed

1959 4870 2153 4911 omnes
2198 4854 2367 4913 rebus
2406 4854 2609 4909 divinis
2657 4854 2911 4924 occupati
2960 4860 3166 4909 essent.
3215 4852 3524 4906 Romanum

1960 4949 2253 5020 imperium
2287 4948 2341 5003 id
2372 4948 2634 5021 temporis
2676 4963 2908 5019 prorsus
2936 4946 3266 5003 exstinctum
3301 4953 3357 4997 et
3391 4942 3526 4996 abo-

1956 5042 2117 5101 litum
2169 5050 2274 5096 est.
2321 5041 2500 5110 Atque
2548 5039 2641 5096 hic
2698 5038 2835 5093 mihi
2886 5036 3125 5103 notabis,
3170 5034 3301 5090 illud
3349 5036 3526 5104 ipsum

1960 5132 2254 5204 imperium
2290 5147 2321 5187 a
2354 5132 2590 5188 Romulo
2618 5130 2834 5186 initium
2860 5128 3119 5185 habuisse
3147 5141 3213 5182 ac
3238 5134 3363 5197 post
3392 5125 3531 5180 1505

1962 5242 2140 5283 annos
2168 5224 2358 5281 itidem
2382 5224 2486 5281 sub
2515 5224 2753 5280 Romulo
2790 5222 3039 5293 principe
3072 5220 3363 5276 deiecisse.
3388 5216 3524 5277 Nam

1965 5318 2223 5388 deinceps
2248 5316 2374 5371 istic
2401 5330 2581 5386 reges,
2608 5314 2888 5385 principes
2910 5313 3114 5383 aliique
3141 5310 3279 5371 tales
3308 5306 3528 5364 barbari

1962 5416 2241 5464 certorum
2272 5406 2522 5463 locorum
2551 5405 2758 5461 domini
2790 5420 2973 5462 rerum
3007 5403 3166 5476 potiti
3200 5411 3350 5457 sunt.

1963 5570 2145 5625 bimus
2193 5568 2246 5624 in
2297 5568 2489 5625 codice
2521 5569 2563 5624 F
2592 5585 2702 5626 non
2751 5569 2817 5626 l8
2871 5570 2968 5626 sed
3017 5570 3082 5623 l7
3115 5568 3286 5626 Leoni
3321 5568 3529 5625 seniori

1964 5655 2140 5713 annos
2189 5639 2379 5713 tribui,
2424 5641 2545 5710 ejus
2593 5656 2829 5713 veroex
2895 5640 3003 5695 lilia
3052 5641 3239 5709 nepoti
3282 5639 3534 5713 Zenpnis

1969 5710 2079 5789 lilio
2110 5710 2303 5787 Leoni,
2340 5702 2472 5766 ιιοη⁷
2499 5726 2675 5767 annos
2720 5710 2883 5779 duos,
2918 5712 3014 5769 sed
3065 5702 3235 5766 unum
3264 5702 3529 5767 duntaxat

1965 5794 2257 5851 assrgnan.
