4212 6448
302 414 401 484 501

1500 423 1936 517 .ANNALIUM
1983 423 2173 482 PARS
2211 422 2322 482 IV.

3397 410 3520 476 ’502

296 531 490 597 μισθοῦ
549 532 642 586 καὶ
691 535 912 602 μνήμης
956 535 1168 601 ἕνεκεν,
1203 537 1376 600 άλλως
1408 538 1464 591 δὲ
1510 539 1653 608 οὐχί.
1693 559 1711 589 s
1744 539 1852 593 Kal.
1878 539 1926 600 Α

1978 537 2179 590 :usabat
2221 535 2479 590 vendere.
2530 534 2677 590 lianc
2727 533 2816 588 ubi
2858 550 2947 587 rex
2999 531 3111 601 ipsc
3154 528 3521 586 convenisset,

295 621 441 674 ἔστιν
476 622 607 675 αὐτὸ
645 626 704 676 τὸ
744 627 1175 693 σκευοφυλάκιον
1215 629 1313 682 σὺν
1335 629 1413 700 τῷ
1442 630 1584 699 ἁγίῳ
1621 632 1808 700 Πέτρῳ
1835 645 1850 659 ·

293 708 439 777 οἶκος
491 715 679 785 ἔτερος
733 715 1007 787 Ἀντιόχου
1070 720 1349 790 ὀστιαρίου
1398 723 1717 794 ἀπετιμήθη
1776 721 1855 774 λί-

293 819 431 873 τρας
486 806 588 874 λη’,
614 807 731 861 ἀλλ’
764 809 928 872 αὐτὸς
979 812 1080 865 οὐκ
1123 811 1374 866 ἐϐούλετο
1405 814 1654 881 πωλῆσαι
1700 814 1852 876 αὐτό,

309 893 536 963 Ἥθύμει
581 898 609 951 6
655 897 932 967 βασιλεὺς,
965 900 1052 968 ἐφ’
1092 898 1134 966 ᾧ
1181 905 1277 954 καὶ
1324 901 1626 971 μάγιστρὸς
1662 919 1746 964 τις
1794 902 1857 953 τὸ

296 989 530 1056 πρᾶγμα
586 991 1049 1059 μεταχειρῖζεται.
1092 991 1346 1044 Τελείται
1397 992 1642 1056 ἱππικὸν,
1693 1009 1858 1060 φρου-

288 1082 473 1149 -ρεῐται
521 1082 550 1133 6
591 1080 895 1149 ’Δντίοχοςο
935 1081 1077 1150 μέγα
1107 1082 1229 1151 βοᾷ,
1298 1099 1317 1133 ι
1354 1083 1418 1134 El
1473 1081 1744 1150 θεάσομαι
1796 1083 1856 1134 τὸ

298 1170 524 1222 ίππικδν
587 1189 607 1222 ι
669 1173 898 1242 (σφόδρα
952 1175 1046 1224 καὶ
1098 1173 1274 1239 έφίλει
1323 1173 1481 1235 αὑτδ,
1536 1174 1627 1224 καὶ
1685 1172 1855 1224 ταῦτα

295 1260 634 1327 φιλοσένετος
658 1261 776 1332 ὢν),
804 1282 823 1316 ι
852 1263 912 1316 τὸ
931 1264 1024 1317 τοῦ
1050 1264 1310 1330 βασιλέως
1332 1266 1541 1334 ποιήσω
1570 1265 1799 1334 θέλημα.
1831 1284 1848 1316 ι

297 1347 510 1427 Γίνεται
541 1349 736 1412 ταῦτα,
769 1352 863 1404 καὶ
892 1354 950 1408 ἐν
977 1352 1127 1421 αὐτῷ
1155 1353 1230 1420 τῷ
1267 1353 1531 1422 βασιλικῷ
1558 1354 1856 1422 καθίσματι

296 1437 391 1488 τοῦ
461 1439 850 1508 διαληφθέντος
918 1443 1070 1494 οῑκου
1129 1444 1162 1508 ἠ
1233 1443 1528 1512 διάπρασις
1610 1444 1856 1510 γέγονεν.

310 1526 474 1581 Ἀλλά
514 1532 608 1582 καὶ
636 1532 723 1586 διὰ
774 1533 836 1585 τδ
867 1533 941 1604 μὴ
998 1533 1340 1604 βλασφημεῖν
1378 1534 1504 1595 τοὺς
1548 1534 1724 1584 ἐκεῖσε
1759 1533 1858 1584 κάο

299 1631 534 1686 μνοντας
559 1621 802 1691 νουμμία
829 1625 966 1692 πρὸς
985 1621 1230 1693 ἑσπέραν
1261 1622 1484 1691 ὲμίγνυε
1517 1624 1590 1690 τῷ
1611 1622 1852 1691 χώματι.

301 1711 398 1763 καὶ
437 1711 786 1780 εὑρίσκοντες
815 1716 954 1770 αὐτὰ
990 1716 1128 1785 μετὰ
1150 1716 1323 1785 χαρᾶς
1355 1713 1687 1784 ὑπεχώρουν.

1958 627 2047 683 illa
2099 643 2225 696 rege
2268 634 2611 696 conspecto:
2654 645 2672 678 ι
2713 625 2985 685 Gratuito,
3040 623 3240 688 inquit,
3296 620 3519 672 (lenium

1957 734 2132 773 meam
2169 733 2499 779 concessura
2535 733 2682 782 sum,
2713 733 2820 771 non
2855 717 3019 770 aliter
3051 729 3213 783 quam
3255 711 3525 765 mercedis

1957 818 2013 864 et
2060 810 2334 863 memoria:
2367 824 2553 864 causa.
2588 827 2606 860 ι
2648 809 2778 874 Qua:
2811 807 3030 878 quidem
3063 805 3258 858 domus
3302 820 3369 856 co
3405 804 3526 855 loco

1958 903 2167 958 exstitit
2213 902 2304 956 ubi
2342 920 2488 958 nunc
2541 917 2822 957 sacrorum
2875 916 3128 955 vasorum
3179 914 3349 968 penus
3430 904 3517 949 est

1963 1011 2087 1055 eum
2114 1005 2305 1054 sancto
2335 996 2520 1050 Petro.
2546 994 2673 1048 Erat
2712 995 2817 1048 alia
2850 1008 3072 1062 quoque
3105 992 3302 1045 domus
3336 988 3528 1041 Antio-

1961 1087 2048 1139 chi
2079 1087 2313 1147 ostiarii,
2357 1102 2478 1156 qum
2514 1088 2690 1155 pretio
2719 1087 2786 1140 '58
2811 1085 3073 1138 librarqu
3106 1084 3478 1136 mstimabatnr
3510 1095 3524 1130 :

1961 1194 2151 1232 verum
2169 1187 2239 1258 .et
2268 1177 2359 1231 ille
2391 1193 2448 1232 sc
2480 1177 2830 1231 venditurum
2863 1175 3112 1246 negabat.
3143 1173 3217 1227 Ea
3249 1187 3334 1225 res
3360 1173 3530 1237 impe-

1962 1271 2130 1326 ratori
2189 1269 2513 1338 permolesta
2575 1284 2698 1324 cum
2761 1267 2923 1332 foret,
2983 1267 3240 1334 magister
3303 1263 3526 1332 quidam

1961 1357 2274 1425 hujusmodi
2302 1359 2509 1411 ratione
2536 1359 2700 1428 268
2729 1373 2851 1411 cum
2881 1357 3156 1412 Antiocho
3186 1370 3347 1423 agere
3375 1353 3532 1406 insti-

1962 1447 2085 1500 tuit.
2114 1446 2246 1499 Ludi
2278 1457 2561 1515 equestres
2593 1447 3012 1516 peragebantur,
3044 1461 3167 1500 cum
3197 1444 3526 1497 Antiochum

1963 1539 2015 1590 in
2054 1538 2355 1592 custodiam
2405 1537 2520 1592 dari
2559 1538 2826 1608 praecipit.
2861 1538 2998 1593 Tum
3039 1538 3131 1591 ille
3180 1537 3438 1594 clamare.
3483 1533 3527 1587 si

1963 1629 2523 1699 potes'asmpectandi
2552 1629 2712 1685 ludos
2751 1639 3032 1699 equestres
3078 1629 3182 1683 sibi
3220 1629 3397 1690 ﬁeret,
3429 1641 3530 1677 vo-

1961 1717 2155 1773 luntati
2205 1736 2262 1774 se
2299 1721 2647 1789 imperatoris
2690 1723 3198 1790 obtemperaturum
3236 1736 3250 1772 :
3289 1734 3413 1771 nam
3459 1717 3530 1771 iis

299 1812 530 1866 miriﬁce
582 1811 992 1876 oblectabatur,
1047 1821 1103 1867 et
1160 1813 1522 1868 Venetorum‘
1564 1812 1863 1880 praesertim
1905 1814 2156 1883 partibus
2204 1815 2615 1870 addictissimus
2693 1825 2833 1872 erat.
2905 1816 3166 1885 lmpetrat
3210 1830 3340 1884 ergo
3386 1811 3533 1882 quod

300 1908 539 1971 volebat,
558 1916 615 1962 et
638 1907 706 1964 ad
734 1910 910 1979 ipsum
976 1907 1117 1964 adeo
1180 1909 1362 1964 locum
1393 1908 1542 1962 sellae
1571 1909 1933 1978 imperatoria:
1972 1909 2165 1965 domus
2196 1910 2433 1966 indicata
2458 1910 2732 1967 venditur.
2764 1911 2936 1966 Etiam
2967 1913 3111 1967 aliud
3139 1910 3401 1981 quiddam
3441 1909 3535 1964 Juv

300 2002 573 2068 stinianus
621 2003 988 2078 escogitabat.
1043 2002 1260 2059 Etenim
1319 2011 1377 2056 ut
1431 2003 1705 2071 operarii,
1761 2004 1855 2072 qui
1894 2003 2220 2058 laborabant
2262 2005 2317 2058 in
2365 2004 2742 2059 construendo
2814 2005 3040 2076 templo,
3078 2005 3216 2059 eitra
3279 2003 3536 2073 querelas

300 2104 358 2152 et
418 2096 665 2159 convicia
723 2098 968 2161 facerent
1006 2095 1266 2162 oﬂicium,
1320 2095 1635 2150 nummulos
1665 2096 1933 2166 quosdam
1979 2110 2202 2167 vespere
2249 2102 2536 2172 spargebat
2586 2101 2641 2157 in
2695 2100 2874 2164 lossia,
2909 2099 3110 2168 quibus
3169 2097 3244 2151 illi
3301 2093 3536 2166 repertis

303 2190 507 2252 hilares
535 2189 915 2256 discedebant.

385 2287 477 2343 Ἑν
509 2287 692 2356 ήμέρᾳ
719 2284 1004 2338 Σαϐϐάτου
1059 2283 1198 2355 πρὸς
1248 2285 1307 2344 τὸ
1351 2283 1574 2354 άριστον
1621 2281 1865 2351 ἀπῆλθον
1899 2284 1942 2342 Β

1978 2289 2014 2336 _‘
2047 2282 2259 2338 Accidit
2287 2283 2582 2355 aliquando
2610 2292 2671 2338 ut
2723 2281 2811 2336 die
2845 2280 3067 2336 Sabbati
3120 2277 3186 2332 ad
3243 2278 3534 2348 prandium

301 2383 390 2438 διὰ
441 2383 641 2451 τάχους
689 2380 739 2434 οί
773 2380 1095 2451 κάμνοντες,
1122 2380 1212 2442 τὸν
1245 2379 1338 2434 τοῦ
1375 2380 1864 2454 πρωτομαῖστὸρου

305 2477 423 2528 υίδν
468 2474 698 2543 ἀφέντες
745 2475 826 2537 είς
881 2471 1127 2541 φυλακὴν
1173 2475 1273 2539 τὴν
1328 2473 1647 2542 ἐργαλείων.
1691 2473 1866 2536 Εὐθὺς

307 2569 595 2637 ἐφίσταται
630 2567 882 2635 ἄγγελος,
911 2566 1185 2638 χολοῦται,
1220 2567 1430 2635 ⁴πέμπει
1464 2566 1600 2634 πρὸς
1625 2567 1869 2630 ἐκείνους

308 2661 504 2714 αὐτόν·
538 2661 564 2713 6
593 2659 636 2713 6’
664 2660 725 2711 οὐ
753 2659 1024 2712 πείθεται.
1055 2660 1324 2726 Ὂιινυσιν
1358 2659 1385 2710 6
1409 2659 1643 2726 ἄγγελος
1665 2675 1681 2689 ’
1722 2677 1739 2709 ι
1776 2660 1868 2723 ιιιᾶ

307 2755 409 2819 τὴν
461 2753 624 2819 ἁγίαν
659 2751 854 2822 σοφίαν
893 2753 990 2824 τὴν
1037 2751 1129 2806 νῖν
1171 2750 1523 2821 κτιζομένην,
1555 2752 1677 2821 ἥτις
1722 2754 1870 2807 έστὶν

304 2849 333 2901 6
364 2847 517 2912 λόγος
551 2847 645 2898 τοῦ
696 2846 854 2910 Θεοῦ,
909 2848 1008 2900 οὐκ
1053 2848 1362 2916 ἀφίσταμαι
1391 2844 1500 2898 τῶν
1540 2840 1663 2908 ὧδε,
1698 2849 1745 2899 εί
1795 2847 1870 2919 μὴ

342 2938 550 3007 αλήσας
600 2941 842 3002 ἐκείνους
877 2941 1261 3009 ὑπεστρὲψεις.
1318 2959 1336 2993 s
1381 2941 1658 3009 Μηνύεται
1697 2939 1871 2995 ταῦτα.

308 3031 390 3098 τῷ
439 3030 672 3099 βασιλεῖ.
727 3032 1007 3084 Στέλλιται
1045 3032 1278 3100 ἀλλαχοῦ
1330 3035 1357 3087 6
1405 3034 1514 3086 τῶν
1569 3035 1872 3102 έργαλείων

309 3123 486 3189 φύλαξ
541 3129 700 3192 χάριν
731 3123 822 3175 τοῦ
857 3124 930 3192 μὴ
964 3123 1054 3178 τὸν
1085 3123 1227 3177 θετον
1258 3125 1468 3178 ἐκεῖθεν
1517 3127 1871 3197 ἀναχωρῆσαι

308 3214 564 3280 ᾇγγιλον.
610 3214 719 3270 Καὶ
765 3212 921 3275 αὖθις
959 3215 1088 3284 περὶ
1136 3215 1205 3268 τὰ
1247 3216 1372 3284 τέλη
1419 3217 1510 3270 τοῦ
1552 3218 1870 3287 κτίσματος,

310 3303 649 3372 ἀθυμοῦντος
677 3303 770 3357 τοῦ
804 3303 1069 3374 βασιλέως
1097 3308 1321 3376 χρυσίου
1346 3308 1555 3372 ἕνεκεν,
1588 3312 1874 3378 ἐφίσταταί

311 3411 397 3454 τις
441 3393 690 3461 εὐνοῦχος
739 3394 914 3460 λέγων
957 3394 1140 3464 αὐτῷ·
1181 3413 1199 3450 t
1239 3396 1340 3459 Δός
1391 3416 1480 3467 μοι
1527 3399 1871 3469 ἀνθρώπους,

314 3485 411 3546 καὶ
446 3483 666 3554 παρέξω
693 3502 776 3537 σοι
809 3487 1031 3554 χρυσίον
1060 3487 1266 3542 ἱκανόν.
1311 3508 1329 3540 ι
1387 3491 1493 3544 Καὶ
1523 3494 1551 3544 6
1580 3493 1678 3560 μὲν
1704 3493 1873 3562 άπερ.

313 3593 496 3675 χεται,
530 3577 578 3627 el
606 3576 663 3675 δέ
698 3575 1107 3675 ἀκολουθοῦσιν.
1153 3578 1385 3646 Ὀρῶσιν
1439 3583 1717 3651 οίκήματα
1742 3584 1872 3650 λαμο
1902 3618 1945 3675 c

312 3668 447 3736 πρά,
495 3667 715 3735 χρυσίον
765 3665 851 3719 ἐπ’
899 3668 1093 3734 ἔδαφος
1132 3669 1289 3725 πολύ.
1329 3670 1713 3738 Λαμῦἀνουσιν
1744 3671 1880 3722 ὡσεὶ

313 3762 648 3829 κιντηνᾲρια
686 3768 761 3824 π’,
794 3761 888 3813 καὶ
913 3761 1369 3836 ὑποστρέφουσιν.
1413 3764 1808 3832 Ἀπαρτίςεται
1848 3763 1876 3813 6

309 3852 538 3921 τροῦλος
567 3852 708 3920 μετὰ
747 3850 997 3921 βησάλων
1037 3853 1256 3922 κούφων
1291 3855 1490 3924 πάντη,
1518 3854 1580 3913 οὐ
1615 3854 1721 3924 μὴν
1754 3871 1877 3907 me:

310 3943 632 4014 σηροειδῶν,
691 3943 837 3996 καθά
873 3943 1020 4006 τινές
1085 3961 1239 4012 φασι.
1290 3947 1538 4001 Τελείται
1582 3947 1642 3999 τ’)
1683 3946 1878 4014 ῐδαςρος

310 4035 398 4089 διὰ
433 4036 736 4106 μαργάρων
767 4036 1181 4105 πεικιλοχρόων,
1215 4037 1258 4089 ὼ
1291 4037 1568 4106 ιόρᾶσθαι,
1603 4038 1878 4091 Θάλασσαν

311 4131 593 4198 ἄντικρυς.
628 4128 732 4182 Τὸν
763 4127 818 4180 δέ
854 4145 916 4194 γε
954 4128 1177 4196 βασιλέα
1208 4129 1530 4199 βουλόμενον
1584 4131 1644 4182 τὸ
1684 4132 1878 4198 ἔδαφος

314 4223 413 4275 καὶ
441 4220 580 4273 αὐτὰ
609 4221 676 4273 τὰ
717 4221 920 4286 πλάγια
961 4221 1382 4289 καταχρυσῶσαι
1426 4223 1696 4275 κωλύουσί
1735 4241 1878 4286 τινες

318 4313 720 4383 μαθηματικοὶ,
779 4313 1031 4381 λέγοντες
1077 4315 1158 4365 ὅτι
1215 4314 1301 4366 ἐπ’
1354 4316 1598 4383 ἐσχάτων
1639 4313 1879 4382 βασιλεῖς

311 4403 628 4457 ἐλεύσονται
659 4401 891 4470 πένητες
918 4400 1011 4452 καὶ
1045 4400 1394 4468 έκδαφιοῦσιν
1437 4401 1599 4455 αὑτά.
1635 4401 1695 4453 '0
1728 4402 1783 4453 δέ
1814 4420 1877 4470 γε

312 4492 508 4558 ᾰμόων
545 4491 640 4542 καὶ
671 4493 703 4559 ἡ
728 4491 930 4543 σωλαία
957 4491 1099 4543 πάνυ
1141 4490 1412 4560 λαμπρῶς
1443 4493 1875 4545 κατεσκεύαστο·

312 4585 509 4655 χρόνου
545 4584 653 4652 γὰρ
687 4583 892 4637 πάκτον
930 4584 1027 4650 τῆς
1077 4583 1352 4650 Αἰγύπτου
1390 4585 1467 4648 είς
1512 4584 1652 4638 αὐτὰ
1709 4603 1880 4638 κατα-

312 4675 604 4728 δαλλουσιν
647 4676 815 4744 ἤγουν
848 4681 894 4744 ρ’
919 4680 964 4743 ρ’
995 4682 1039 4726 τ’
1070 4677 1110 4738 ξ’
1141 4676 1232 4728 καὶ
1268 4674 1329 4729 ε’.
1373 4677 1430 4728 ’0
1461 4677 1516 4729 δὲ
1553 4679 1673 4738 ναὸς
1705 4679 1882 4747 άπαρ-

313 4768 522 4833 τέξεται
549 4767 692 4835 ᾇπας
717 4769 775 4830 έν
802 4768 1014 4836 χρόνοις
1041 4769 1431 4826 ἑπτακαίδεκα.
1459 4770 1611 4822 Μετὰ
1626 4769 1682 4822 δὲ
1715 4770 1882 4824 ταῦτα

313 4861 540 4927 λέγεται
562 4859 653 4912 τὸν
671 4859 1052 4914 Ίουστινιανὸν
1079 4859 1323 4916 ἀνελθεῖν
1354 4863 1464 4914 ἀπὸ
1496 4860 1588 4914 τοῦ
1617 4861 1877 4916 παλατίου

1968 2374 2397 2445 citius’operarii
2433 2375 2803 2436 discederent,
2857 2371 3268 2442 protomaistori
3329 2370 3438 2423 lilio
3467 2369 3533 2424 ad

1969 2467 2461 2522 instrumentorum
2518 2465 2828 2522 custodiam
2885 2463 3097 2517 relicto.
3147 2462 3264 2517 Mus
3316 2460 3539 2529 angelus

1968 2559 2206 2620 accedit,
2240 2569 2296 2614 et
2355 2556 2802 2629 indignabundus
2845 2554 3125 2609 hominem
3157 2552 3224 2606 ad
3257 2551 3538 2619 operarios

1971 2654 2122 2708 abire
2175 2651 2348 2724 jubet.
2399 2651 2478 2706 Eo
2535 2667 2640 2703 non
2695 2649 3111 2717 obtemperante
3143 2643 3532 2714 jusjurandum

1966 2745 2151 2802 verbis
2212 2743 2522 2814 hujusmodi
2583 2741 2858 2810 concipit:
2914 2757 2932 2790 ι
2980 2739 3079 2793 Per
3135 2745 3538 2791 sacrosanctam

1969 2837 2093 2907 juro
2129 2833 2470 2904 sapientiam,
2509 2847 2628 2901 qua:
2683 2844 2828 2882 nunc
2882 2828 3208 2890 exstruitur,
3252 2827 3341 2879 Dei
3379 2823 3542 2876 nimi-

1973 2913 2093 2982 rum
2145 2939 2482 2984 sermonem,
2519 2923 2645 2976 hinc
2683 2935 2767 2975 me
2806 2919 2969 2988 prius
3000 2934 3107 2972 non
3163 2914 3536 2970 discessurum

1975 3033 2135 3090 quam
2163 3026 2219 3071 tu
2252 3032 2347 3070 eos
2380 3015 2650 3068 allocutus
2666 3012 2772 3065 huc
2804 3009 3065 3065 redieris.
3098 3027 3115 3059 ι
3146 3008 3273 3070 Oure
3298 3023 3420 3059 eum
3456 3020 3542 3057 re-

1976 3109 2224 3168 nuntiata
2261 3105 2572 3176 imperatori
2599 3113 2802 3168 essent,
2856 3103 2964 3157 alio
3018 3100 3296 3155 custodem
3336 3098 3540 3151 instruo

1977 3217 2284 3264 mentorum
2321 3199 2607 3269 ablegavit.
2641 3213 2709 3251 ne
2736 3195 2954 3250 divinus
2992 3192 3216 3262 angelus
3247 3191 3303 3244 ill
3330 3205 3395 3244 nc
3420 3189 3534 3242 dis-

1973 3301 2216 3359 cederet.
2265 3297 2501 3353 Rursum
2541 3289 2634 3347 ubi
2678 3297 2951 3345 structura
2985 3284 3375 3356 propemodum
3396 3287 3544 3335 esset

1975 3394 2039 3449 ad
2076 3392 2234 3446 linem
2269 3388 2555 3460 perducta,
2593 3383 2924 3453 imperatore
2969 3376 3035 3429 de
3090 3388 3224 3427 auro
3270 3371 3542 3431 sollicito,

1975 3485 2196 3556 quidam
2225 3481 2514 3535 eunuchus
2567 3476 2634 3531 ad
2688 3489 2813 3529 eum
2843 3469 3073 3525 veniens
3134 3467 3283 3519 viros
3337 3462 3544 3531 aliquot

1977 3553 2194 3645 adjungi
2231 3575 2330 3629 sibi
2355 3575 2537 3643 jubet;
2579 3568 2780 3639 quippe
2803 3567 2936 3618 satis
2967 3559 3086 3614 auri
3119 3573 3176 3612 sc
3224 3553 3543 3622 imperatori

1979 3670 2477 3742 suppeditaturum.
2539 3663 2707 3734 Igitur
2737 3661 2889 3715 illum
2953 3657 3242 3711 abeuntem
3298 3645 3545 3703 nonnulli

1979 3740 2224 3817 comitati
2286 3757 2572 3828 splendida
2605 3753 2850 3825 quaedam
2897 3746 3124 3804 aedilicia
3157 3740 3543 3810 conspiciunt,

1979 3865 2243 3917 eteorum
2301 3851 2354 3904 in
2390 3849 2700 3919 pavimento
2749 3845 2858 3899 vim
2882 3840 3000 3898 auri
3041 3836 3367 3905 maximam;
3403 3829 3548 3908 unde

1978 3960 2104 4002 cum
2131 3942 2475 4003 centenarios
2503 3940 2625 4010 plus
2657 3937 2838 3994 minus
2860 3935 3136 4007 octoginta
3160 3930 3551 4012 sumpsissent,

1981 4047 2354 4094 revertuntur.
2404 4036 2542 4097 Hinc
2576 4034 2826 4089 absoluta
2866 4031 3026 4085 trulla
3060 4045 3183 4083 cutn
3220 4027 3421 4083 besalis
3453 4026 3553 4081 ad:

1980 4129 2202 4184 modum
2260 4126 2494 4190 levibus,
2530 4141 2636 4180 non
2669 4134 2847 4179 tamen
2895 4123 3178 4194 pumiceis,
3216 4121 3291 4174 uti
3320 4119 3548 4189 quidam

1980 4222 2222 4276 tradunt.
2280 4219 2468 4273 Itidem
2520 4217 2892 4288 pavimentum
2945 4232 3013 4271 ex
3077 4213 3279 4268 diversi
3341 4211 3551 4273 coloris.

1981 4313 2277 4368 unionibus
2313 4310 2634 4381 perfectura,
2672 4319 2731 4363 ut
2759 4325 2908 4362 mare.
2936 4306 3210 4377 quoddam
3250 4303 3398 4358 cerni
3429 4320 3545 4356 om.-

1980 4405 2112 4460 nino
2142 4403 2442 4457 videretur.
2486 4401 2809 4454 Decreverat
2835 4399 3054 4468 quidem
3093 4399 3390 4466 imperator
3445 4395 3558 4448 hoc.

1980 4495 2349 4568 pavimentum
2374 4504 2428 4548 et
2450 4494 2564 4564 ipsa
2591 4493 2760 4546 latera
2787 4490 3078 4552 deaurare,
3114 4503 3304 4542 verum
3345 4487 3411 4539 ab
3448 4486 3561 4539 hoc

1981 4587 2233 4646 instituto
2267 4583 2591 4654 quibusdam
2625 4599 2654 4637 a
2683 4578 3085 4637 mathematicis
3115 4587 3198 4632 est
3229 4586 3557 4644 revocatus;

1981 4693 2106 4732 nam
2153 4674 2446 4746 postremis
2484 4673 2633 4743 regni
2682 4669 3025 4740 temporibus
3073 4666 3291 4722 aiebant
3340 4664 3555 4718 futuros

1983 4772 2346 4840 imperatores
2379 4763 2676 4820 admodum
2734 4775 3023 4831 pauperes,
3067 4758 3159 4830 qui
3217 4772 3354 4812 auro
3402 4755 3556 4824 pavl-

1984 4870 2224 4926 mentum
2257 4869 2419 4928 atqne
2440 4859 2610 4912 latera
2634 4853 2921 4924 spoliaturi
2952 4858 3156 4915 essent.
3223 4853 3550 4919 Suggestutu

319 4953 452 5020 άχρι
510 4950 606 5003 τοῦ
640 4949 1049 5018 Δὺγουστιὼνος
1098 4953 1154 5017 ὲν
1190 4952 1397 5021 ἆρματι
1442 4952 1730 5024 τεθρίππῳ
1786 4956 1882 5010 καλ⁸
1918 4947 1945 5005 Ι]

1989 4969 2114 5013 cum
2148 4951 2295 5019 solea
2321 4947 2765 5020 splendidissime
2811 4943 3101 5006 exstruxit,
3135 4941 3338 5011 quippe
3387 4941 3556 5033 totius

321 5040 629 5099 είσοδεῦσαι
664 5043 800 5110 μετὰ
828 5041 926 5103 τοῦ
967 5044 1312 5112 πατριάρχου
1350 5045 1638 5114 Εὑτυχίου,
1671 5049 1768 5102 καὶ
1802 5047 1890 5101 sti-.-

319 5129 655 5198 χα-ριστῆσαι
697 5129 776 5198 τῷ
813 5129 956 5199 Θεῷ,
989 5129 1057 5188 δι’
1102 5126 1161 5190 οὗ
1199 5130 1260 5183 τὸ
1295 5131 1537 5202 τοιοῦτον
1577 5132 1740 5203 έργον
1771 5134 1888 5188 ἐτέ-

318 5220 442 5278 λεσε
476 5221 612 5288 πρὸς
644 5221 756 5279 τοῖς
799 5220 998 5284 ἄλλοις.
1033 5218 1168 5274 Eius
1237 5221 1295 5274 δὲ
1335 5224 1430 5275 καὶ
1460 5223 1618 5275 τοῦτο
1640 5239 1654 5255 ο
1691 5243 1709 5277 ι
1753 5226 1891 5285 Ἐνί-

318 5309 470 5377 ιησά
509 5326 590 5373 σε,
633 5309 906 5379 Σολομῶν.
966 5330 984 5364 s
1027 5311 1191 5370 Ἀὶλὰ
1247 5311 1341 5378 καὶ
1376 5314 1434 5365 ἰν
1473 5316 1538 5383 τῇ
1598 5317 1884 5388 κινστὲρνῃ

317 5407 388 5475 τῇ
428 5403 699 5484 λεγομένη
751 5402 1004 5473 βασιλικῇ
1075 5406 1276 5474 στήλην
1319 5404 1515 5472 ἔστησε
1574 5404 1668 5462 τοῦ
1725 5408 1884 5460 Σολο-

323 5495 535 5565 μῶντος
581 5496 612 5547 6
673 5495 989 5562 διαληφθεὶς
1055 5494 1310 5564 βασιλεὺς
1373 5496 1666 5566 ἀφορῶσαν
1749 5499 1885 5570 πρός

317 5604 384 5654 γε
449 5586 546 5656 τὴν
607 5585 1053 5657 οίκοδομηθιῖσαν
1111 5589 1357 5656 μεγάλην
1437 5589 1737 5658 έκκλησίαν
1787 5591 1883 5644 τοῦ

316 5676 482 5742 Θεοῦ,
543 5678 638 5731 καὶ
679 5676 989 5746 κρατοῦσαν
1040 5676 1140 5747 τὴν
1190 5679 1418 5747 σιαγόνα
1463 5679 1653 5749 αὐτῆς,
1691 5680 1766 5744 ὡς
1795 5681 1889 5752 δῆ-

319 5769 414 5822 θεν
459 5769 784 5839 ἡττηθέντος
847 5769 942 5823 τοῦ
1003 5769 1346 5838 Σολομῶντος
1380 5770 1474 5826 tul.
1509 5773 1586 5841 τῷ
1626 5773 1889 5842 κτίσματι

321 5861 420 5930 τῆς
451 5861 576 5927 νέας
629 5863 1010 5934 Ἰερουσαλήμ.
1049 5865 1160 5918 Καὶ
1199 5867 1326 5936 περὶ
1371 5864 1468 5935 μέν
1494 5863 1651 5919 τοῦτο
1690 5866 1887 5935 οὕτως.

1985 5045 2113 5112 anni
2139 5059 2204 5098 ex
2239 5041 2468 5126 {Egypto
2501 5038 2713 5106 reditus
2737 5037 2792 5106 in
2829 5037 2943 5090 haee
2967 5035 3257 5104 impendit,
3296 5031 3558 5093 nimirum,

1969 5133 2330 5192 centenarias
2354 5123 2476 5185 365.
2502 5129 2787 5198 Templum
2823 5126 3138 5182 universum
3190 5124 3349 5179 annis
3374 5125 3434 5190 l1
3464 5123 3560 5178 ab-

1985 5227 2226 5282 solutum
2249 5238 2352 5280 est.
2385 5223 2574 5292 Itaque
2611 5220 2955 5283 Justinianus
2999 5217 3215 5280 venisse
3259 5217 3327 5279 de
3356 5217 3564 5287 palatio

1994 5316 2316 5388 perhibetur
2353 5316 2420 5369 ad
2474 5315 2869 5384 Augustionem
2905 5327 3076 5384 usque
3124 5311 3271 5384 (loci
3319 5311 3422 5367 hoc
3457 5325 3559 5366 no-

1992 5424 2117 5462 men
2152 5405 2273 5478 est)
2304 5405 2566 5475 quadriga
2607 5413 2830 5470 vectus;
2862 5419 3079 5473 unaque
3128 5419 3252 5460 cum
3291 5401 3564 5473 Eutychiq

1987 5497 2296 5568 patriarcha
2330 5495 2592 5566 templum
2625 5494 2901 5563 ingressus
2956 5496 3133 5565 egisse
3161 5494 3272 5549 Deo
3310 5495 3512 5565 gratias
3538 5534 3556 5570 ι

1988 5593 2144 5662 cujus
2173 5606 2277 5660 ope
2310 5598 2418 5643 tam
2461 5588 2782 5658 praeclarum
2834 5603 2975 5659 opus
3023 5588 3165 5643 inter
3195 5599 3390 5642 crete-ra
3438 5602 3560 5656 per:

1987 5683 2228 5744 fecisset,
2262 5697 2326 5735 ac
2367 5679 2678 5750 hujusmudi
2727 5678 2964 5749 denique
3011 5679 3178 5734 verba
3226 5680 3560 5750 subjecisse;

1996 5795 2015 5826 ι
2048 5772 2162 5828 Vici
2199 5783 2272 5836 tc,
2304 5771 2546 5826 SOlOIltO.
2584 5791 2603 5823 s
2639 5771 2906 5826 Praeterea
2950 5771 3239 5826 collocavit
3283 5771 3422 5824 idem
3463 5771 3564 5828 im:

1995 5877 2213 5938 perator
2243 5864 2296 5920 in
2330 5863 2590 5928 cisterna,
2631 5879 2752 5934 quas.
2797 5864 3147 5947 imperatoria
3181 5863 3403 5936 dicitur,
3446 5871 3568 5925 sta.C
