4212 6448
285 385 388 449 605

1511 389 1905 450 ANNALIUM
1956 393 2145 452 PARS
2185 397 2292 458 IV.

3409 405 3511 466 506

285 492 762 564 ἐθριαλλόεύοησαν
799 495 1324 563 καυλοτομηοέντες,
1357 498 1688 563 μεγιστᾶνες
1706 495 1832 565 όμοῐ

1945 501 2066 552 dam
2130 502 2440 570 prodigiosa
2500 503 2751 558 faciebat.
2803 508 3071 563 Praztcrca
3127 525 3249 562 cum
3305 515 3503 579 reperti

284 594 371 638 καὶ
397 587 692 652 ἀρχιερεῖς,
726 586 816 637 καὶ
841 584 983 636 οὕτω
1006 586 1398 655 περιαγόμενοι
1444 587 1677 657 οἰκτρῶς
1722 589 1841 652 ἐτετ-

282 678 566 746 λεύτησαν.
601 676 736 729 Κατ’
770 678 944 729 ὲκείνο
970 677 1025 728 δὲ
1067 677 1262 743 καιροῦ
1289 678 1382 730 καὶ
1405 677 1466 730 τδ
1497 680 1640 746 μέγα
1670 680 1838 746 κῆτος

283 770 425 823 ἑάλω
458 769 518 820 τὸ
563 771 641 830 είς
679 768 958 831 ἐνιαυτοὺς
988 767 1087 837 τὴν
1140 769 1442 833 Βυζαντίδα
1491 771 1839 840 κατατρῦχον

297 861 660 928 πεντήκοντα·
711 861 812 922 τὰς
876 859 1014 929 νῆάς
1077 877 1139 912 τε
1199 862 1308 929 γὰρ
1379 862 1702 925 κατεὸύθιξε
1745 863 1840 914 καὶ

277 954 404 1010 τοὺς
442 950 764 1020 ἀνθρώπους
802 949 1130 1021 διέφθειρεν,
1169 945 1212 1020 ᾧ
1287 952 1459 1020 ὄνομα
1510 952 1836 1022 ῐιορφύριος.

279 1044 412 1108 ιιρτὲ
440 1042 568 1110 γοῦν
592 1043 846 1112 δελφῖνας
877 1041 1091 1096 διώκων
1133 1045 1191 1095 ιν
1223 1044 1476 1113 παραλίῳ
1533 1043 1838 1113 κατεσχέθη

276 1133 527 1202 τέλματι,
557 1135 666 1188 τῶν
719 1135 986 1202 δελφίνων
1017 1136 1144 1202 περί⁵
1199 1135 1296 1204 τὴν
1346 1135 1451 1203 γῆν
1497 1135 1840 1205 ὲκπηδησάν-

277 1241 404 1278 των.
441 1223 550 1278 Καὶ
573 1226 748 1289 οὕτως
781 1225 1057 1297 αλώσιμος
1094 1225 1300 1295 γίνεται
1340 1229 1370 1279 ό
1412 1229 1593 1296 πάσης
1636 1228 1840 1281 ἀνώτε-

279 1330 374 1382 ρος
406 1315 652 1384 μηχανῆς
691 1317 969 1384 ἐρώμενος
999 1317 1064 1369 τὸ
1084 1317 1190 1386 πρὸ
1213 1317 1332 1370 τοῦ.
1367 1318 1555 1386 Μῆκος
1602 1320 1700 1388 μὲν
1732 1321 1839 1388 τιή-

277 1420 392 1472 χεις
417 1405 736 1474 τριάκοντα,
769 1407 925 1478 εὖρος
957 1408 1011 1460 δὲ
1039 1409 1232 1477 πήχεις
1256 1409 1390 1460 δέκα
1423 1409 1565 1461 κατὰ
1593 1410 1683 1461 τὸν
1705 1409 1840 1476 Kar-

275 1494 443 1561 σαρέα
477 1497 803 1566 Προκόπιον.

1941 593 2162 660 quidam
2192 605 2374 648 essent
2403 595 2497 648 ἱΙΙῐι
2517 597 2604 650 itis
2634 609 2848 653 utentes
2871 602 3230 668 amplexibus,
3254 613 3507 671 tanquam

1943 682 1997 736 in
2033 684 2308 753 triumpho
2341 702 2440 754 per
2473 687 2686 753 urbem,
2721 692 2953 745 veretris
3001 694 3154 761 prius
3195 698 3506 764 amputatis,

1941 773 2090 829 ducti
2118 785 2266 829 sunt.
2309 777 2513 831 llorum
2551 779 2602 832 in
2635 795 2862 834 numero
2888 785 3112 851 quidam
3145 795 3422 854 maguatcs
3453 799 3509 839 ct

1942 866 2228 932 pontiﬁces
2256 878 2432 931 erant,
2465 871 2556 938 qui
2587 871 2689 926 hoc
2733 875 2891 928 modo
2919 876 3279 930 circumducti
3311 879 3510 932 misere

1946 957 2111 1010 vitam
2141 958 2423 1013 ﬁniebant.
2459 959 2658 1016 Eodem
2686 970 2929 1032 tempore
2971 976 3163 1034 captus
3191 978 3274 1020 est
3323 973 3510 1037 ingens

1946 1046 2037 1100 ille
2079 1059 2248 1112 cetus,
2277 1049 2368 1118 qui
2393 1066 2543 1104 oram
2581 1051 2926 1122 Byzantinam
2974 1067 3118 1110 totos
3148 1074 3320 1111 annos
3348 1061 3510 1128 quin-

1938 1139 2195 1209 quaginta
2231 1153 2555 1207 vexaverat;
2583 1160 2708 1198 nam
2734 1155 2789 1200 et
2815 1162 2982 1200 naves
3017 1151 3330 1218 demergere
3375 1166 3511 1204 cou-

1939 1240 2194 1284 sueverat
2229 1241 2283 1285 et
2331 1233 2582 1289 homines
2640 1238 2891 1305 perdere.
2953 1237 3147 1294 Datum
3205 1244 3256 1295 ei
3311 1259 3506 1297 nomen

1936 1331 2056 1375 erat
2105 1323 2410 1393 Porphyrii.
2469 1327 2606 1380 Cum
2657 1338 2835 1382 autem
2867 1330 3158 1399 delphinos
3212 1334 3509 1403 aliquando

1940 1425 2385 1482 persequeretur,
2417 1417 2468 1469 in
2507 1419 2709 1486 uligine
2738 1423 2874 1474 mari
2908 1422 3112 1485 vicina,
3147 1424 3422 1491 delphinis
3450 1441 3511 1478 se

1938 1505 2004 1557 ad
2057 1514 2256 1558 terram
2289 1507 2655 1575 cjicientibus,
2715 1512 2906 1576 haesit;
2948 1527 3283 1584 quapropter
3313 1526 3507 1585 captus

272 1598 377 1656 est,
408 1603 715 1659 quanquam
751 1599 878 1645 ante
940 1593 991 1645 id
1054 1595 1316 1662 temporis
1355 1596 1506 1648 visus
1541 1594 1732 1650 fuisset
1759 1595 1907 1650 omni
1949 1606 2146 1652 conatu
2181 1610 2236 1652 ct
2267 1602 2673 1670 machinatione
2719 1606 2970 1673 superior
2995 1623 3140 1661 esse.
3188 1606 3509 1676 Longitudi-

272 1694 396 1732 nem
427 1679 620 1735 habuit
672 1682 890 1751 triginta
921 1682 1189 1747 cubitum,
1235 1685 1578 1740 latitudinem
1623 1687 1832 1753 decem,
1874 1690 2332 1757 quemadmodum
2376 1691 2675 1761 Procopius
2704 1695 2794 1748 ille
2818 1694 3172 1750 Caesariensis
3196 1698 3438 1766 scripsit.

343 1800 477 1853 Τότε
507 1801 573 1870 δὴ
596 1801 689 1854 καὶ
713 1802 780 1855 τὰ
823 1804 932 1857 τῶν
961 1803 1152 1873 Σηρῶν
1190 1804 1428 1874 νήματα,
1494 1807 1642 1860 τοῦτ’
1685 1808 1832 1861 ἔστιν

2008 1809 2162 1862 Tunc
2184 1818 2238 1864 et
2269 1810 2464 1865 Serum
2494 1814 2635 1876 telae,
2672 1815 2930 1869 nimirum
2971 1826 3207 1880 melaxa,
3244 1828 3509 1886 ceperunt

273 1895 304 1962 ἠ
337 1894 564 1961 μετάξα,
596 1895 745 1963 παρᾶ
799 1896 1094 1964 Ῥωμαίοις
1120 1897 1323 1966 ἤρξατο
1383 1899 1648 1966 γίνεσθαι.
1681 1902 1834 1953 Κατὰ

213 2047 217 2050 ξ
271 1985 380 2052 γὰρ
416 1987 507 2036 τδν
537 1985 900 2055 διαληφθέντα
939 1987 1248 2057 Προκόπιον
1297 1991 1464 2059 ἤγετο
1513 1991 1611 2050 μὲν
1657 1994 1690 2060 ἡ
1741 2008 1837 2060 με-

270 2081 414 2144 τάξα
449 2080 801 2150 δι’,ὲμπόρων
825 2080 1080 2146 ἐνταῦθα,
1119 2083 1218 2135 ούκ
1249 2083 1580 2150 ἐγινώσκετο
1635 2084 1691 2136 δὲ
1715 2083 1831 2137 οὔθ’

261 2172 419 2236 ’ὅπως
447 2173 656 2238 γίνεται
689 2172 804 2227 οὗθ’
835 2175 916 2226 ὅτι
956 2173 1138 2243 σηρῶν
1168 2175 1388 2244 νήματά
1427 2177 1564 2230 ἐστι.
1595 2178 1836 2245 Μοναχοὶ

270 2262 325 2314 δὲ
352 2261 446 2314 δύο
478 2262 621 2324 τινὲς
655 2261 712 2327 ἐξ
755 2263 946 2326 Ἰνδίας
1002 2263 1248 2327 ὲλθόντες
1284 2264 1385 2335 τὴν
1420 2267 1634 2338 γένεσιν
1667 2269 1834 2336 αὐτῆς

268 2353 624 2424 διηγήσαντο,
645 2356 740 2406 καί
771 2353 1131 2425 ὑπισχνοῦντο
1166 2356 1394 2425 κομίσαι
1435 2357 1527 2409 τὸν
1553 2358 1662 2410 τῶν
1695 2375 1836 2410 σκω-

179 2474 192 2480 ι
271 2445 457 2512 λήκων
484 2447 707 2499 ἐκείνων
735 2448 914 2514 γόνον,
958 2445 1040 2500 ὠὰ
1095 2447 1224 2501 ὄντα
1263 2449 1359 2500 καὶ
1414 2451 1556 2503 πάνυ
1603 2450 1832 2519 σμικρὰ,

270 2539 442 2604 δεῖξαί
481 2556 539 2589 τε
565 2538 860 2608 Ῥωμαίοις
889 2539 1037 2602 ὅπως
1063 2540 1249 2593 ἐκεῖνα
1272 2540 1668 2608 ζωογονοῦνται
1708 2542 1835 2594 θαλ-

268 2632 481 2700 πόμενα
507 2631 600 2683 καὶ
625 2632 703 2690 είς
738 2629 1030 2699 σκώληκας
1072 2630 1526 2701 μεταϐάλλονται,
1554 2633 1651 2686 καὶ
1685 2633 1834 2694 ὅπως

269 2720 664 2791 δημιουργοῦσι
695 2721 793 2791 τὴν
836 2723 1096 2791 μετάξειν.
1137 2725 1202 2776 Ὀ
1233 2723 1297 2793 δὴ
1338 2724 1435 2776 καὶ
1470 2727 1830 2796 πεποιήκασι,

270 2814 441 2868 πολλὰ
475 2816 620 2886 παρὰ
650 2814 742 2867 τοῦ
772 2814 1035 2884 βασιλέως
1077 2816 1556 2886 εὐεργετηθέντες.

346 3015 472 3072 Ἐπὶ
501 3017 702 3088 ταύτης
739 3016 841 3088 τῆς
868 3014 1144 3088 βασιλείας
1169 3018 1262 3071 καὶ
1289 3019 1321 3088 ἡ
1353 3019 1582 3087 πέμπτη
1612 3018 1833 3081 σύνοδος

267 3110 516 3178 γέγονεν,
549 3109 1003 3179 ἀναθεματίσασα
1032 3111 1120 3162 τὸν
1168 3110 1474 3179 Ὠριγένην,
1509 3112 1557 3162 εἱ
1588 3111 1679 3162 καὶ
1729 3110 1834 3162 πά-

269 3205 359 3256 λαι
407 3201 626 3272 ἧκμαζε
687 3202 757 3255 τὰ
805 3201 978 3270 ἀσεσῆ
1027 3201 1218 3256 τούτου
1283 3204 1552 3270 δόγματα,
1603 3203 1831 3270 προσέτι

265 3295 324 3348 δι
359 3295 454 3347 καὶ
497 3293 596 3356 τὰς
636 3293 774 3363 ὑπὲρ
821 3293 916 3346 τοῦ
972 3292 1270 3364 Νεστορίου
1326 3293 1422 3348 τοῦ
1479 3294 1830 3364 Θεοδωρήτου

270 3383 640 3453 συνηγορίας,
699 3382 797 3436 καὶ
855 3381 956 3453 τὴν
1033 3381 1126 3436 τοῦ
1179 3383 1302 3436 Ἰϐα
1380 3383 1703 3455 ἐπιστολὴν,
1770 3382 1836 3454 ἣν

271 3476 411 3544 πρὸς
463 3475 664 3545 Miiqu
715 3475 807 3529 τὸν
873 3476 1090 3545 Πέρσην
1162 3475 1372 3546 ἔγραψε
1445 3476 1707 3545 λέγουσαν
1761 3476 1836 3546 μὴ

267 3565 360 3618 τον
390 3565 521 3618 Θεὸν
552 3566 719 3634 Λόγον
752 3566 815 3619 ὲκ
844 3565 942 3635 τῆς
990 3565 1373 3633 Ἀειπαρθένου
1420 3567 1768 3637 γεννηθῆναι.

347 3750 591 3804 Γίνωσκε
622 3751 701 3817 δὲ,
745 3752 1024 3824 ἀγαπητὲ,
1059 3754 1248 3823 ὃτιτῷ
1293 3753 1526 3823 είκοστῷ
1565 3753 1673 3806 ἔτει
1735 3753 1836 3824 τῆς

275 3843 558 3911 βασιλείας
581 3842 674 3895 τοῦ
714 3844 955 3913 μεγάλου
991 3828 1406 3898 Κωνσταντίνου
1447 3848 1669 3913 γέγονεν
1712 3848 1744 3915 ἡ
1777 3848 1835 3899 ἐν

271 3933 476 4004 Nntan
503 3933 692 4004 πρώτη
731 3934 945 3996 σύνοδος
1036 3935 1139 3987 ὑπὸ
1187 3936 1413 4005 Πατρῶν
1474 3935 1645 4000 ἁγίων
1704 3942 1830 4006 τιη’.

280 4021 568 4091 Ύπῆρχον
631 4022 686 4074 δι
739 4022 1175 4093 προεξάρχοντες
1217 4024 1315 4093 τῆς
1368 4026 1586 4078 συνόδου
1631 4027 1834 4095 ταύτης

271 4114 590 4185 Σίλὸεστρος
611 4116 841 4178 πάππας
881 4115 1119 4186 Ῥώμης,
1148 4118 1517 4188 Μητροφάνης
1544 4121 1834 4172 Κώνσταν-

268 4206 651 4270 τινουπόλεως,
713 4205 1064 4278 Ἀλέξανδρος
1135 4208 1569 4280 Ἀλεξανδρείας,
1630 4210 1834 4264 Εύστά-

270 4296 385 4359 θιος
418 4296 773 4368 ⁸Ἀντιοχείας
808 4299 903 4350 καὶ
924 4299 1210 4367 Μακάριος
1247 4300 1663 4369 Ἰεροσολύμων.
1705 4303 1836 4354 Συν-

265 4387 434 4457 ῆλθον
493 4389 549 4441 δδ
615 4390 762 4441 κατὰ
799 4389 1012 4460 Ἀρείου
1073 4390 1523 4462 βλασφημοῦντος
1572 4395 1663 4446 τὸν
1699 4395 1833 4447 Θεὸν

1937 1897 2080 1966 apud
2137 1899 2409 1954 Romanos
2448 1901 2738 1956 elaborari.
2785 1903 2920 1957 Nam
2953 1912 3014 1957 ut
3048 1905 3140 1958 ille
3185 1906 3325 1973 ipse,
3355 1907 3510 1970 cujus

1937 1990 2272 2043 mentionem
2310 1991 2644 2047 faciebamus
2693 1994 2876 2058 modo,
2915 1995 3216 2064 Proc0pius
3280 1997 3506 2061 indicat,

1936 2080 2315 2134 advehebatur
2342 2083 2563 2151 quidem
2619 2093 2825 2138 mctaxa
2862 2101 2957 2154 per
3003 2099 3339 2144 mercatores
3367 2092 3510 2160 (ἶριν-

1936 2158 2053 2231 lim,
2087 2171 2180 2224 sed
2221 2172 2576 2240 ignorabatur
2604 2177 2883 2244 quomodo
2912 2177 3086 2242 ﬁeret,
3122 2182 3339 2234 nemine
3373 2158 3504 2249 piave-

1937 2268 2084 2315 terea
2139 2262 2347 2316 sciente
2403 2265 2670 2319 vermium
2727 2266 2851 2322 illas
2888 2269 3023 2322 telas
3057 2284 3200 2324 esse.
3258 2271 3507 2326 Monach!

1939 2359 2121 2405 autem
2152 2353 2262 2406 duo
2287 2368 2352 2407 ex
2388 2354 2534 2409 india
2577 2372 2700 2410 cum
2732 2360 3032 2424 venissent,
3087 2361 3356 2430 originem
3391 2379 3508 2418 me-

1935 2449 2074 2495 taxa:
2103 2443 2474 2509 declararunt,
2511 2448 2739 2515 polliciti
2768 2464 2827 2504 se
2879 2450 3071 2504 foetum
3124 2453 3342 2507 illorum
3384 2471 3508 2508 ver-

1937 2531 2127 2593 mium,
2176 2548 2276 2586 ova
2308 2535 2599 2605 perexigua
2645 2538 2874 2602 scilicet,
2908 2540 3190 2605 allaturos,
3219 2545 3509 2601 Romanis-

1936 2637 2044 2691 que
2096 2636 2494 2681 monstraturos
2529 2630 2988 2698 quemadmodum
3021 2633 3110 2686 illa
3136 2635 3370 2690 fovendo
3398 2640 3510 2691 ani-

1937 2724 2078 2767 mata
2114 2715 2171 2768 in
2205 2730 2423 2771 vermes
2446 2729 2729 2774 mutentur
2755 2731 3139 2794 metaxamque
3163 2738 3363 2782 texant.
3396 2728 3506 2783 lloc

1936 2804 2034 2858 ubi
2064 2807 2484 2874 praestitissent,
2539 2813 2749 2879 magnis
2793 2814 2862 2867 ab
2899 2816 3226 2885 imperatore
3265 2822 3508 2873 muneri-

1937 2895 2039 2950 bus
2079 2912 2142 2950 ac
2165 2900 2448 2956 beneﬁciis
2481 2904 2663 2960 allecti
2701 2922 2850 2962 sunt.

2008 3011 2085 3066 Eo
2113 3023 2373 3082 regnante
2406 3017 2658 3086 quintum
2684 3036 2902 3091 quoque
2930 3025 3221 3080 concilium
3258 3041 3508 3084 coactum

1936 3102 2379 3175 celebratumque
2418 3107 2540 3174 fuit,
2595 3109 2649 3164 in
2678 3127 2787 3182 quo
2831 3114 2970 3169 facta
3015 3129 3098 3171 est
3138 3119 3384 3189 Origcnis
3415 3139 3510 3176 ex-

1940 3195 2199 3260 secratio,
2229 3212 2541 3268 quanquam
2579 3202 2742 3270 impia
2783 3204 3198 3278 illiusdogmata
3240 3212 3348 3280 jam
3382 3213 3509 3267 olim

1938 3284 2206 3355 vigerent.
2249 3288 2452 3343 Eodem
2505 3292 2669 3347 modo
2696 3293 2964 3352 damnatae
3021 3309 3147 3353 sunt
3181 3281 3512 3358 Theodoreti

1939 3390 2036 3444 pro
2063 3376 2313 3433 Nestorio
2341 3379 2712 3449 defensiones,
2744 3394 2799 3440 et
2828 3386 2934 3441 Iba:
2980 3390 3046 3443 ad
3081 3391 3263 3446 Maren
3290 3394 3511 3448 Persam

1938 3469 2156 3537 scripta:
2215 3470 2470 3536 Litteraa,
2525 3476 2726 3544 quibus
2771 3478 2917 3534 inter
2963 3480 3069 3535 alia
3126 3485 3512 3540 continebatur

1939 3560 2109 3614 Deum
2159 3560 2480 3618 Sermonem
2512 3581 2577 3620 ex
2610 3565 2828 3638 Virgine
2856 3580 3114 3641 perpetua
3165 3585 3350 3629 natum
3399 3594 3511 3634 non

1939 3663 2083 3703 CSSC.

2013 3766 2147 3821 Volo
2180 3777 2231 3822 te
2278 3780 2458 3824 autem
2500 3774 2663 3836 scire,
2690 3773 2888 3829 dilecte
2934 3777 3029 3843 iiii,
3062 3794 3206 3834 anno
3236 3781 3509 3837 Constan-

1936 3855 2035 3908 tini
2063 3855 2523 3926 Magnivieesimo
2583 3864 2810 3930 primam
2854 3866 3045 3921 Nicaea:
3095 3870 3361 3938 synodum
3392 3875 3509 3928 coi-

1937 3948 2100 4006 visse.
2142 3949 2208 4002 ad
2262 3965 2422 4019 quam
2457 3952 2560 4006 518
2603 3955 2747 4007 sacri
2788 3956 2976 4011 Patres
3022 3962 3398 4018 convenerint.
3438 3966 3509 4021 Et

1937 4037 2202 4106 przeluere
2258 4039 2522 4096 Silvester
2575 4059 2715 4113 papa
2762 4045 3080 4112 Romanus,
3120 4050 3512 4121 Metrophanes

1934 4129 2296 4198 Cpolitanus.
2346 4132 2650 4188 Alexander
2696 4136 3133 4208 Alexandrinus,
3187 4143 3508 4200 Eustathius

1934 4220 2346 4284 Antiochenus,
2399 4231 2454 4276 et
2497 4223 2768 4278 Macarius
2821 4228 3323 4300 Hierosolymorum
3361 4239 3506 4290 anti-

1934 4320 2065 4363 stes.
2093 4309 2432 4375 Conventum
2489 4313 2592 4367 l'uit
2623 4315 2734 4368 Arii
2770 4334 2952 4383 causa,
2989 4319 3156 4374 Deum
3195 4340 3501 4380 sermonem

1934 4397 2222 4453 aﬂicientis
2271 4400 2588 4468 ignominia,
2634 4405 2790 4473 271
2835 4422 2994 4474 quem
3051 4420 3290 4465 creatum
3332 4418 3511 4482 qund-

267 4482 461 4548 Λόγον,
496 4481 592 4533 καὶ
625 4481 830 4550 κτίσμα
878 4482 1128 4548 λέγοντος
1181 4485 1346 4538 αὑτὸν
1383 4488 1475 4540 καὶ
1527 4488 1832 4556 ἐτερούσιον

1935 4487 2057 4541 dam
2101 4503 2223 4542 esse
2263 4489 2488 4556 diceret,
2523 4501 2576 4544 et
2615 4508 2644 4546 a
2714 4505 2906 4549 natura
2935 4500 3280 4570 essentiaque
3328 4481 3507 4562 Patris

265 4573 361 4625 τοῦ
411 4569 644 4641 Πατρὸς,
682 4573 776 4624 καὶ
822 4572 902 4624 ὅτι
934 4567 1003 4642 ἦν
1029 4590 1158 4625 ποτε
1195 4575 1282 4627 ὅτε
1325 4577 1426 4630 οὐκ
1479 4575 1568 4646 ἦν.
1604 4577 1698 4631 ’ον
1730 4593 1831 4628 κα-

265 4660 501 4716 θελοῦσα
528 4665 563 4734 ἡ
587 4663 718 4730 ἁγία
751 4662 966 4726 σύνοδος
996 4666 1095 4734 τὴν
1121 4665 1403 4734 ὀρθόδοεον
1461 4669 1645 4721 πίστιν
1667 4669 1834 4739 ἐκρά-

260 4772 293 4807 τ
300 4770 444 4808 υνεν.
1339 4771 1341 4773 ’

335 4944 427 5000 Ἕν
460 4945 516 4998 δὲ
539 4945 617 5016 τῷ
640 4945 879 5017 δευτέρῳ
915 4946 1024 4999 ἔτει
1076 4947 1177 5016 τῆς
1233 4945 1514 5017 βασιλείας
1543 4946 1832 5003 Θεοδοσίου

263 5039 362 5091 τοῦ
402 5039 644 5106 μεγάλου
705 5038 926 5107 γέγονεν
955 5040 988 5106 ὴ
1035 5038 1263 5106 δευτέρα
1300 5038 1516 5101 σύνοδος
1565 5041 1624 5090 ὲν
1677 5041 1832 5091 Κων-

263 5126 714 5182 σταντινουπόλει
776 5128 880 5181 ὑπὸ
907 5128 1135 5196 Πατρῶν
1176 5129 1345 5196 ἁγίων
1377 5127 1453 5202 ρν⁹
1523 5132 1663 5184 κατὰ
1710 5131 1832 5184 Μα-

263 5218 510 5273 κεδονίου
544 5219 638 5272 τοῦ
693 5220 1180 5289 Πνευματομὰχου,
1212 5221 1300 5273 ὅτε
1337 5223 1432 5273 καὶ
1469 5221 1765 5292 Γρηγόριος
1806 5224 1833 5274 ό

259 5310 528 5378 Θεολόγος
577 5311 677 5380 τῆς
736 5310 1062 5382 Ἐκκλησίας
1111 5313 1393 5384 ἐξεϐλήθη.
1461 5312 1738 5385 Ὕπῆρχον
1773 5316 1829 5368 δὲ

260 5393 700 5472 προεξᾶρχοντες
729 5406 827 5471 τῆς
868 5404 1089 5456 συνόδου
1127 5405 1330 5474 ταύτης
1372 5403 1638 5476 Τιμόθεος
1673 5408 1823 5459 Ἀλε-

261 5493 578 5563 ξανδρείας,
629 5493 894 5556 Μελέτιος
931 5493 1293 5566 Ἀντιοχείας,
1352 5497 1617 5566 Κύριλλος
1661 5499 1828 5570 Ἱερο-

221 5567 539 5650 ’σαλύμωη
589 5582 629 5634 Γ
633 5584 889 5653 ρηγόριος
939 5586 967 5636 ὁ
1004 5585 1265 5653 Θεολόγος
1313 5567 1829 5643 Κωνσταντινουπό-

255 5671 396 5732 λεώς
432 5674 524 5724 καὶ
572 5674 824 5743 Δάμασος
857 5678 1088 5740 πάππας
1120 5676 1360 5749 Ῥώμης,
1405 5680 1602 5744 οἵτινες
1641 5684 1827 5736 ἀνεθε-

260 5763 501 5832 μάτισαν
533 5767 864 5822 Μακεδόνων
893 5770 953 5822 τὸ
997 5771 1225 5840 Πνεῦμα
1259 5774 1317 5825 τὸ
1373 5771 1528 5839 ἆγιον
1584 5781 1630 5826 οἳ
1656 5795 1821 5849 ,σφη-

1934 4575 2195 4629 alienum.
2236 4577 2484 4633 Addebat
2516 4581 2681 4636 fuisse
2720 4592 2934 4654 tempus
2967 4603 3089 4642 cum
3122 4591 3214 4646 ille
3270 4611 3378 4648 non
3408 4613 3502 4651 ex.—

1931 4665 2150 4718 sisteret
2223 4664 2409 4736 Itaque
2454 4684 2668 4724 sacrum
2725 4673 2826 4727 hoc
2859 4678 3152 4733 concilium
3222 4685 3352 4739 Aria
3407 4689 3503 4740 de-

1925 4755 2070 4822 jecto
2118 4769 2172 4810 et
2222 4758 2473 4813 abdicato
2520 4771 2724 4816 rectam
2771 4763 2898 4818 ﬁdei
2934 4771 3257 4825 sententiam
3303 4780 3504 4829 eontir-

1931 4849 2118 4901 malvit.

2003 4959 2214 5015 llursus
2260 4979 2403 5019 anno
2448 4965 2667 5036 imperii
2690 4971 2982 5030 Theodosii
3034 4977 3211 5049 Magni
3259 4987 3505 5040 secundo

1930 5055 2171 5121 synodus
2224 5054 2396 5108 altera
2430 5055 2585 5126 Cpoli
2648 5077 2678 5114 a
2735 5063 2835 5115 l50
2884 5070 3088 5122 sanctis
3137 5072 3392 5128 Patribus
3421 5090 3505 5131 est

1930 5144 2202 5198 celebrata
2259 5159 2448 5200 contra
2501 5150 2880 5209 Macedonium
2937 5163 3109 5216 sancti
3147 5165 3382 5233 Spiritus
3409 5186 3503 5237 op-

1927 5248 2306 5302 pugnalorem.
2358 5238 2437 5293 Eo
2495 5242 2730 5297 durante
2779 5249 3017 5304 concido
3080 5252 3374 5324 Clegorius
3410 5243 3503 5314 ille

1927 5323 2235 5394 Theologus
2278 5328 2378 5382 hac
2429 5332 2655 5388 ceclesia
2710 5339 2974 5406 spoliatus
3028 5353 3076 5396 et
3136 5323 3347 5412 ejecttts
3399 5360 3503 5405 est.

1927 5415 2296 5473 Prwsidebaut
2323 5421 2641 5479 'l‘imotheus
2671 5430 3094 5500 Alexandrinus,
3118 5437 3366 5495 Meletius
3386 5443 3500 5496 An-

1929 5511 2260 5574 tiochenus,
2312 5515 2546 5582 Cyl-illus
2604 5516 3150 5592 llierosolymitanus,
3201 5529 3502 5601 Gregorius

1932 5596 2243 5669 Theologus
2271 5599 2609 5671 Cpohtanus,
2639 5616 2693 5661 et
2726 5609 3005 5668 licinauus
3039 5631 3176 5685 papa
3205 5596 3498 5690 Damasus;

1927 5690 2024 5758 qui
2052 5690 2433 5750 Macedoniam
2459 5700 2728 5752 exsecrati
2751 5713 2900 5768 sunt,
2930 5705 3205 5762 hominem
3235 5713 3499 5770 adversus

1929 5781 2190 5851 Spiritum
2225 5797 2474 5843 sanctum
2506 5795 2896 5851 contumeliose
2937 5812 2999 5852 ac
3034 5800 3198 5870 impie
3234 5804 3500 5874 locutum,
