4212 6448
253 361 354 425 503

1470 348 1872 410 ANNALIUM
1918 347 2107 407 PARS
2151 349 2262 408 IV.

3395 342 3507 404 5i0‘

253 478 702 554 προσκυνεῖσθαι,
738 476 864 540 τοὺς
895 476 950 530 δὲ
999 471 1404 543 Εἱκονομάχους
1442 471 1476 539 ἦ
1510 470 1822 540 Χριστομὰ-

1933 469 2032 522 rari
2055 468 2278 530 debere,
2316 482 2380 522 ac
2415 464 2714 535 imaginum
2741 462 3059 533 Christique
3086 473 3497 532 oppugnatores

247 593 379 647 χούς
412 578 475 629 ἐκ
503 575 671 644 μέσου
693 572 1045 642 ποιήσαντες.

314 669 558 720 Γίνωσκε
596 665 675 729 δὲ,
709 661 987 731 ἀγαπητὲ,
1019 661 1101 713 ὅτι
1124 657 1223 729 τὴν
1272 655 1367 710 τοῦ
1398 655 1532 710 Θεοῦ
1576 655 1822 725 μεγάλην

251 759 548 828 ἐκκλησίαν
578 759 606 810 0
637 751 1017 814 ἰουστινιανὸς
1050 747 1343 818 ἀνεγείρας
1367 747 1566 816 ἔστησε
1598 748 1691 799 καὶ
1721 747 1822 817 τὴν

251 851 452 922 στήλην
477 846 643 901 αὑτοῦ
669 848 726 899 ἐν
749 842 937 915 ὑψηλῷ
964 841 1127 904 κίονι,
1148 842 1214 910 τῇ
1244 841 1344 909 μὲν
1372 839 1643 908 ἀριστερᾷ
1676 837 1823 906 χειρὶ

251 939 562 1012 κρατοῦσαν
603 940 845 1007 σφαῖραν
879 934 1018 1002 μετὰ
1043 930 1308 1002 σταυροῦ,
1342 929 1436 999 ἀφ’
1469 921 1530 981 οὗ
1563 928 1820 998 δηλοῦται

247 1035 334 1086 ὅτι
361 1033 450 1086 διὰ
497 1029 596 1100 τὴν
637 1031 716 1091 είς
769 1026 1007 1093 Χριστὸν
1056 1025 1244 1077 πίστιν
1297 1021 1578 1092 ἐγκρατὴς
1622 1020 1818 1087 γέγονε

247 1125 348 1193 τῆς
373 1123 477 1192 γῆς
510 1117 886 1192 (σφαιροειδὴς
921 1117 1153 1186 καὶγὰρ
1187 1116 1223 1184 ἡ
1257 1113 1378 1183 γῆ).
1426 1113 1524 1182 τὴν
1558 1112 1614 1166 δὲ
1637 1111 1821 1178 δεξιὰν

249 1216 414 1285 χεῖρα
441 1211 581 1264 κατὰ
627 1209 896 1277 ἀνατολὴν
950 1208 1364 1276 ἁνατεταμὲνην
1422 1204 1677 1273 ἔχουσαν,
1724 1199 1820 1253 καὶ

250 1305 660 1360 ἐπαπειλοῦσαν
703 1302 897 1372 ὥσπερ
931 1301 1046 1363 τοῖς
1094 1300 1336 1370 Πέρσαις
1363 1301 1459 1351 καὶ
1490 1295 1820 1366 παρεγγυῶ-

249 1411 352 1448 σαν
377 1382 559 1463 ἠσυχῆ
591 1391 773 1460 μένειν
815 1390 913 1440 καὶ
959 1389 1036 1458 μὴ
1096 1387 1298 1458 χωρεῖν
1340 1386 1478 1446 ὅλως
1529 1383 1766 1437 ἐνταῦθα
1803 1398 1815 1412 ⁸

248 1485 372 1538 οὐδὲ
401 1482 514 1552 γὰρ
534 1479 813 1551 συμφέρει·
839 1479 1046 1542 αὐτοῖς.
1091 1478 1183 1533 Ἐν
1236 1477 1294 1530 δὲ
1325 1476 1403 1548 τῷ
1449 1473 1531 1545 λη’
1587 1472 1820 1544 ἐνιαυτῷ

247 1578 350 1645 τῆς
410 1571 687 1643 βασιλείας
743 1570 912 1624 αὑτοῦ
967 1569 996 1622 0
1037 1569 1295 1640 βασιλεὺς
1348 1561 1502 1631 οὗτος
1535 1567 1818 1636 ἄφθαρτον

246 1671 308 1720 τὸ
337 1665 433 1720 τοῦ
470 1663 676 1734 Κυρίου
716 1664 878 1731 σῶμα
917 1661 1105 1729 ἔλεγεν
1153 1659 1293 1714 εἶναι
1341 1662 1437 1715 καὶ
1491 1659 1601 1714 τῶν
1659 1675 1821 1728 φυσι-

249 1759 364 1812 κῶν
413 1756 603 1811 παθῶν
655 1755 1037 1817 ἀνεπίδεκτον,
1095 1754 1192 1806 καὶ
1237 1752 1411 1816 οὕτως
1473 1750 1676 1805 ἐσθίειν
1713 1749 1820 1820 πρὸ

1922 559 2355 628 compescendos
2388 574 2530 615 esse.

1980 651 2253 706 Caeterum
2307 653 2394 709 his
2437 643 2676 724 cogu‘ttis
2720 653 2854 708 illud
2889 652 3053 706 etiam
3098 650 3258 714 scito,
3299 646 3508 701 dilecte‘

1922 743 2020 810 illi,
2052 747 2198 813 quod
2234 747 2489 801 videlitet
2519 745 2866 801 Justinianus
2895 743 3086 814 Magna
3124 743 3211 796 illa
3251 741 3343 795 Dei
3396 740 3497 793 Ec-

1921 833 2086 888 clesia
2120 837 2338 892 condita
2378 852 2532 891 suam
2580 852 2800 907 quoque
2842 844 3075 890 statuam
3112 833 3366 887 columna
3402 845 3490 883 st:-

1925 924 2078 979 blimi
2125 927 2498 991 collocaret-it,
2535 928 2666 982 laeva
2700 943 2864 981 manu
2919 926 3137 996 globum
3177 921 3493 993 insignitum

1922 1023 2086 1071 cruce
2112 1018 2513 1082 continentem,
2539 1035 2649 1088 quo
2673 1018 3016 1087 significatur
3049 1029 3174 1069 eutn
3203 1026 3301 1085 per
3333 1014 3495 1067 titlettt

1924 1107 1978 1160 in
2010 1108 2290 1162 Christum
2316 1109 2484 1164 totius
2522 1119 2790 1163 terrarum
2823 1108 2972 1162 orbis
3001 1108 3232 1176 imperio
3263 1105 3495 1175 potitum

1920 1202 2064 1263 esse,
2117 1199 2210 1268 qui
2244 1206 2300 1253 et
2340 1200 2455 1268 ipse
2505 1198 2651 1269 globi
2707 1199 2937 1254 formam
2987 1201 3189 1262 refert;
3246 1198 3496 1250 dextram

1923 1303 2056 1343 vero
2105 1292 2371 1344 orientem
2425 1306 2618 1344 versus
2663 1291 3076 1354 extendentem,
3119 1290 3276 1358 qua~i
3313 1288 3498 1342 Persis

1923 1381 2212 1435 minitetur
2248 1397 2456 1451 eosque
2504 1382 2696 1451 jubeat
2746 1395 2868 1435 esse
2913 1380 3240 1448 tranquillos
3289 1394 3387 1431 nec
3430 1377 3496 1430 ad

1923 1474 2117 1529 urbem
2168 1473 2401 1543 propius
2446 1473 2750 1538 accedere,
2779 1473 2922 1542 quod
2959 1473 3093 1526 illud
3151 1471 3283 1540 ipsis
3332 1472 3500 1523 delri-

1923 1574 2110 1620 mento
2155 1565 2228 1620 sit
2272 1563 2538 1618 futurum.
2575 1563 2710 1619 Cum
2763 1577 2946 1618 autem
2999 1565 3294 1631 imperator
3327 1577 3510 1614 annos

1917 1658 2028 1727 jam
2062 1658 2130 1712 38
2164 1672 2350 1711 rerum
2399 1659 2606 1726 potitus
2648 1658 2860 1720 fuisset,
2905 1655 3146 1725 profiteri
3198 1658 3364 1721 coepit
3405 1653 3503 1705 ιιυο

1923 1748 2060 1802 mini
2111 1763 2315 1818 corpus
2357 1748 2614 1803 interitus
2656 1763 2720 1802 ac
2771 1748 3102 1802 naturalium
3149 1745 3496 1800 aﬂecticnum

247 1850 345 1903 τοῦ
392 1851 598 1911 πάθους
630 1849 723 1902 καῖ
749 1850 933 1899 πίνειν
980 1844 1126 1898 καθὰ
1170 1843 1237 1915 δὴ
1289 1845 1385 1896 καὶ
1442 1843 1581 1913 μετὰ
1626 1842 1689 1893 τὸ
1718 1843 1821 1894 πάο

1933 1855 2153 1910 prorsus
2184 1855 2381 1908 expers
2430 1840 2630 1907 fuisse;
2689 1841 2871 1911 itaque
2911 1840 3048 1896 cibis
3097 1855 3159 1893 ac
3190 1849 3322 1908 potu
3372 1847 3498 1892 ante

249 1946 364 2006 θος.
410 1941 572 1996 ’Λλλὰ
602 1941 698 1993 καὶ
743 1939 836 1993 τὸν
867 1938 1214 2008 πατριάρχην
1240 1935 1506 2004 Εὐτύχιον
1543 1931 1619 2003 μὴ
1649 1943 1822 1987 καταε

247 2034 544 2104 δεχόμενον
577 2031 753 2087 ταῦτα
813 2028 1051 2101 ἐξορίζει
1103 2031 1163 2082 ἐν
1209 2025 1504 2098 ’Λμασείςη
1555 2025 1679 2079 ὅθεν
1727 2029 1823 2080 καὶ

246 2127 500 2198 ὥρμητο.

321 2303 480 2357 Μετὰ
515 2302 570 2356 δὲ
611 2301 992 2356 ’ὶουστινιανδν
1043 2300 1335 2363 Ὶουστῖνσς
1388 2300 1418 2352 0
1470 2295 1691 2380 ἀνεψιὸς
1726 2295 1824 2349 οὐ,

249 2394 349 2447 τοῦ
371 2395 466 2462 ἔτη
505 2392 593 2463 ιγ’.
627 2387 797 2457 Οὗτος
824 2393 1018 2456 κτίσας
1048 2391 1312 2446 παλάτιον
1337 2390 1444 2458 ἔξω
1473 2391 1574 2461 τῆς
1616 2387 1825 2454 πόλεως

249 2490 345 2540 καὶ
371 2486 566 2554 λιμένα
608 2487 666 2537 ἐν
697 2485 835 2554 αὐτῇ
881 2485 950 2555 τῇ
978 2482 1157 2549 πύλη,
1191 2483 1262 2536 τὰ
1313 2481 1414 2553 μὲν
1440 2474 1654 2549 spretae
1691 2481 1826 2534 ὲκάέ

249 2583 400 2643 λεσε,
432 2578 502 2632 τὰ
532 2578 591 2632 δὲ
627 2577 915 2646 Σοφιανὰς,
949 2571 1024 2638 είς
1041 2575 1214 2644 ὄνομα
1242 2575 1343 2645 τῆς
1373 2572 1636 2642 γυναικὸς
1658 2571 1825 2626 αὐτοῦ

250 2674 476 2741 Σοφίας.
542 2671 604 2726 'H
631 2670 928 2742 θαυμαστὴ
959 2668 1100 2740 αὓτη
1142 2668 1313 2740 Σοφία
1345 2667 1724 2732 ἐπισυνάξασα
1777 2668 1831 2721 cf

249 2783 357 2819 που
390 2761 528 2837 ἦσαν
593 2766 826 2835 ἐνέχυρα
877 2763 1113 2834 κείμενα
1154 2764 1272 2824 τοῖς
1316 2762 1606 2824 δεσπόταις
1655 2761 1829 2814 ταῦτα

249 2857 480 2922 δέδωκε,
516 2857 583 2910 τὰ
611 2852 668 2910 δὲ
699 2855 886 2910 δάνεια
920 2857 1035 2917 τοῖς
1062 2853 1382 2908 δανείσασιν
1435 2854 1828 2906 ὲπανεσώσατο

251 2948 492 3002 οἴκοθενσ
519 2948 655 3001 Κατ’
680 2941 861 3000 ἐκεῖνο
903 2945 1099 3016 καιροῦ
1135 2945 1379 3014 ἀνεφάνη
1411 2944 1507 2998 καὶ
1539 2945 1566 2996 0
1599 2943 1829 3013 ύελεψδς

173 3024 180 3030 ’
251 3036 506 3103 Ἰουδαῖος
531 3042 558 3092 0
588 3039 649 3092 τὸ
679 3037 893 3092 παιδίον
921 3036 1090 3090 αὐτοῦ
1120 3035 1211 3088 διὰ
1268 3037 1327 3089 τὸ
1357 3035 1627 3104 ἐνωθῆναι
1689 3036 1824 3104 λριο

253 3133 492 3192 σ-.ιανοίς
533 3127 770 3190 παιδίοις
805 3127 902 3181 καὶ
964 3129 1161 3196 φαγεῖν
1229 3126 1338 3180 ἀπὸ
1392 3126 1493 3195 τῆς
1556 3125 1824 3196 μυστικῆς

251 3219 535 3289 τραπέζης
580 3217 758 3289 βαλὼν
786 3219 868 3281 είς
893 3218 993 3289 τὴν
1023 3220 1276 3288 κάμινον,
1334 3220 1384 3270 εἰ
1413 3219 1504 3271 καὶ
1533 3218 1634 3270 ούκ
1662 3217 1823 3285 ἐφλέ-

250 3311 378 3382 χθηι
427 3311 524 3380 τῆς
583 3309 849 3364 Θεοτόκου
891 3309 1207 3380 φυλαξάσης
1262 3309 1417 3374 αὐτὸ,
1473 3310 1612 3363 καθὰ
1660 3310 1726 3381 δὴ
1767 3313 1824 3362 τὸ

249 3402 470 3456 παιδίον
497 3400 896 3456 διεϐεϐαιοῦτο.
959 3402 1151 3471 Ταύτῃ
1177 3419 1261 3454 τοι
1299 3404 1394 3454 καὶ
1445 3403 1542 3455 τυῦ
1578 3404 1824 3456 τοιούτου

247 3494 532 3563 θαύματος
566 3493 656 3546 διὰ
704 3491 799 3547 τοῦ
841 3493 1185 3563 πατριάρχου
1232 3493 1396 3563 Μηνᾶ
1431 3493 1825 3562 γνωρισθέντος

245 3584 330 3656 τῷ
419 3583 670 3656 βασιλεῖ,
735 3587 1134 3656 μετακαλεῖται
1195 3588 1222 3639 0
1303 3587 1575 3649 Ἰουδαῖος.
1650 3587 1827 3639 Πολ)ἁ

247 3679 436 3732 τοίνυν
482 3677 837 3749 παραινεθεὶς
901 3679 997 3731 καὶ
1042 3677 1118 3748 μὴ
1168 3677 1418 3741 πεισθεὶς
1457 3678 1559 3748 τῆς
1615 3679 1824 3742 οἰκείας

247 3771 638 3838 ἀποστερεῖται
678 3768 823 3841 ζωῆς
845 3769 920 3832 ὡς
945 3770 1165 3838 φονεὺς
1199 3768 1294 3823 τοῦ
1335 3768 1470 3822 ίδίου
1499 3771 1711 3834 παιδός.
1843 3753 1845 3755 ί

323 3949 568 4004 Γίνωσκε
587 3948 644 4002 δὲ
682 3950 777 4002 καὶ
808 3948 991 4014 τοῦτο,
1039 3949 1121 4002 ὅτι
1177 3951 1235 4003 ὲν
1287 3947 1365 4020 τῷ
1434 3948 1680 4021 δευτέρῳ
1714 3948 1824 4003 ἔτει

246 4042 353 4111 τῆς
383 4039 657 4111 βασιλείας
717 4038 812 4094 τοῦ
849 4039 1242 4111 διαληφθέντος
1281 4039 1552 4111 βασιλέως
1604 4042 1826 4095 Ἰουστίκ

248 4149 346 4186 νου
369 4132 439 4202 δὴ
491 4132 587 4183 τοῦ
641 4129 877 4202 Θρᾳκὸς,
941 4132 1128 4203 ἡμέρᾳ
1193 4130 1239 4198 γ’
1288 4129 1410 4203 ὥρᾳ
1439 4138 1505 4199 ε’,
1561 4133 1754 4187 πίπτει
1800 4135 1827 4186 0

247 4221 482 4294 τροῦλος
506 4221 612 4291 τῆς
640 4220 736 4274 τοῦ
764 4221 898 4274 Θεοῦ
926 4222 1172 4290 μεγάλης
1213 4221 1536 4290 ικ-κλησίας,
1580 4225 1674 4276 καὶ
1704 4241 1829 4276 συν-

248 4313 492 4385 ετρίσηὸ
518 4311 951 4381 ἁξιοθαύμαστο,
981 4313 1193 4383 ἄμϐων,
1229 4315 1261 4383 ὴ
1293 4314 1590 4385 πολύτιμος
1623 4315 1829 4369 σωλαίοι

250 4403 446 4459 καὶτὸ
488 4403 872 4459 πολυποίκιλον
927 4405 1148 4473 ἔδαφος.
1205 4407 1374 4475 Ζητεὶ
1435 4405 1535 4476 τὴν
1590 4407 1828 4461 αίτίανό

1925 1934 2387 1988 resurrectionem
2422 1949 2603 1998 usum,
2633 1933 2712 1988 uti
2737 1941 2861 2003 post
2900 1932 3070 2004 ipsam
3108 1946 3327 2001 quoque
3377 1945 3501 1999 pas-

1924 2025 2135 2079 sionem
2169 2025 2313 2079 vesci
2359 2025 2730 2082 consueverit.
2775 2024 3023 2095 Cumque
3075 2040 3186 2079 non
3244 2025 3502 2094 probaret

1927 2116 2041 2171 haec
2089 2117 2389 2187 Eutychius
2422 2117 2752 2188 patriarcha,
2803 2117 3145 2173 Justinianus
3173 2133 3298 2172 eutn
3332 2117 3502 2168 Αῐηιι-

1926 2207 2063 2263 siam
2098 2204 2384 2278 relegavit,
2420 2207 2567 2263 unde
2595 2206 2809 2278 Cpolim
2837 2215 3085 2262 venerat.

1997 2299 2124 2354 Post
2150 2298 2518 2355 Iustinianum
2572 2297 2859 2363 Justinus,
2907 2299 3026 2367 ejus
3073 2312 3258 2352 sorore
3295 2305 3456 2351 natus
3483 2325 3507 2362 ,-

1927 2390 2192 2447 tredecim
2224 2405 2401 2446 annos
2436 2391 2744 2460 imperavit.
2776 2391 2827 2446 ls
2875 2400 3026 2445 extra
3066 2390 3255 2446 urbem
3296 2392 3510 2461 palatio

1926 2491 1985 2538 et
2026 2485 2144 2554 ipsa
2181 2480 2236 2538 in
2275 2484 2414 2540 urbe
2455 2493 2618 2554 portu
2653 2483 2896 2549 condito,
2950 2483 3084 2538 illud
3129 2484 3354 2554 quidem
3403 2484 3503 2539 Sn-

1928 2573 2130 2644 phiana
2164 2577 2530 2646 nuncupavit,
2558 2575 2704 2631 hunc
2728 2591 2860 2632 vero
2899 2575 3123 2647 Saphiaa
3163 2583 3402 2646 portum,
3432 2577 3502 2633 de

1929 2667 2151 2738 Sophia:
2203 2668 2454 2740 conjugis
2506 2668 2770 2733 nomine;
2822 2684 2942 2738 quae
2988 2683 3119 2724 sane
3171 2668 3506 2724 admiranda

1928 2760 2151 2815 virtutis
2212 2761 2412 2815 mulier
2465 2761 2672 2816 coactis
2725 2760 3088 2830 undecunque
3137 2762 3508 2832 pignoribus,

1928 2866 2054 2907 cum
2092 2867 2288 2906 usuras
2320 2851 2390 2907 de
2443 2868 2544 2906 suo
2571 2852 2976 2908 feneratoribus
3011 2867 3375 2919 numerasset,
3405 2856 3503 2908 do-

1931 2944 2099 2999 minis
2129 2959 2192 2998 ea
2223 2943 2337 2998 suis
2382 2944 2646 2999 restituit.
2698 2944 2830 3000 Erat
2888 2945 2942 3000 id
2991 2945 3257 3016 temporis
3286 2946 3509 3002 Judmus

1931 3035 2156 3106 quidam
2190 3037 2316 3089 vitri
2352 3035 2643 3101 conflatur,
2673 3039 2764 3106 qui
2799 3039 2968 3092 tilium
3012 3054 3172 3094 suum
3217 3049 3508 3108 propterel

1931 3125 2078 3196 quod
2113 3125 2439 3180 Christianis
2469 3142 2526 3180 se
2551 3127 2737 3196 pueris
2765 3129 3143 3199 conjunxisset
3177 3131 3356 3198 deque
3389 3148 3503 3202 my.

1932 3217 2065 3272 stica
2091 3231 2275 3270 mensa
2304 3218 2649 3280 comedisset,
2687 3217 2739 3269 in
2769 3218 3048 3272 fornacem
3090 3221 3345 3291 conjecit.
3369 3221 3511 3275 l‘ucr

1934 3314 2115 3361 tamen
2148 3304 2309 3375 273
2338 3307 2762 3376 haudquaquam
2787 3306 3021 3361 flan‘n'nis‘
3053 3309 3376 3378 absumptus
3401 3324 3513 3375 est,

1933 3398 2050 3467 ipsa
2089 3413 2213 3452 eutn
2255 3397 2483 3466 Deipara
2517 3407 2878 3453 conservante
2898 3397 3250 3467 incolumem,
3286 3403 3360 3455 uti
3390 3403 3506 3471 qui-

1933 3490 2056 3545 dem
2090 3490 2413 3544 allirmabat.
2463 3489 2650 3560 Itaque
2685 3499 2837 3546 tanto
2877 3493 3130 3563 prodigio
3169 3507 3265 3564 per
3295 3494 3507 3549 Menam

1933 3582 2300 3653 patriarcham
2333 3583 2653 3653 imperatori
2707 3584 2977 3653 exposito,
3031 3585 3253 3641 Judazus
3282 3594 3511 3642 ar‘cess:-

1935 3681 2059 3739 tur;
2087 3685 2323 3742 cumque
2350 3675 2537 3727 multis
2575 3675 3051 3730 exhortationibus
3092 3675 3254 3731 factis
3295 3677 3361 3730 ad
3401 3697 3512 3732 tne-

1934 3763 2128 3818 liorem
2165 3775 2406 3820 mentem
2438 3765 2687 3820 revocari
2721 3782 2827 3821 non
2855 3775 3059 3836 posset,
3095 3777 3355 3837 tanquam
3397 3781 3523 3825 sua!

1933 3856 2140 3913 sobolis
2164 3856 2488 3913 interfector
2523 3858 2633 3912 vita
2661 3857 2931 3928 privatur.

2004 3949 2143 4004 lllud
2185 3950 2353 4005 etiam
2397 3949 2559 4004 velint
2601 3950 3036 4015 animadvertas,
3086 3964 3232 4006 anno
3269 3952 3529 4008 secundo-

1934 4041 2306 4113 imperatoris,
2358 4042 2519 4112 cujus
2564 4055 2714 4098 nunc
2744 4043 3079 4097 mentionem
3126 4043 3378 4107 facimus,
3420 4043 3516 4099 Ju-

1935 4133 2067 4188 stini
2107 4130 2360 4196 Thracis,
2401 4133 2490 4187 die
2523 4133 2710 4200 tertio,
2735 4132 2872 4189 hora
2897 4135 3109 4205 quinta,
3156 4136 3373 4192 trullam
3401 4132 3530 4191 Μεισ-

1935 4241 2052 4295 gnte
2079 4224 2174 4280 Dei
2207 4226 2464 4281 Ecclesia:
2491 4227 2827 4295 jeollapsam,
2865 4242 2977 4296 quo
3010 4243 3140 4282 casu
3175 4229 3362 4283 attrita
3394 4229 3513 4282 fue-

1937 4318 2046 4370 rint
2080 4318 2308 4387 dignum
2358 4317 2491 4371 illud
2543 4314 2926 4372 admirationis
2971 4326 3310 4389 suggestum,
3366 4321 3532 4375 solea~

1936 4409 2162 4463 maximi
2213 4407 2376 4478 pretii
2435 4418 2493 4464 et
2552 4409 2764 4465 varium
2828 4410 3066 4482 denique
3117 4416 3512 4482 pavimentum.

249 4496 532 4569 βασιλεύς.
556 4496 839 4550 Μανθᾶνει
866 4497 1004 4566 πρὸς
1028 4499 1141 4559 τοῖς
1163 4497 1344 4561 ἄλλοις
1375 4499 1471 4551 καὶ
1519 4496 1700 4561 τοῦτο,
1746 4499 1827 4552 ὅτι

1935 4500 2068 4569 Ejus
2107 4501 2189 4556 rei.
2225 4517 2445 4556 causam
2497 4519 2622 4558 cum
2682 4506 2981 4575 imperator
3042 4505 3361 4576 indagaret,
3413 4507 3534 4563 hoc‘

245 4589 338 4642 διὰ
359 4591 421 4642 τὸ
449 4591 749 4660 ὑπερμήκη
782 4590 1039 4658 γενέσθαι
1076 4591 1166 4642 τὸν
1212 4589 1444 4660 τροῦλον
1475 4593 1566 4644 ἐπὶ
1589 4594 1650 4645 τὸ
1692 4612 1829 4649 παν-

1936 4594 2100 4647 etiam
2133 4595 2278 4649 inter
2304 4605 2503 4651 caetera
2545 4595 2933 4666 deprehendit,
2962 4597 3180 4652 trullam
3225 4610 3527 4668 propterea

247 4679 421 4750 ταχοῦ
440 4680 676 4750 ὁρᾶσθαι
711 4677 873 4743 αὐτὸς
909 4681 1423 4750 ἑαυτὺνβαστάζειν
1449 4685 1548 4736 οὐκ
1574 4683 1826 4752 ἠδύνατο.

1936 4686 2081 4755 quod
2116 4685 2359 4756 ingentis
2405 4688 2715 4743 altitudinis
2758 4697 2927 4754 esset,
2967 4699 3023 4743 ut
3056 4689 3234 4744 ubivis
3266 4691 3523 4746 locurunr

252 4769 422 4824 Ὅθεν
449 4770 796 4839 ἁνεγείρρεται
833 4769 958 4824 αὖθι
974 4827 979 4832 ,
995 4807 1018 4835 ς
1045 4772 1254 4835 πεδινὸς
1272 4773 1332 4827 δὲ
1353 4772 1673 4844 λειπόμενος
1695 4776 1828 4847 πρὸς

1937 4778 2428 4848 ευιιερὶεετειυτ,,
2477 4797 2536 4836 se
2587 4782 2759 4852 ipsam
2814 4791 3029 4852 gestare
3075 4799 3183 4838 non
3245 4785 3512 4854 potuisse.

245 4864 312 4916 τὸ
335 4863 528 4933 πρώην
560 4863 717 4933 ὕψος,
749 4865 986 4936 ὀργυιῶν
1023 4873 1104 4920 ιε’.

1937 4870 2286 4942 Quapropter
2308 4888 2532 4942 operam
2559 4874 3027 4945 deditimperator
3065 4887 3122 4931 ut
3145 4876 3211 4931 dc
3238 4894 3380 4932 novo
3423 4894 3518 4932 ea-

248 4968 585 5021 strueretur,
637 4960 708 5013 ita
779 4970 967 5014 tamen
1014 4971 1072 5014 ut
1156 4961 1358 5030 prioris
1441 4963 1798 5018 sublimitatis
1847 4977 2107 5034 respectu
2155 4976 2367 5022 tantum
2406 4985 2516 5022 nutt
2559 4982 2867 5040 campestre
2945 4967 3125 5025 solum
3178 4988 3396 5042 aequare
3444 4988 3531 5026 ιιι-ν

247 5055 502 5118 deretur,
531 5053 600 5107 ad
625 5069 822 5125 orgyas
847 5055 914 5109 15
935 5057 1190 5111 excitata.

324 5151 481 5205 Μετὰ
512 5151 570 5204 δὲ
604 5151 888 5203 Ἰουστῖνον
923 5153 1170 5224 Τιϐέριος
1207 5155 1236 5206 0
1270 5152 1425 5224 Θρᾲξ
1452 5154 1544 5225 ἐτη
1579 5154 1652 5220 δ’,
1693 5156 1833 5226 μετὰ

245 5245 308 5298 δὲ
341 5244 529 5297 τοῦτον
565 5243 870 5313 Μαυρίκιος
909 5243 936 5294 0
972 5244 1223 5314 γαμϐρὸς
1271 5246 1436 5299 αὐτοῦ
1475 5250 1569 5300 καὶ¹
1612 5250 1832 5320 Καῖσαρ

250 5338 354 5408 ἐτη
383 5343 452 5391 κ’.
486 5331 654 5397 οὗτος
686 5334 863 5387 ἔκτισε
894 5334 984 5386 τὸν
1015 5338 1072 5388 ἐν
1104 5337 1671 5392 Κωνσταντινουπὸλει
1703 5341 1830 5392 ναὸν

247 5431 365 5483 τῶν
389 5429 561 5496 ἁγίων
589 5434 663 5498 μ’,
695 5426 811 5497 Ἐφ’
835 5422 896 5480 οἶ)
925 5426 1132 5480 παιδίον
1158 5428 1421 5499 ἐγεννήθη
1456 5432 1512 5482 ὲν
1541 5431 1832 5486 Κωνσταν-

246 5521 557 5574 τινουπόλει
584 5521 751 5591 χωρίς
781 5519 1076 5590 ὀφθαλμῶν
1107 5521 1198 5574 καὶ
1230 5521 1430 5593 χειρῶν
1453 5533 1469 5550 ⁸
1501 5523 1638 5594 πρὸς
1668 5524 1724 5577 δὲ
1752 5523 1829 5594 τῷ

249 5609 415 5680 ισχιῳ
442 5607 624 5680 ἰχθύος
645 5609 784 5679 ούρὰ
807 5608 1088 5680 προσφυὴς
1115 5610 1263 5679 αύτῷ
1289 5611 1518 5683 ὑπῆρχε.
1549 5613 1658 5667 Καὶ
1682 5613 1830 5669 κύων

247 5701 516 5762 ὡσαύτως
553 5701 784 5766 ἑξάπους
817 5700 1260 5773 λεοντσκέφαλοςν.
1299 5703 1410 5756 Καὶ
1447 5705 1505 5757 ὲν
1538 5708 1602 5775 τῇ
1639 5704 1829 5777 Θρᾴκῃ

239 5795 343 5846 ὁ,ο
373 5793 563 5845 παιδία
595 5794 991 5862 ἐγεννήθησαν,
1025 5787 1098 5849 ὧν
1128 5793 1187 5846 τδ
1221 5794 1316 5864 μὲν
1341 5796 1662 5865 τετράπουν,
1689 5801 1746 5851 τὺ
1777 5799 1832 5851 δὲ

2012 5156 2142 5212 Post
2187 5155 2467 5236 Iustinum
2509 5157 2786 5224 Tiberius,
2832 5157 3067 5214 Thracia
3099 5166 3154 5213 et
3175 5149 3290 5228 ipse
3332 5160 3524 5214 or’tunh

1938 5247 2065 5315 dus,
2096 5257 2339 5320 quatuor
2379 5251 2556 5305 annis-
2586 5249 2756 5306 rebus
2792 5251 3032 5322 praefuit.
3067 5251 3290 5307 Tiberio
3325 5253 3538 5307 Mauri:

1938 5340 2058 5396 eius
2086 5355 2256 5411 gener
2273 5340 2561 5408 successit,
2597 5342 2782 5397 Caesar
2806 5351 2933 5398 ante
2964 5340 3292 5408 declaratus,
3326 5346 3537 5400 annis--

1939 5445 2048 5501 que
2101 5431 2308 5503 viginti-
2344 5433 2474 5488 totis
2510 5434 2826 5504 imperavit.
2875 5434 2929 5490 ls
2971 5436 3235 5506 templum
3279 5438 3522 5508 quadraa
3580 5485 3583 5491 .

1936 5523 2087 5593 ginta
2134 5535 2452 5581 sanctorum
2497 5526 2651 5597 Cpoli
2683 5527 2948 5583 condidit.
3006 5528 3181 5585 Natus
3221 5541 3309 5586 est
3355 5530 3531 5584 etiam

1943 5613 2078 5684 ipso
2110 5624 2374 5687 regnante
2415 5632 2553 5688 puer
2579 5618 2756 5688 Cpoli,
2795 5621 2890 5690 qui
2931 5619 3106 5675 oculis
3155 5620 3536 5691 manibusque“

1943 5708 2186 5772 carebat,
2228 5710 2401 5764 cauda
2448 5711 2655 5780 piscina
2691 5711 2760 5766 ad
2817 5713 3147 5768 coxendices
3196 5712 3530 5768 naturaliter

1946 5799 2281 5857 adltmrente.
2315 5802 2588 5862 Praeterea
2631 5804 2784 5862 canis
2810 5820 2902 5861 sex
2927 5809 3095 5877 pedes
3147 5815 3203 5862 et
3237 5806 3518 5862 leoninum
