4212 6448
244 422 332 482 5H

1452 412 1846 474 ANNAHUM
1896 410 2086 469 P.\R.°~
2128 407 2220 466 iV.

3362 397 3453 427 et;

239 542 322 589 καὶ
341 537 426 588 τὶν
449 530 772 585 Φιλιππικὶν
799 528 1167 598 ἁπεκτ;ἱναμ;
1183 552 1220 591 θ,
1248 530 1340 581 καὶ
1367 528 1451 580 τὸν
1473 527 1603 580 Θεὸν
1626 528 1666 578 Φ
1690 528 1789 580 οὐκ
1820 577 1823 586 ,

1916 526 2199 577 :ubitorem
2233 532 2390 574 suum
2434 516 2684 573 arcessit.
2718 528 2879 579 quem
2923 522 3078 567 antea
3112 512 3349 582 grmitcr
3382 516 3469 565 it"

241 628 425 697 ἕλειψε.
456 622 970 691 Μεταστελλόμενος
1000 615 1093 674 οὖν
1124 621 1151 671 ὁ
1183 618 1506 681 Φιλιππικὸς
1536 617 1792 671 τοσοῦτον

240 717 461 786 ἐπτοὴοη
492 715 633 768 ὥστε
665 716 760 766 καὶ
788 711 1075 773 κοινωνίας
1106 710 1399 780 μετασχεῖν
1425 709 1520 760 καὶ
1546 708 1675 770 τοὺς
1701 706 1794 759 ὑπ’

243 810 386 864 αὐτὸν
425 807 519 861 ἐπὶ
567 805 764 859 σποδοῦ
805 804 900 858 καὶ
944 802 1146 856 σάκκου
1187 800 1528 871 καθημένους
1572 800 1801 853 καταλι-

243 902 371 954 πεῖν.
404 896 854 951 Καταλλάσσεται
882 889 977 948 οὖν
1004 897 1032 947 ό
1061 892 1312 963 βασιλεὺς
1340 890 1490 962 αύτῷ
1508 931 1523 957 ,
1550 892 1647 945 καὶ
1674 908 1801 958 συγ-

242 989 451 1058 γνώμην
467 985 552 1054 ὲφ’
568 982 648 1048 oi,-
672 983 952 1037 ἐκάκωσεν
968 981 1133 1034 αὐτὸν
1148 978 1373 1044 ἐξαιτεῖ.
1391 976 1612 1031 Τούτων
1626 975 1801 1038 οὕτως

244 1070 463 1150 ἑχόντων
484 1076 842 1146 ἐπανέρχεται
863 1073 971 1127 ἀπὸ
991 1072 1086 1127 τοῦ
1108 1072 1412 1144 Δυρραχίου
1436 1072 1464 1125 ό
1487 1069 1802 1140 διαληφθεὶς

241 1173 442 1237 Φωκᾶς,
479 1172 578 1225 καὶ
612 1168 721 1222 τῶν
755 1166 991 1222 πολιτῶν
1028 1167 1087 1220 ἓν
1116 1165 1196 1236 τῷ
1228 1163 1472 1235 Ἑϐδόμῳ
1512 1162 1806 1232 συναχθέν⁴

245 1277 343 1317 των
367 1260 621 1333 βασιλεὺς
650 1256 1069 1328 ἀναγορεύεται.
1097 1257 1310 1325 Κρατεῐ
1335 1250 1428 1307 οὖν
1451 1255 1480 1307 ό
1506 1252 1806 1306 Καππαδό-

241 1370 335 1422 κης
368 1346 519 1413 οὗτος
552 1351 744 1413 Φωκεῖς
783 1350 879 1419 ἔτη
911 1354 984 1418 η’.
1012 1348 1168 1402 Μετὰ
1199 1347 1257 1401 δὲ
1285 1344 1456 1400 ταῦτα
1484 1343 1592 1397 τῶν
1617 1343 1807 1413 δήμων

242 1441 641 1496 στασιασάντων
670 1441 768 1493 καὶ
795 1440 1067 1508 λεγόντων
1094 1438 1177 1492 ὅτι
1203 1436 1515 1507 Μαυρίκιος
1540 1436 1641 1489 οὐκ
1670 1434 1808 1488 ἀπέ·

242 1530 412 1595 θανεν,
442 1528 536 1581 ἐπὶ
560 1529 651 1580 τὸν
675 1524 841 1580 αὑτοῦ
871 1526 1029 1592 φόνον
1056 1525 1084 1578 ό
1108 1525 1300 1587 Φωκεῖς
1325 1524 1579 1576 κινεῖται.
1608 1523 1718 1575 Καὶ
1744 1519 1807 1588 δὴ

240 1623 295 1674 εν
327 1620 401 1690 τῷ
442 1618 535 1672 τοῦ
579 1618 881 1688 Εὐτροπίου
924 1616 1106 1685 λιμένι
1146 1615 1339 1685 πρῶτα
1385 1613 1486 1683 μὲν
1524 1611 1810 1681 ἀναιροῦσι

244 1709 361 1771 τοὺς
387 1712 428 1759 ε’
450 1706 647 1767 παῖδας
674 1702 864 1770 αὑτοῦ,
893 1704 1061 1774 μηδὲν
1086 1703 1213 1757 ἄλλο
1236 1699 1538 1772 τηνικαῦτα
1563 1700 1812 1767 λέγοντος

253 1806 286 1875 ἦ
322 1802 477 1857 τοῦτο
524 1821 543 1853 ι
592 1802 808 1863 Δίκαιος
848 1797 916 1865 εἴ,
959 1799 1151 1868 Κύριε,
1192 1797 1288 1850 καὶ
1332 1795 1518 1849 δικαία
1557 1796 1591 1865 ἡ
1632 1794 1814 1863 κρίσις

1898 623 2064 669 serat.
2094 611 2362 667 Etuxoris
2387 610 2631 663 Mauricii
2652 609 2821 663 frater
2840 616 2960 663 erat
2984 606 3073 660 hic
3101 603 3464 676 Philippicm.

1898 707 1991 778 qui
2018 706 2281 760 adversus
2317 703 2502 758 hostes
2532 716 2657 756 cum
2692 701 2866 771 copiis
2894 700 3198 767 ablegatus,
3233 698 3325 752 ubi
3385 698 3467 749 vi-

1899 798 2070 853 ctoria
2094 797 2299 867 potitus
2325 796 2661 857 revertisset,
2714 802 2905 846 contra
2937 805 2993 845 se
3022 789 3293 843 ﬂammam
3328 788 3475 841 invi-

1901 890 2007 945 dia:
2030 888 2419 942 concitaverat.
2451 885 2722 940 Praeterea
2753 884 3007 953 quiddam
3044 879 3191 937 aliud
3224 888 3464 934 anteces-

1902 988 2068 1035 serat.
2104 978 2238 1032 Nam
2272 977 2516 1031 futurum
2574 975 2865 1029 Mauricius
2920 973 3265 1029 intellexerat
3311 979 3371 1024 ut
3421 970 3478 1023 in

1904 1070 2139 1140 imperio
2190 1069 2412 1138 quidam
2461 1068 2509 1122 ei
2566 1066 2884 1123 succederet
2916 1066 3073 1136 cujus
3112 1080 3312 1119 nomen
3366 1063 3481 1132 pri-

1905 1175 2049 1214 mam
2082 1160 2125 1212 Φ
2161 1159 2399 1213 litteram
2450 1158 2698 1211 haberet.
2756 1155 2969 1210 Idcirco
3004 1162 3122 1224 post
3161 1153 3292 1208 illud
3337 1168 3484 1207 som-

1906 1251 2059 1305 nium
2113 1248 2259 1319 quod
2312 1247 2684 1310 narravimus,
2727 1246 2930 1301 dixisse
2982 1244 3382 1316 perbibeturu
3426 1242 3481 1296 Si

1919 1340 2155 1395 maxime
2193 1340 2562 1409 Philippicum
2619 1341 3046 1402 occidissemus,
3101 1337 3243 1391 Deus
3304 1347 3483 1391 tamen

1906 1422 2017 1486 alio
2043 1433 2085 1484 Φ
2118 1448 2227 1486 non
2255 1432 2545 1486 caruisset.
2582 1449 2603 1485 ι
2639 1431 3003 1496 Quamobrem
3031 1428 3122 1483 tibi
3149 1428 3489 1498 Philippieus

1911 1521 2321 1585 arcessebatur,
2354 1527 2505 1575 tanto
2557 1529 2766 1574 terrore
2820 1518 3110 1589 perculsus
3129 1526 3214 1572 est
3244 1527 3305 1572 ut
3335 1531 3487 1572 sacra

1912 1612 2159 1683 symbola
2187 1613 2490 1683 perciperet
2548 1628 2610 1670 ac
2640 1628 2770 1667 suos
2803 1613 2976 1669 saccis
3016 1612 3237 1666 indutos
3279 1611 3489 1665 cinere-

1914 1721 2019 1775 quc
2046 1720 2374 1774 conspersos
2398 1705 2760 1774 relinqueret.
2795 1706 2994 1759 Verum
3036 1704 3332 1772 imperator
3364 1716 3485 1755 cum

1916 1814 1983 1853 eo
2008 1798 2170 1853 rediit
2197 1798 2250 1852 in
2289 1798 2542 1868 gratiam,
2570 1799 2783 1868 sibique
2810 1797 3106 1852 condonari
3140 1796 3296 1865 petiit
3345 1796 3488 1863 quo!

249 1914 335 1950 σου
355 1935 370 1961 ,
407 1914 426 1947 ι
459 1894 769 1947 τελευταῖον
797 1893 853 1946 δὲ
886 1891 980 1945 καὶ
1011 1892 1174 1944 αὐτὸν
1204 1889 1516 1960 ἀναιροῦσι.
1547 1887 1658 1957 Τὴν
1690 1887 1818 1955 μέν-

1919 1905 2044 1944 eum
2103 1901 2211 1943 tam
2252 1890 2473 1958 indigne
2510 1898 2818 1943 tractasset.
2865 1887 3025 1957 275
3059 1888 3113 1940 In
3163 1888 3265 1939 hoc
3307 1900 3489 1937 rerum

240 2004 319 2040 τοι
343 1988 574 2055 γυναῖκα
606 1983 771 2038 αὐτοῦ
808 1984 904 2036 σὺν
929 1986 1049 2045 ταῖς
1079 1981 1419 2050 θυγατράσιν
1449 1981 1506 2032 ὲν
1539 1993 1804 2047 μοναστη-

244 2082 340 2151 ρῐῳ
366 2078 697 2131 κατακλείει.
731 2078 1115 2146 Καλλιγράερος
1141 2073 1236 2129 οὖν
1264 2076 1370 2129 ἀπὸ
1400 2073 1721 2143 παννυχίδος
1750 2072 1806 2124 ὲν

255 2171 627 2240 Ἀλεξανδρεία
661 2170 1025 2240 στρεφόμενος
1057 2170 1297 2237 ἑσπέρας
1328 2169 1448 2223 καο’
1474 2169 1539 2239 ἣν
1567 2167 1807 2240 ἀνῃρέθη

239 2263 563 2331 Μαυρίκιος,
605 2261 805 2330 ἠκουσε
844 2260 969 2321 τοὺς
1008 2258 1333 2329 ἀνδριάντας
1370 2260 1434 2311 ὲκ
1466 2258 1575 2310 τῶν
1610 2256 1810 2327 βωμῶν

241 2352 490 2419 λέγοντας
519 2351 858 2420 τὴνεκείνου
886 2352 1170 2420 ἀναίρεσιν
1194 2390 1207 2414 ,
1239 2350 1336 2404 καὶ
1364 2349 1813 2420 σημειωσὰμενος

240 2443 329 2495 τδν
353 2443 544 2513 καιρὸν
571 2444 815 2513 εὑρίσκει
839 2443 897 2495 τδ
926 2444 1160 2514 πρᾶγμα
1189 2441 1362 2507 οὕτως
1394 2442 1538 2512 ἕχον.
1565 2443 1647 2495 Τὰ.
1675 2440 1818 2494 αὐτὰ

241 2534 295 2587 δὲ
335 2537 427 2587 καὶ
469 2537 561 2588 ἐπὶ
594 2536 705 2598 τοῖς
742 2535 952 2598 λοιποῖς
992 2533 1156 2587 αὐτοῦ
1195 2534 1519 2602 συγγενέσιν
1554 2534 1580 2587 ό
1621 2533 1817 2594 Φωκᾶς

240 2628 584 2698 διεπράξατο.
956 2679 960 2685 ,
1541 2628 1548 2635 ’

1912 1992 2055 2035 s'atu
2074 1983 2304 2044 Phocas,
2323 1982 2389 2037 de
2413 1997 2522 2051 quo
2541 1982 2883 2051 diximus,D}
2903 1980 3151 2033 rrh-zelziu
3176 1993 3232 2031 re
3270 1980 3489 2034 crtitur.

1913 2088 2149 2143 cumque
2199 2073 2347 2127 cives
2380 2075 2435 2127 in
2493 2075 2776 2128 llCitdflilIO
2815 2074 3134 2137 (TOiViSSClil,
3194 2073 3490 2140 imperatur

1916 2165 2292 2219 renuntiatur.
2327 2166 2591 2236 Regnavit
2636 2177 2815 2219 autem
2852 2165 3058 2220 Phocas
3110 2166 3222 2227 hic,
3273 2164 3493 2217 natium:

1922 2258 2238 2328 Cappadox,
2265 2274 2438 2313 annos
2467 2269 2611 2314 octo.
2644 2258 2891 2329 Cumque
2910 2260 3011 2313 sub
3049 2259 3223 2326 ipsum
3274 2257 3491 2309 initium

1920 2349 2136 2420 imperii
2192 2350 2459 2407 factiones
2502 2353 2687 2422 populi
2739 2353 2981 2423 graviter
3026 2351 3494 2407 lliﬂltllltlurctltttl‘

1921 2444 2353 2515 Mauriciumque
2386 2447 2619 2501 necdum
2651 2463 2680 2501 e
2715 2447 2855 2501 vivis
2901 2448 3204 2501 excessisse
3250 2443 3495 2499 clamita-

1920 2543 2063 2597 rent,
2093 2535 2194 2590 hac
2222 2538 2337 2606 ipsa
2370 2553 2503 2593 voce
2540 2537 2747 2592 Phocas
2776 2539 2839 2592 ad
2874 2540 2991 2609 ejus
3013 2554 3199 2593 necem
3226 2537 3495 2590 (‘XCilattH

1920 2638 2024 2683 est.
2063 2628 2410 2699 Quapropter
2442 2628 2678 2699 ablegati
2742 2631 2963 2700 quidam
3014 2632 3137 2700 ejus
3199 2630 3274 2683 rei
3331 2630 3494 2699 perii-

239 2721 447 2776 cienda:
480 2735 645 2775 causa
690 2719 926 2790 primum
965 2720 1018 2774 in
1082 2730 1241 2789 portu
1295 2720 1541 2789 Eutropo
1605 2721 1849 2791 quinque
1889 2721 2031 2777 ﬁlios
2094 2723 2215 2793 ejus
2238 2724 2536 2791 trucidant,
2565 2723 2700 2778 nihil
2726 2734 2837 2779 tum
2868 2726 3012 2780 aliud
3035 2728 3302 2794 prolocut:
3332 2745 3493 2796 quam

242 2812 356 2866 haec
379 2812 576 2867 verba:
614 2830 634 2864 ι
674 2812 864 2869 Justus
882 2828 963 2879 es,
985 2812 1230 2877 Domine,
1260 2829 1324 2867 ac
1346 2814 1619 2884 judicium
1655 2824 1808 2869 tuum
1845 2816 2054 2886 justum
2080 2825 2182 2871 est.
2215 2835 2234 2869 ι
2300 2817 2617 2873 Postremus
2655 2828 2836 2873 autem
2884 2819 2998 2888 ipse
3040 2832 3285 2876 necatur.
3353 2824 3497 2879 Uxor

241 2922 364 2962 cum
398 2907 613 2963 ﬁliabus
643 2908 696 2962 in
759 2909 1154 2963 monasterium
1211 2909 1392 2964 Pboca
1445 2910 1673 2981 jubente
1699 2913 2071 2969 concluditur.
2105 2914 2323 2969 Accidit
2365 2915 2556 2970 eodem
2609 2927 2851 2987 tempore
2906 2928 2965 2973 ut
3016 2902 3236 2989 quidam
3293 2924 3497 2991 peritus

240 3002 507 3073 elegantis
528 3018 591 3058 ac
643 3019 795 3074 purae
842 3005 1110 3059 librorum
1176 3003 1587 3074 descriptionis,
1633 3017 1848 3063 noctem
1889 3008 1944 3063 in
2017 3009 2315 3080 pervigiliis
2345 3025 2531 3080 agens,
2567 3011 2759 3066 eodem
2801 3029 3025 3083 vespere
3057 3031 3166 3085 quo
3199 3015 3496 3071 Mauricius

238 3105 325 3149 est
389 3095 729 3160 interfectus,
778 3105 989 3151 statuas
1058 3095 1114 3150 in
1200 3097 1311 3151 aris
1368 3097 1573 3152 caedem
1652 3099 1800 3154 illius
1869 3102 2187 3157 nuntiantes
2258 3103 2499 3160 audiret.
2553 3103 2797 3176 QuaprOj
2820 3115 2903 3160 ter
2948 3105 3052 3161 hoc
3100 3120 3345 3177 teirpore
3397 3127 3500 3164 nu-

239 3202 354 3247 tato
394 3206 508 3246 rem
542 3193 615 3245 ita
641 3203 847 3263 gestam
873 3193 1137 3262 deinceps
1174 3192 1466 3250 intellexit.
1499 3182 1773 3266 Cog'natos
1798 3198 1963 3252 etiam
2003 3197 2248 3253 Mauricii
2295 3198 2504 3256 Phocas
2544 3201 2733 3256 endem
2777 3203 2939 3256 modo
2998 3217 3107 3272 quo
3168 3203 3345 3272 ipsum
3387 3217 3495 3260 [νος

240 3286 432 3343 ctavit.

312 3378 445 3433 Τότε
482 3377 660 3431 τοίνυν
694 3373 938 3445 Χοσρόης
976 3375 1004 3427 ό
1039 3372 1267 3445 Περσῶν
1303 3375 1557 3445 βασιλεὺς
1590 3374 1816 3446 ὥρμησε

1996 3382 2100 3437 Sed
2124 3384 2268 3438 enim
2309 3383 2573 3438 continuo
2600 3396 2711 3440 tum
2746 3386 3018 3444 Cltosroes
3050 3391 3341 3445 Persarum
3379 3410 3494 3454 rex.

236 3472 381 3526 κατὰ
409 3470 715 3537 Ῥωμαίων,
742 3471 941 3537 ὁμοίως
972 3469 1069 3521 καὶ
1089 3468 1349 3536 Ἀϐαρες,
1377 3468 1469 3521 διὰ
1493 3469 1553 3522 τὸ
1580 3469 1667 3522 τὸν
1698 3468 1823 3523 ἀνό-

239 3581 355 3617 σιον
398 3564 693 3632 προκρῖναι
731 3559 823 3612 τοῦ
871 3560 1099 3627 ἐννόμου
1146 3560 1433 3627 βασιλέως.
1466 3560 1588 3615 Ἔτι
1628 3562 1684 3615 δὲ
1727 3564 1822 3638 καί

238 3657 431 3725 Θνῆσις
480 3652 787 3722 ἀνθρώπων
829 3654 924 3705 καὶ
972 3651 1186 3721 κτηνῶν
1230 3653 1423 3720 γέγονε
1475 3655 1569 3707 καὶ
1619 3654 1822 3722 ἀφορία

234 3753 343 3819 γῆς
372 3750 465 3802 καὶ
494 3746 700 3818 χειμὼν
732 3743 1058 3816 βαρύτατος,
1092 3745 1167 3807 ὡς
1199 3746 1290 3799 καὶ
1324 3747 1569 3815 παγῆναι
1601 3747 1698 3818 τὴν
1731 3749 1823 3802 θά-

234 3843 450 3897 λασσαν
491 3841 587 3893 καὶ
629 3838 859 3902 πολλοὺς
904 3838 1093 3909 ίχθύας
1134 3838 1410 3896 τεθνάναι.
1454 3840 1591 3893 Τότε
1631 3841 1723 3894 καὶ
1764 3843 1823 3894 ὲν

234 3933 428 4003 ἡμέρᾳ
468 3931 563 3985 τοῦ
606 3929 834 3983 ἱππικοῦ
879 3931 1195 4001 άτακτήσας
1238 3928 1470 4001 ὑϐρίσθη
1517 3931 1669 4000 παρὰ
1712 3932 1823 3985 τῶν

232 4024 529 4095 δημοτῶν,
566 4022 859 4091 λεγόντων,
901 4038 919 4071 ι
948 4022 1116 4074 Πάλιν
1151 4022 1232 4084 εἰς
1265 4020 1355 4074 τὸν
1389 4021 1596 4075 καῦκον
1630 4023 1818 4091 ἔπιες,

234 4117 405 4169 πάλιν
435 4117 526 4167 τὸν
555 4113 682 4166 νοῦν
712 4111 1035 4178 ἀπώλεσας,
1077 4130 1096 4163 ι
1134 4111 1220 4180 ἐφ’
1244 4105 1289 4179 ᾧ
1318 4114 1411 4164 καὶ
1441 4113 1672 4177 πολλοὺς
1702 4113 1826 4166 ἐθα-

233 4209 476 4271 νάτωσε.
506 4205 807 4266 Βλέποντες
836 4202 928 4256 οὖν
957 4204 1007 4255 οἰ
1037 4204 1095 4255 ὲν
1124 4203 1266 4255 τέλει
1292 4202 1353 4256 τὸ
1378 4203 1488 4257 τῶν
1514 4204 1823 4275 ἀνθρώπων

232 4302 448 4367 πλῆθος
482 4298 656 4352 πολλὰ
691 4298 906 4367 πάσχον
938 4296 1109 4361 κακὰ,
1156 4296 1528 4367 δημευόμενον
1553 4335 1569 4363 ,
1598 4298 1701 4361 τὰς
1736 4316 1825 4351 κε-

233 4391 423 4461 φαλὰς
454 4387 885 4458 ἀφαιρούμενον,
915 4387 1187 4456 γράφουσι
1218 4387 1357 4456 πρὸς
1382 4387 1472 4439 τὸν
1500 4387 1601 4457 τῆς
1637 4388 1825 4458 Ἀφρι-

231 4485 347 4553 κῆς
387 4482 695 4552 στρατηγὸν
740 4479 1095 4550 Ἡράκλειον,
1130 4482 1221 4532 καὶ
1255 4478 1313 4542 ὃς
1349 4479 1547 4534 αὐτίκα
1582 4480 1824 4549 κινηθεὶς

233 4573 437 4625 στόλον
464 4569 745 4641 ἑτοιμάζει
771 4570 867 4621 καὶ
892 4570 1035 4632 κατὰ
1057 4568 1152 4620 τοῦ
1178 4569 1343 4621 Φωκᾶ
1369 4568 1611 4640 ἔρχεται,
1642 4570 1824 4639 φέρων

233 4665 342 4717 καὶ
365 4664 466 4732 τὴν
488 4659 907 4732 ἀχειροποίητον
931 4660 1117 4713 εἰκόνα
1138 4658 1231 4713 τοῦ
1255 4660 1298 4713 Χ
1307 4661 1512 4730 ριστοῦ.
1532 4662 1646 4730 Ἐφ’
1663 4656 1707 4729 ᾧ
1729 4663 1825 4715 καὶ

229 4756 502 4822 νενίκηκε
527 4754 618 4808 τὸν
642 4754 858 4807 Φωκᾶν.
886 4748 998 4805 Καὶ
1023 4751 1217 4805 τούτου
1244 4744 1532 4822 γεγονότος
1555 4755 1821 4818 Φωτεινός

226 4866 326 4910 τις
366 4851 427 4899 ἐκ
459 4846 569 4899 τῶν
606 4845 951 4913 μεγιστάνων
988 4843 1502 4913 προεπιϐουλευθεὶς
1538 4846 1689 4915 παρὰ
1724 4845 1818 4900 τοῦ

223 4940 411 4993 Φωκᾶ
439 4939 518 5000 είς
550 4939 648 5008 τὴν
680 4936 913 5004 σύζυγον
944 4935 1110 4988 αὐτοῦ
1147 4936 1393 5005 εἰσῆλθεν
1424 4936 1622 5004 ἀθρόον
1651 4938 1730 5000 εἰς
1758 4936 1820 4990 τὸ

230 5031 535 5093 παλάτιον,
563 5030 657 5081 καὶ
682 5032 773 5081 τὸν
799 5028 1028 5096 βασιλέα
1051 5028 1242 5079 Φωκᾶν
1268 5027 1470 5094 μέλανα
1496 5028 1819 5096 χιτωνίσκον

223 5122 477 5184 ἐνδύσας
507 5121 705 5173 αὐτίκα
733 5120 812 5190 τῷ
839 5118 1145 5189 Ἡρακλείῳ
1176 5120 1457 5190 προσάγει.
1489 5120 1597 5173 Καὶ
1624 5118 1683 5182 ὃς
1714 5121 1817 5191 ἔφη

229 5217 389 5285 πρὸς
409 5214 593 5267 αὐτόν’
628 5210 865 5277 «Οὕτως,
887 5210 1061 5277 ἄθλιε,
1078 5211 1173 5282 τὴν
1200 5213 1352 5265 πόλιν
1364 5211 1635 5283 διῴκησας
1655 5229 1701 5276 ;›
1734 5211 1828 5265 καὶ

222 5310 263 5361 ὁ
295 5309 522 5369 Φωκᾶς,
560 5307 663 5360 «Σὺ
702 5306 922 5358 κάλλιον
952 5305 1226 5372 διοικῆσαι
1254 5304 1419 5374 ἔχεις.
1461 5324 1480 5356 ι
1519 5298 1702 5372 Ἐφἰἶ)
1733 5306 1828 5357 καὶ

224 5402 435 5471 χεῖρας
481 5399 685 5461 εύοίως
724 5397 985 5468 τέμνεται
1027 5397 1122 5449 καὶ
1166 5397 1365 5461 πόδας,
1410 5397 1470 5449 τὸ
1512 5397 1687 5467 δέρμα
1726 5398 1825 5466 τῆς

228 5491 491 5563 ῥάχεως,
518 5487 588 5540 τά
619 5487 816 5551 αἰδοῖα,
848 5487 943 5539 καὶ
969 5484 1141 5554 κοντῷ
1168 5487 1493 5556 ἁναρτᾶται,
1519 5491 1613 5539 καί
1640 5485 1827 5538 τελευ-

220 5587 407 5637 ταῖον
439 5580 539 5650 τὴν
573 5580 818 5651 κεφαλὴν
851 5579 1172 5650 ἀφαιρεῖται
1216 5578 1488 5649 μαχαίρᾳ.
1524 5576 1599 5631 Τδ
1640 5577 1826 5647 μέντοι

222 5677 420 5745 σῶμα
460 5673 626 5726 αὑτοῦ
674 5674 974 5744 συρόμενον
1010 5672 1150 5725 κατᾶ
1186 5670 1285 5743 τὴν
1319 5672 1410 5725 τοῦ
1456 5670 1576 5741 βοὸς
1620 5672 1826 5742 ἀγορὰν

221 5768 388 5837 πυρὶ
423 5766 794 5835 παραδίδοται.

1925 3481 2038 3526 tum
2090 3475 2294 3531 Avares
2350 3474 2614 3533 Romanis
2668 3478 2866 3532 bellum
2920 3480 3154 3537 intulere
3182 3494 3496 3552 prepterea.

1922 3563 2069 3631 quod
2096 3565 2320 3635 impium
2355 3566 2635 3621 hominem
2672 3569 2911 3637 legitimo
2946 3573 3266 3641 imperatori
3294 3586 3496 3644 prtetu—

1923 3655 2137 3712 lissent.
2172 3659 2442 3713 Praeterea
2490 3661 2659 3729 pestis
2686 3661 2938 3716 homines
2968 3673 3130 3733 atque
3154 3667 3392 3734 pecudes
3413 3668 3497 3721 iu-

1924 3750 2083 3815 vasit,
2103 3766 2335 3819 quacum
2356 3762 2411 3805 et
2445 3760 2601 3807 teme
2620 3754 2875 3809 sterilitas
2899 3765 2952 3810 et
2970 3756 3145 3812 hiems
3164 3758 3304 3814 adeo
3322 3762 3502 3831 gravis

1922 3841 2211 3909 conjuncta
2234 3841 2355 3903 fuit,
2392 3851 2451 3894 ut
2475 3843 2653 3911 ipsum
2681 3860 2828 3899 mare
2874 3849 3189 3913 congelaret
3229 3852 3500 3921 multique

1924 3933 2102 4001 pisces
2132 3944 2503 3989 morerentur.
2531 3936 2835 4005 Imperator
2876 3956 3000 3993 eum
3038 3956 3103 3995 eo
3136 3943 3223 3997 die
3251 3960 3359 4014 quo
3387 3946 3499 4000 ludi

1925 4033 2213 4093 equestres
2237 4026 2661 4095 peragebantur,
2701 4028 2754 4081 in
2782 4029 2997 4084 edendo
3019 4046 3083 4085 ac
3112 4032 3351 4088 bibendo
3386 4051 3502 4087 mo-

1929 4115 2056 4169 dum
2110 4118 2470 4182 excessisset,
2519 4133 2548 4172 a
2588 4119 2740 4188 plebe
2790 4136 2886 4189 per
2931 4122 3281 4191 ignominiam
3320 4128 3503 4181 verbis

1926 4207 2237 4278 hujusmodi
2279 4219 2535 4265 notatus:
2580 4230 2596 4261 ι
2632 4211 2849 4265 Rursus
2876 4228 2905 4266 e
2934 4229 3102 4269 eauco
3138 4215 3349 4282 bibisti,
3377 4235 3500 4271 rur-

1924 4315 2018 4354 sus
2040 4310 2275 4355 meutem
2297 4301 2568 4357 amisisti?
2596 4322 2612 4355 ι
2653 4304 2723 4358 ob
2760 4303 2810 4358 id
2834 4306 3143 4361 convicium
3188 4312 3503 4378 complures

1930 4400 2104 4444 morte
2167 4392 2440 4449 multavit.
2474 4392 2660 4462 Itaque
2692 4409 2815 4449 cum
2849 4397 3097 4451 viderent
3129 4414 3385 4467 proceres
3440 4419 3504 4457 ac

1927 4482 2275 4550 magistratus
2307 4482 2384 4536 rei
2442 4483 2674 4552 publica:
2708 4499 2961 4556 magnam
2998 4488 3283 4544 hominum
3315 4495 3465 4545 multi
3490 4525 3502 4533 -

1928 4573 2169 4626 tudinem
2213 4574 2401 4628 multis
2443 4574 2581 4630 allici
2619 4578 2811 4643 malis,
2855 4577 2999 4633 bona
3052 4596 3149 4650 per
3175 4584 3502 4652 publicatio—

1927 4679 2053 4719 nem
2112 4665 2303 4731 adimi,
2348 4667 2528 4738 capita
2581 4670 2825 4737 prarcidi,
2871 4671 2938 4725 ad
2972 4673 3167 4729 Africa:
3214 4688 3502 4744 praetorem

1928 4755 2242 4811 Heracliutn
2294 4757 2507 4814 litteras
2560 4760 2811 4828 mittunt,
2862 4762 2956 4831 qui
3010 4765 3264 4833 precibus
3311 4782 3501 4822 eorum

1925 4857 2107 4902 motus
2136 4850 2398 4905 continuo
2444 4852 2674 4906 classem
2721 4863 2877 4923 parat
2926 4864 2983 4910 et
3011 4867 3205 4913 centra
3264 4860 3500 4915 Phocani

1923 4939 2315 5010 proﬁciscitur,
2340 4941 2581 4997 aﬂ‘erens
2612 4958 2799 4999 secum
2829 4944 2976 5000 illam
3010 4946 3300 5019 imaginem
3345 4949 3506 5005 Chri-

1923 5032 1991 5085 sti
2025 5047 2148 5101 quae
2180 5033 2431 5087 manibus
2462 5032 2601 5087 facta
2634 5050 2743 5089 non
2787 5046 2926 5090 erat.
2962 5036 3074 5092 lloc
3109 5039 3271 5093 modo
3321 5040 3502 5095 Phoca

1926 5136 2209 5193 superato,
2248 5124 2518 5180 Photinus
2571 5126 2794 5195 quidam
2824 5167 2840 5193 ,
2891 5145 3031 5184 unus
3075 5146 3139 5184 ex
3192 5143 3502 5202 magnatum

1937 5231 2187 5283 numero,
2221 5217 2376 5288 cujus
2412 5217 2596 5273 uxoris
2623 5219 2898 5289 pudicitiae
2932 5221 3145 5277 Phocas
3174 5232 3333 5278 antea
3358 5235 3505 5279 stru-

1933 5317 2086 5362 xerat
2109 5308 2358 5373 insidias,
2384 5311 2568 5364 subito
2594 5310 2645 5365 in
2671 5312 2933 5382 palatium
2964 5313 3165 5384 irrupit
3191 5324 3244 5369 et
3265 5316 3502 5371 Phocam

1934 5400 2320 5467 imperatorem
2366 5401 2512 5470 pulla
2549 5412 2699 5457 veste
2749 5403 2999 5460 indutum
3060 5421 3182 5460 mox
3232 5407 3299 5461 ad
3336 5407 3505 5462 ilera-

1931 5493 2098 5548 clium
2127 5493 2369 5549 deducit.
2401 5495 2505 5562 Qui
2536 5512 2659 5550 cum
2696 5497 2935 5552 Phocam
2978 5498 3161 5553 verbis
3186 5500 3333 5554 hisce
3357 5516 3505 5554 com-

1930 5586 2188 5655 pellaret:
2229 5587 2430 5651 illane,
2467 5587 2654 5652 miser,
2689 5604 2801 5643 rem
2834 5590 3105 5658 publicam
3155 5591 3503 5645 administra-

1930 5676 2041 5729 sti?
2078 5693 2096 5726 ι
2136 5678 2418 5747 respondit
2458 5675 2698 5733 Phocas:
2747 5696 2765 5728 ι
2804 5678 2925 5732 Tibi
2956 5694 3083 5733 vero
3115 5695 3211 5749 per
3241 5696 3326 5734 me
3376 5681 3506 5738 licet

1930 5778 1990 5822 ut
2018 5770 2223 5823 rectius
2273 5785 2395 5824 eam
2428 5787 2606 5839 geras.
2650 5792 2667 5823 ο
2730 5771 2867 5824 llinc
2919 5773 2968 5823 ei
3029 5782 3173 5825 recta
3212 5788 3407 5826 manus
3450 5788 3506 5827 et

220 5861 425 5934 pedes
469 5862 758 5929 alllpUlali,
794 5860 936 5914 cutis
978 5860 1144 5915 dorso
1177 5860 1443 5928 detracta,
1491 5870 1709 5918 exsecta
1778 5863 2018 5919 verenda
2092 5874 2146 5920 ct
2178 5863 2348 5920 hasta:
2411 5865 2587 5935 allisa,
2645 5876 2808 5937 caput
2849 5866 3080 5937 denique
3136 5866 3316 5936 gladio
3365 5868 3499 5924 reci-

500 5956 771 6017 Ριτιιοι..
810 5955 926 6013 Gn.
967 5950 1234 6015 CLVIII.

3116 5961 3183 6020 Π
