4212 6448
263 406 360 469 521

1490 400 1895 463 ANNALIUM
1937 403 2124 464 PARS
2168 404 2269 464 IV.

3390 402 3499 464 5‘22

266 514 554 579 στινιανὸς,
590 513 913 584 δραπετεύει
942 513 1176 577 ἐκεῖθεν,
1205 515 1317 576 τοῖς
1348 514 1677 582 Βουλγάροις
1700 531 1831 582 προ-
1864 526 1876 574 Α

1957 516 2147 585 'ogtlila
2206 516 2415 586 garrire
2472 525 2899 570 Consuevcruul.
2950 515 3137 583 itaque
3200 512 3335 565 nihil
3390 528 3496 565 non

268 611 541 679 σέρχεται,
602 609 793 680 ἁδραῖς
849 608 1051 670 αὐτοὺς
1098 608 1425 676 ὑποσχέσεσι
1470 609 1824 675 καταδεσμεί.

266 698 430 751 Ὅθεν
470 698 565 750 καὶ⁸
603 699 741 767 μετὰ
780 697 1019 766 πλήθους
1047 698 1276 767 ἀπείρου
1326 697 1463 767 πρὸς
1502 699 1601 765 τὴν
1624 700 1829 764 Βυζαν-

266 787 384 855 τίδα
418 786 662 856 ἔρχεται,
702 786 802 839 καὶ
842 786 931 839 διὰ
973 785 1211 854 σωλῆνος
1260 786 1559 857 ὑδροφόρου
1610 787 1831 841 κλέπτει

264 876 363 945 τὴν
389 876 615 942 είσοδον,
639 877 737 930 καὶ
754 874 897 930 οὕτω
921 877 1020 945 τῆς
1038 876 1316 945 βασιλείας
1336 876 1402 930 αῦ
1424 877 1831 948 ὲπιδράσσεται,

255 966 362 1043 ,τοῦ
393 967 702 1038 Ἀψιμάρου
735 968 816 1030 είς
848 967 1213 1021 Ἀπολλωνίδα.
1249 970 1531 1038 φυγόντος.
1566 970 1700 1037 Ἐτη
1740 970 1832 1023 οῦν

270 1059 413 1133 ἑπτά
445 1060 727 1128 κρατήσας
773 1059 864 1112 τὸν
900 1058 999 1128 μὲν
1050 1058 1355 1129 ’Δψίμαρον
1414 1058 1557 1133 μέσῃ
1585 1062 1651 1128 τῇ
1684 1060 1835 1113 πόλει

270 1144 651 1215 θριαμϐεύσας
676 1145 907 1213 ἀνεῖλεν,
933 1145 1197 1208 ὡσαύτως
1221 1147 1317 1199 καὶ
1344 1148 1595 1200 Λεόντιον
1614 1164 1628 1179 ·
1654 1149 1744 1201 τὸν
1780 1148 1837 1201 δὲ

274 1236 626 1306 πατριάρχην
658 1235 1006 1301 Καλλίνικον,
1034 1237 1332 1307 ἐπειδήπερ
1372 1238 1602 1308 ἀντέστη
1636 1236 1839 1309 προλα-

270 1325 381 1377 ϐὼν
418 1325 568 1394 αύτῷ
600 1329 921 1397 πειρωμένῳ
960 1326 1285 1397 Ἐκκλησίαν
1338 1328 1592 1397 χαλάσαι,
1623 1329 1840 1397 τυφλώ-

272 1434 374 1480 σας
407 1415 663 1487 ἑξὼριζεν
690 1419 748 1471 ὲν
784 1418 1000 1491 Ῥώμῃ,
1033 1420 1126 1471 καὶ
1161 1419 1274 1471 ἀντ’
1322 1418 1487 1472 αὑτοῦ
1536 1420 1841 1491 προϐάλλε-

273 1527 365 1564 ται
392 1511 672 1580 Κυριακδν
697 1511 788 1564 τδν
816 1513 875 1564 ὲν
904 1515 968 1581 τῇ
1000 1513 1147 1582 νήσῳ
1169 1512 1491 1583 Ἀμάστριδι
1515 1514 1833 1581 ἐγκλειστον

272 1602 439 1656 δντα’
479 1605 859 1676 προηγόρευσε
917 1605 1025 1676 γὰρ
1066 1606 1213 1675 αὐτῷ
1263 1606 1362 1675 τὴν
1415 1607 1517 1675 τῆς
1554 1607 1840 1677 βασιλείας

275 1696 745 1750 ἀποκατάστασιν.
787 1696 893 1750 Καὶ
931 1696 1118 1761 ἁπλῶς
1176 1698 1372 1763 εἰπεῖν,
1427 1698 1584 1768 δίκην
1640 1699 1841 1769 βοσκη-

280 1786 469 1855 μάτων
497 1787 705 1852 πάντας
739 1788 1025 1843 ἀπέκτεινε
1049 1804 1064 1819 ·
1094 1790 1419 1859 μαινόμενος
1441 1791 1548 1862 γὰρ
1578 1786 1842 1862 ἦν.Ὀθεν

277 1877 373 1930 καὶ
404 1876 492 1930 διὰ
536 1877 738 1947 μικροῦ
783 1879 1026 1949 σκάφους
1064 1880 1172 1933 άπὸ
1220 1879 1511 1949 Χερσῶνος
1546 1881 1849 1950 ἐπανερχέ-

280 1982 443 2031 μενος
488 1966 583 2020 καὶ¹
631 1967 861 2022 κλύδωνι
925 1969 1237 2039 περιπεσὼν
1289 1972 1388 2040 τὴν
1450 1971 1849 2042 ὲνδομυχοῦσαν

279 2056 431 2127 αὑτῷ
472 2059 671 2112 κακίαν
706 2059 873 2131 δήλην
921 2061 1265 2132 καθίστησιν.
1302 2062 1533 2134 Ἐπειδὴ
1571 2063 1684 2136 γὰρ
1740 2065 1850 2117 τῶν

278 2144 495 2204 οἰκείων
530 2168 616 2214 τις
660 2152 807 2223 αύτῷ
852 2154 1040 2221 ἔλεγεν
1067 2172 1081 2187 ·
1117 2156 1287 2208 «Ἰδοὺ
1330 2156 1722 2224 ἀποθνήσκεις,
1768 2156 1852 2209 δέ-

282 2259 483 2312 σποτα,
519 2245 613 2298 καὶ
644 2244 879 2315 ὑπόσχου
913 2246 990 2317 τῷ
1018 2246 1157 2317 Θεῷ,
1191 2248 1286 2302 ἐὰν
1319 2266 1401 2300 σοι
1440 2246 1587 2320 δώσῃ
1620 2248 1717 2319 τὴν
1757 2248 1853 2315 βα·-

285 2337 512 2402 σιλείαν,
552 2338 754 2409 μηδένα
785 2340 891 2391 τῶν
939 2339 1147 2409 ἐχθρῶν
1196 2357 1288 2392 σου
1326 2340 1564 2409 λυπῆσαι
1589 2356 1602 2370 °
1637 2359 1655 2392 ι
1710 2340 1851 2411 ἔφη’

289 2447 309 2479 ε
358 2429 625 2483 Ἐνταῦθά
659 2448 724 2499 με
748 2431 1203 2485 καταποντισάτω
1234 2433 1456 2502 Κύριος.
1496 2434 1545 2486 εί
1592 2433 1854 2503 φείσομαί

283 2532 431 2577 τινος
462 2517 520 2582 ἐξ
548 2518 747 2572 αὐτῶν.
793 2538 810 2569 ι
846 2520 989 2589 Πρὸς
1015 2521 1229 2583 τούτοις
1270 2521 1326 2575 δὲ
1356 2522 1450 2575 καὶ
1481 2521 1664 2591 βαλὼν
1692 2525 1721 2576 6
1759 2523 1855 2576 τύ·-

292 2624 481 2675 ραννος
521 2601 672 2671 οὗτος
707 2612 845 2663 κατὰ
866 2611 990 2664 νοῦν
1013 2614 1114 2665 ὅσα
1144 2615 1194 2666 οἱ
1234 2615 1573 2682 Χερσωνῐται
1614 2615 1736 2669 κατ’
1758 2618 1857 2669 αύ-

288 2698 385 2751 τοῦ
434 2700 708 2768 ἐμελέτων
762 2704 840 2772 τῷ
874 2702 1169 2775 Ἀψιμάρῳ
1214 2707 1589 2777 χαριζόμενοι,
1649 2711 1857 2778 πέμπει

292 2791 525 2860 στρατὸν
555 2793 677 2845 κατ’
733 2795 933 2850 αὐτῶν.
967 2799 1074 2850 Καὶ
1105 2794 1172 2867 ἦν
1212 2800 1339 2852 ἰδεῖν
1387 2802 1565 2871 θέαμα
1602 2802 1857 2859 ἐλεεινόν.

293 2880 483 2933 Πᾶσαν
515 2882 731 2952 ἠλικίαν
773 2886 1060 2941 ἐκέλευσεν
1110 2890 1350 2957 ἀνηλεῶς
1389 2892 1858 2960 ἀποσφάττεσθαι.

291 2973 404 3025 Καὶ
419 2974 481 3044 δὴ
514 2977 605 3027 καὶ
634 2977 1073 3045 ἀποσφάττινται
1109 2983 1383 3050 γέροντες,
1418 2985 1861 3054 νέοι,λγυναίκες,

197 3079 205 3085 ·
291 3063 482 3126 παῖδες
520 3066 614 3117 καὶ
645 3069 844 3128 πάντες
888 3072 1094 3135 ἁπλῶς.
1140 3070 1273 3127 Εἶτά
1318 3093 1369 3127 τι
1402 3077 1589 3146 μαθὼν
1637 3080 1864 3133 Ἰουστι-

2257 607 2629 663 Justinianum
2698 606 3080 659 moliebatur:
3141 603 3353 655 litteras
3430 604 3497 655 ad

1931 698 2274 767 Chaganum,
2314 698 2687 754 Chazarorum
2724 695 3282 768 principcm.dabat;
3318 693 3500 747 eidem

1933 804 2158 859 magnas
2185 791 2449 860 pecunias
2479 791 2864 861 pollicebatur,
2893 789 2938 843 si
2983 799 3204 857 captum
3234 785 3500 839 Justinia-

1935 891 2066 929 num
2118 879 2205 933 vel
2252 878 2425 933 instar
2477 879 2737 949 mancipii
2793 878 3047 933 vilissimi
3101 876 3369 930 venderet
3417 874 3503 927 vel

1935 969 2115 1037 capite
2145 970 2432 1039 plecteret.
2461 971 2533 1027 lis
2568 972 2807 1043 cognitis
2835 970 3185 1025 Justinianus
3226 971 3279 1023 in
3322 969 3504 1032 fugam

1932 611 2197 662 adversus

1922 1073 1995 1115 .se
2030 1054 2275 1128 conjicit,
2322 1060 2390 1114 ad
2441 1061 2707 1131 Bulgaros
2746 1060 3139 1132 proficiscitur,
3191 1059 3510 1129 ingentibus

1940 1164 2038 1203 eos
2067 1151 2358 1219 promissis
2395 1152 2498 1207 sibi
2534 1153 2801 1209 devincit.
2835 1152 2956 1220 Quo,
2987 1153 3131 1206 facto
3157 1161 3370 1205 tantum
3403 1167 3510 1203 non

1942 1240 2169 1294 inlinitis
2231 1256 2356 1295 cum
2418 1242 2592 1311 cepiis
2662 1242 2981 1313 Byzantium
3037 1243 3368 1303 contendit,
3419 1257 3515 1307 per

1940 1333 2320 1400 aquarductum
2372 1334 2426 1387 in
2487 1336 2679 1389 urbem
2726 1335 3057 1404 ingreditur,
3109 1333 3514 1403 imperiumque

1940 1434 2254 1493 recuperat.
2306 1425 2445 1479 Hinc
2478 1425 2825 1493 Apsimarum
2880 1440 2979 1495 per
3022 1424 3256 1478 mediam
3321 1424 3511 1475 urbem

1940 1515 2094 1569 velut
2123 1515 2176 1568 in
2231 1516 2513 1585 triumpho
2557 1526 2614 1571 et
2659 1532 2855 1587 pompa
2903 1514 3355 1570 circumductum
3404 1528 3514 1567 una

1942 1621 2067 1662 Cum
2119 1605 2350 1661 Leontio
2396 1607 2699 1672 interficit;
2739 1607 3110 1677 patriarcliam
3163 1604 3516 1665 Callinicum.

1944 1696 2094 1768 qubd
2136 1698 2264 1752 olim
2303 1699 2409 1767 ipsi
2461 1707 2655 1753 contra
2690 1699 2991 1758 Ecclesiam
3019 1698 3229 1767 aliquid
3269 1696 3519 1750 molienti

1947 1790 2276 1846 adversatus
2332 1790 2551 1855 fuisset,
2605 1791 2783 1846 oculis
2835 1792 3134 1860 spoliatum
3190 1790 3419 1849 Romam
3465 1790 3520 1842 in

1949 1882 2205 1937 exsilium
2239 1881 2451 1947 mittit;
2479 1882 2599 1952 ejus
2648 1883 2773 1938 loco
2822 1883 3115 1954 Cyriacum
3150 1881 3521 1951 patriarcham

1949 1973 2102 2038 facit,
2141 1973 2234 2042 qui
2292 1972 2346 2026 in
2398 1973 2707 2028 Amastride
2763 1973 2944 2028 insula
3004 1973 3311 2028 solitariam
3355 1973 3522 2027 vitam

1950 2066 2200 2119 inclusus
2251 2064 2487 2134 agebat:
2524 2079 2649 2118 nam
2696 2064 2742 2118 is
2782 2063 3097 2119 Justiniano
3146 2064 3526 2132 recuperatio-

1952 2172 2077 2211 nem
2127 2156 2343 2225 impcrii
2375 2154 2727 2225 praedixerat.
2760 2155 2833 2211 Ut
2862 2155 3128 2211 brevibus
3160 2156 3342 2210 omnia
3371 2156 3529 2208 deni-

1950 2262 2057 2316 quc
2089 2248 2448 2316 complectar,
2469 2248 2697 2316 quosvis
2726 2246 3003 2316 pecudum
3038 2248 3210 2300 instar
3240 2246 3531 2316 jngnlahat

1955 2343 2118 2397 homo
2146 2345 2308 2413 plane
2339 2344 2555 2399 furens.
2587 2343 2766 2413 Atque
2795 2343 2936 2399 hanc
2965 2344 3020 2397 in
3046 2343 3170 2398 imis
3204 2344 3370 2397 animi
3410 2344 3533 2397 lati-

1955 2445 2163 2489 tantem
2212 2435 2430 2505 angulis
2480 2434 2900 2503 improbitatem
2945 2436 3057 2503 jam
3108 2444 3268 2488 antea
3312 2449 3533 2502 quoque

1954 2526 2315 2597 patefecerat,
2354 2542 2478 2582 cum
2512 2528 2711 2597 exigua
2747 2527 2999 2580 navicula
3026 2525 3308 2580 Chersone
3349 2541 3539 2579 rever‘

1958 2627 2171 2675 teretur
2222 2629 2279 2674 et
2326 2627 2653 2689 tempestate
2698 2618 2936 2687 quadam
2989 2619 3356 2687 exciperetur.
3398 2618 3533 2671 Nam

1957 2726 2082 2765 cum
2110 2711 2161 2766 ei
2197 2710 2552 2765 familiarium
2590 2710 2795 2780 aliquis
2826 2710 3077 2764 diceret:
3117 2729 3133 2760 ι
3166 2709 3241 2763 En
3281 2710 3537 2767 moreris.

1959 2802 2205 2867 domine,
2256 2802 2614 2872 quamobrem
2656 2803 2767 2854 Deo
2816 2801 3095 2869 promitte,
3149 2801 3192 2854 si
3221 2799 3533 2853 restituerit

1962 2894 2256 2964 imperium
2290 2893 2414 2956 tibi,
2447 2893 2726 2947 neminem
2758 2901 2810 2947 te
2847 2893 3087 2945 hostium
3127 2902 3343 2945 tuorum
3374 2891 3540 2943 laesu-

1961 3001 2086 3041 rum
2126 3004 2140 3039 :
2188 3005 2205 3037 ι
2248 3004 2267 3037 ί
2306 2987 2420 3039 lmo
2455 2999 2607 3049 vero,
2639 2985 2744 3047 ait,
2803 2984 2908 3038 hoc
2953 2987 3071 3052 ipso
3105 2983 3157 3036 in
3196 2982 3317 3036 loco
3354 2980 3536 3034 flecti-

1964 3079 2068 3133 bus
2092 3092 2179 3132 me
2210 3077 2480 3132 Dominus
2510 3075 2796 3145 obruat,si
2839 3090 3029 3129 eorum
3059 3074 3152 3127 ulli
3182 3064 3493 3143 pepercere.
3514 3090 3532 3122 ο

293 3153 477 3216 νιανδς
504 3155 586 3208 ὅτι
613 3156 722 3209 τῶν
759 3173 997 3225 νεογνων
1024 3162 1201 3233 πάντη
1247 3163 1465 3234 βρεφῶν
1494 3169 1543 3219 οἱ
1573 3168 1860 3232 σταλέντες

1964 3169 2238 3224 Praeterea
2270 3184 2397 3223 cum
2448 3168 2515 3222 ad
2569 3167 2815 3221 animum
2867 3174 3183 3220 revocasset
3231 3165 3319 3217 hic
3352 3174 3541 3235 tyran-

292 3244 493 3297 ἐκεῖνοι
521 3247 810 3313 ἐφείδοντο,
848 3250 1110 3319 καχλάζει
1157 3255 1247 3305 ἐπὶ
1281 3254 1441 3307 πλέον
1474 3255 1551 3327 τῷ
1584 3257 1742 3327 θυμῷ
1768 3259 1864 3310 καὶ

296 3334 485 3388 στόλον
508 3332 693 3408 ἕτερον
719 3340 1019 3408 ἐκπέμπει,
1044 3344 1118 3405 ὡς
1140 3345 1469 3415 κολασθῆναι
1497 3348 1596 3416 μὲν
1619 3350 1714 3401 καὶ
1737 3348 1864 3411 τοὺς

298 3428 841 3497 ⁸τ’ροαποσταλέντας,
868 3434 1224 3505 ἀναιρεθῆναι
1256 3437 1309 3489 δὲ
1339 3439 1433 3490 καὶ
1466 3440 1648 3492 πᾶσαν
1674 3439 1865 3508 βρεφι-

296 3520 406 3587 κῆν
444 3520 681 3588 ὴλικῖαν.
723 3523 1028 3595 Καθῐστησι
1062 3527 1117 3578 δὲ
1153 3528 1244 3579 τοῦ
1279 3529 1468 3583 στόλου
1500 3531 1745 3600 ἡγεμόνα
1772 3534 1867 3585 Φι-

296 3610 563 3665 λιππικὸν
610 3614 703 3666 τὸν
759 3616 852 3668 καὶ
905 3618 1183 3687 Βαρδάνην
1234 3620 1547 3689 λεγόμενον.
1596 3623 1866 3691 Ἀπῆλθον

297 3704 481 3756 ἐκεῖσε
514 3704 724 3774 λοιπὸν,
757 3708 850 3761 καὶ
876 3707 973 3779 τὴν
1004 3711 1099 3762 τοῦ
1130 3713 1460 3783 κρατοῦντος
1498 3716 1865 3787 μυσαχθὲντες

301 3800 481 3854 ἁπανθ
494 3802 725 3870 ρωπίαν,
753 3803 847 3857 καὶ
873 3805 946 3876 μὴ
981 3806 1237 3874 φέροντες
1269 3807 1496 3876 αἰμασιν
1539 3809 1745 3873 ἀδίκοις
1770 3830 1870 3865 κα-

297 3890 699 3960 ταχρανθῆναι,
754 3894 835 3957 είς
880 3895 1065 3949 στάσιν
1100 3887 1396 3967 χωροῦσιν,
1436 3899 1646 3952 ἄνακτα
1686 3901 1743 3954 δὲ
1774 3903 1872 3955 καὶ

301 3980 554 4050 κράτορα
592 3982 920 4037 Φιλιππικὸν
964 3986 1201 4042 ποιοῦσι.
1245 3988 1452 4059 Καιρδς
1504 3990 1720 4059 διῆλθεν
1775 3992 1870 4045 ὲπὶ

302 4067 522 4132 τούτοις
557 4071 761 4134 ἱκανός.
788 4072 1039 4142 Θροεῖται
1068 4078 1095 4127 6
1124 4075 1400 4143 βασιλεὺς,
1432 4078 1695 4145 μανθάνει
1727 4083 1875 4133 ἐκεί-

304 4161 401 4214 θεν
431 4162 603 4229 οὐδὲν,
642 4164 922 4234 ἐξέρχεται
975 4168 1203 4237 στρατὸν
1253 4168 1352 4221 ούκ
1400 4168 1579 4243 όλίγον
1617 4172 1875 4243 ἐπισυρό-

308 4271 492 4323 μενος.
523 4256 719 4309 Φθάνει
747 4256 850 4319 ἕως
870 4257 1117 4328 Σινώπης
1147 4261 1338 4328 αὐτῆς,
1363 4239 1466 4332 δρᾷ
1490 4261 1576 4316 διὰ
1604 4239 1874 4335 θαλάττης

303 4347 582 4416 ἐρχόμενα
628 4346 810 4402 πλτιῐα.
851 4348 1027 4411 Εὐθὺς
1079 4351 1518 4420 ἀνθυποστρέφει
1561 4354 1655 4406 καὶ
1689 4355 1873 4418 αὑτός.

320 4438 488 4491 Ἀλλά
520 4437 736 4507 πρῶτος
775 4437 803 4490 6
847 4438 1176 4501 Φιλιππικδς
1220 4442 1286 4492 τὰ
1321 4440 1567 4509 βασίλεια
1595 4443 1876 4507 καταλαμ-

1963 3275 2070 3315 nns
2099 3274 2221 3330 quae
2258 3259 2435 3314 moliti
2485 3260 2724 3314 fuissent
2774 3258 3040 3313 adversus
3073 3257 3251 3326 ipsum
3294 3257 3345 3309 in
3382 3256 3542 3323 Apst-

1965 3348 2103 3402 mari
2151 3347 2385 3418 gratiam
2438 3346 2783 3402 Chersonita:
2805 3387 2819 3410 ,
2850 3347 3040 3415 copias
3089 3346 3140 3398 in
3171 3360 3267 3399 eos
3306 3345 3480 3397 lllllilu
3510 3362 3539 3395 ιι

1966 3428 2261 3508 ablegavit.
2307 3439 2440 3493 Erat
2490 3438 2583 3493 hic
2617 3439 2807 3492 videre
2844 3439 3220 3506 spectaculum
3276 3452 3540 3503 perquam

1968 3528 2309 3583 miserabile.
2342 3528 2593 3583 Iusserat
2633 3539 2850 3583 mtatcm
2888 3528 3141 3597 quamvis
3195 3526 3403 3594 absque
3437 3526 3544 3578 ulla

1968 3620 2137 3689 280
2177 3619 2659 3674 commiseratione
2710 3620 3016 3683 trucidari;
3064 3634 3174 3687 quo
3227 3617 3430 3670 factum
3487 3627 3547 3669 nt

1964 3711 2354 3782 iugularentur
2386 3726 2570 3774 senes,
2602 3712 2851 3781 juvenes,
2892 3711 3129 3773 feminae,
3162 3709 3340 3784 pueri,
3380 3708 3546 3761 aden-

1970 3817 2075 3871 que
2109 3817 2303 3857 omnes
2331 3803 2667 3872 promiscue.
2700 3803 2843 3868 Quin
2880 3804 3047 3857 etiam
3083 3817 3207 3857 cum
3239 3801 3547 3869 accepisset

1970 3891 2318 3947 Justinianus
2373 3891 2520 3962 quod
2581 3892 2817 3959 ablegati
2870 3892 3075 3945 milites
3126 3891 3381 3943 mandato
3445 3905 3549 3941 suo

1974 3984 2354 4054 pepercissent
2377 3984 2606 4038 omnino
2627 3985 2957 4045 infantibus,
2974 3986 3334 4039 vehementer
3351 3999 3549 4037 excan-

1973 4074 2116 4138 duit,
2158 4074 2433 4143 aliamque
2482 4075 2718 4141 classem
2772 4072 3075 4136 instruxit,
3126 4087 3223 4142 per
3278 4087 3443 4139 quam
3496 4081 3552 4125 ct

1974 4166 2127 4236 prius
2157 4166 2352 4220 missos
2388 4180 2455 4220 co
2497 4167 2720 4219 nomine
2773 4166 2998 4235 puniret
3036 4175 3089 4218 et
3136 4179 3329 4218 omnes
3371 4164 3548 4217 Cher-

1975 4256 2281 4309 sonitarum
2318 4255 2560 4310 infantes
2611 4256 2855 4308 necaret.
2889 4253 2947 4307 Ei
2988 4252 3155 4306 classi
3179 4252 3373 4306 ducem
3408 4266 3549 4320 pra:-

1976 4346 2106 4401 fecit
2135 4346 2503 4416 Philippicum
2536 4354 2906 4415 cognomento
2940 4342 3388 4407 Bardanem.0ui
3422 4357 3549 4395 cum

1977 4441 2083 4493 iter
2108 4439 2442 4499 Chersonem
2474 4438 2823 4498 instituisset,
2860 4437 3061 4492 milites
3092 4434 3551 4489 inhumanitatein

308 4528 488 4582 δάνει.
519 4525 685 4580 Ὅθεν
728 4527 825 4581 καὶ
851 4528 1162 4599 ὑστερήσας
1188 4531 1216 4582 6
1253 4531 1634 4595 Ἰουστινιανὸς
1667 4535 1726 4586 ὲν
1759 4537 1876 4599 τοῖς

1980 4545 2044 4586 ac
2065 4529 2339 4585 diritatem
2378 4530 2727 4598 imperatoris
2760 4528 3206 4591 exsecrati,,cum
3233 4540 3291 4580 se
3323 4525 3550 4578 innoxio

304 4620 406 4673 τοῦ
430 4620 751 4691 Μμάτρυος
778 4620 933 4690 ὄρεσι
965 4622 1061 4674 σὺν
1090 4621 1239 4692 αύτῷ
1270 4624 1561 4692 συνάγεται
1605 4624 1682 4695 τῷ
1713 4643 1880 4699 στρα-

304 4712 412 4781 τῷ.
450 4712 800 4766 Ἀποστὲλλει
834 4714 969 4784 πρὸς
1017 4713 1180 4767 αὐτὸν
1221 4716 1248 4768 6
1277 4715 1606 4784 Φιλιππικδς
1650 4717 1880 4771 ἀντιπα-

307 4802 562 4874 ράταξιν.
592 4803 873 4857 Πλανῶσιν
911 4790 1094 4871 αὑτὸν,
1126 4804 1410 4876 κρατοῦσι,
1445 4806 1540 4859 καὶ
1583 4806 1681 4878 τὴν
1712 4808 1879 4862 αὑτοῦ

305 4896 555 4967 κεφαλὴν
581 4896 974 4967 ἀποτέμνουσι.
1012 4897 1220 4966 Κρατεϊ
1263 4895 1451 4950 λοιπὸν
1479 4897 1508 4950 6
1554 4896 1879 4963 Φιλιππικὸς

306 4987 408 5057 ἔτη
430 4988 542 5043 δύο.
575 4987 740 5051 Ἀλλά
785 4989 878 5042 καὶ
910 4986 1103 5043 τοῦτον
1159 4987 1323 5044 πάλιν
1364 4988 1705 5060 εἰσελθόντες,
1734 4989 1880 5055 τινες

302 5080 419 5135 ἀτ.δ
443 5079 664 5152 Θρᾴκης
696 5080 1042 5150 ἐκτυφλοῦσι.

1979 4622 2247 4690 sanguine
2287 4620 2458 4690 pollui
2528 4620 2764 4684 nollent,
2811 4618 3141 4674 seditionem
3186 4616 3451 4677 excitant,
3498 4624 3556 4666 et

1979 4712 2350 4783 Pliilippicum
2377 4725 2561 4780 regem
2596 4710 3014 4779 principemque
3046 4723 3205 4761 suum
3240 4705 3551 4774 designant.

1988 4805 2199 4859 Interea
2247 4819 2356 4860 non
2426 4818 2619 4874 parum
2673 4801 2938 4870 temporis
3002 4798 3339 4861 intercedit;
3389 4796 3555 4847 rebus

1988 4896 2102 4951 suis
2125 4895 2424 4965 imperator
2447 4878 2643 4951 metuit
2664 4911 2679 4961 ;
2700 4894 2839 4947 nihil
2870 4891 2996 4947 inde
3026 4892 3269 4946 locorum
3302 4887 3378 4941 rei
3405 4901 3557 4938 novae

1988 4988 2216 5058 percipit
2241 5005 2257 5055 ;
2296 5002 2406 5041 non
2449 4986 2668 5057 exiguis
2698 4985 2998 5041 contractis
3028 4983 3203 5052 copiis
3227 4980 3553 5051 egreditur;

1987 5080 2247 5152 Sinopem
2279 5094 2450 5148 usque
2477 5080 2768 5148 pervenit;
2807 5077 3043 5130 classem
3074 5074 3370 5128 adventare
3418 5068 3554 5122 mari

302 5172 529 5240 cernit;
573 5190 640 5229 eo
688 5189 816 5229 mox
869 5172 1258 5229 animadverso
1284 5173 1500 5243 Cpolim
1550 5172 1870 5227 revertitur.
1911 5170 2117 5225 Verum
2183 5170 2520 5239 Philippicus
2586 5170 2845 5238 princeps
2872 5167 3080 5237 regiam
3113 5172 3365 5231 occupat.
3400 5160 3555 5213 ideo~

304 5285 421 5343 que
490 5268 703 5323 tardius
751 5267 1054 5323 adveniens
1124 5268 1469 5324 Justinianus
1516 5270 1571 5323 in
1624 5268 1949 5338 Damatryos
1988 5276 2204 5321 montes
2236 5277 2337 5320 suo
2366 5281 2425 5320 se
2460 5282 2583 5319 cum
2616 5265 2863 5319 exercitu
2914 5262 3133 5332 recipit.
3176 5260 3255 5313 Eo
3293 5259 3558 5326 Philipp"-

304 5377 410 5420 eus
444 5359 705 5414 adversas
732 5359 918 5429 copias
941 5359 1314 5429 ablegat,qnae
1331 5360 1647 5415 Iustiniano
1678 5357 1873 5413 fraude
1915 5358 2295 5413 circumvento
2358 5358 2592 5411 victoria
2649 5356 2935 5424 potiuntur
2967 5355 3129 5422 eique
3164 5357 3327 5420 caput
3364 5348 3556 5417 prmvi-

307 5461 471 5513 dunt.
512 5458 625 5513 Hoc
655 5458 798 5513 facto
834 5458 1119 5513 biennium
1147 5456 1486 5527 Philippicus
1518 5456 1792 5524 imperat;
1855 5468 1920 5511 ac
1958 5453 2201 5511 vicissim
2268 5469 2296 5508 a
2332 5452 2658 5524 quibusdam
2682 5493 2698 5517 ,
2745 5467 2776 5507 e
2841 5449 3074 5505 Thracia
3124 5446 3218 5518 qui
3270 5455 3555 5504 venerant,

306 5553 490 5609 oculis
518 5552 804 5621 spoliatur.

386 5646 497 5697 Καὶ
545 5643 821 5715 βασιλεύει
854 5641 1140 5712 ’Λρτέμιος
1182 5643 1209 5694 6
1261 5643 1354 5695 καὶ
1394 5640 1747 5702 Ἀναστάσιος
1792 5638 1887 5709 ἔτη

306 5738 428 5800 δύο,
459 5737 553 5790 καὶ
580 5735 719 5805 μετὰ
748 5733 939 5789 τοῦτον
981 5734 1262 5799 Θεοδόσιος
1305 5733 1414 5786 τῶν
1444 5734 1594 5787 κάτω
1634 5732 1731 5801 ἐτη
1774 5731 1889 5784 δύο.

314 5836 489 5892 ουτος
526 5829 620 5881 καὶ
659 5828 807 5905 ἄκων
838 5826 1029 5896 ἐξέστη
1054 5828 1151 5898 τῆς
1175 5825 1453 5896 βασιλείας
1489 5825 1582 5878 καὶ
1611 5824 1733 5879 ἀντὶ
1758 5839 1891 5894 πορ-

2062 5632 2342 5690 Successit
2389 5632 2688 5697 Artemius,
2723 5638 3091 5701 cognomento
3124 5630 3469 5695 Anastasius,
3504 5644 3560 5691 et

1989 5727 2205 5781 duobus
2228 5725 2389 5779 annis
2412 5725 2720 5794 imperavit.
2748 5725 2885 5779 Eum
2917 5725 3248 5780 subsecutus
3273 5736 3353 5779 est
3384 5723 3559 5777 Theo-

1991 5818 2203 5883 dosius,
2240 5817 2405 5874 homo
2437 5817 2711 5888 plebeius,
2748 5816 2839 5888 qui
2874 5825 2931 5872 ct
2961 5817 3074 5888 ipse
3121 5816 3400 5872 biennium
3432 5830 3557 5872 cum
