4212 6448
259 341 361 404 5‘25

1490 364 1895 425 ANNALIUM
1929 366 2016 425 ΡΑ
2033 368 2125 427 BS
2164 368 2258 430 IV.

3391 357 3490 424 52a

260 458 498 521 καὶτοὺς
525 460 763 529 βασιλεῖς
793 465 960 535 μηδὲν
989 485 1041 522 τι
1062 487 1127 539 πε
1140 472 1324 526 ἀττειν
1352 475 1483 528 ἄνευ
1520 477 1723 530 αὐτῶν.
1765 476 1822 531 ’0
1852 506 1897 562 Α

1852 506 1897 562 Α
1926 482 2131 551 absque
2160 480 2410 535 mercede
2434 496 2499 535 ac
2528 482 2750 549 prmmio
2781 480 3088 548 disciplinis
3117 478 3340 545 eptimis
3368 492 3490 529 crn-

260 547 390 613 γοῦν
436 551 695 617 κάκιστος
730 559 1006 613 κηινοῦται
1041 563 1136 615 καὶ
1170 565 1380 628 τούτοις
1434 566 1500 618 τὰ
1529 567 1625 635 τῆς
1657 568 1820 621 ἀθέου

259 640 483 710 γνώμης
517 645 707 710 αὑτοῦ,
736 650 831 703 καὶ
862 652 940 721 μὴ
969 653 1109 722 ἔχων
1138 658 1489 720 καταπειθεῖς
1522 660 1703 726 εὑρεῖν
1729 663 1825 713 αὐ-

260 733 383 793 τοὺς
413 731 547 802 ὕλην
581 742 948 811 περισωρεύει
995 746 1292 809 εὐέξαπτον
1323 749 1508 820 κύκλῳ
1545 751 1637 803 τοῦ
1675 752 1818 805 θείου

260 824 414 885 ναοῦ,
459 826 691 898 καὶπῦρ
728 831 962 899 ὑφάπτει
1014 837 1261 908 λιπαρλιν,
1316 842 1409 894 καὶ
1457 842 1634 897 πάντα
1682 844 1820 911 ὁμοῦ

262 915 623 983 καταφλέγεε,
648 920 776 984 τούς
804 941 864 977 τε
895 925 1073 990 θείους
1098 929 1341 992 ἐκείνους
1369 930 1568 1001 ἄνδρας
1598 937 1691 985 καὶ
1724 937 1822 987 σὺν

262 1005 447 1068 αὐτοῖς
473 1009 571 1070 τὰς
604 1011 842 1079 βίϐλους.

262 1109 583 1155 coacervata
641 1103 830 1173 cingit,
874 1122 996 1177 qua:
1069 1111 1249 1181 ignem
1296 1113 1453 1170 facile
1517 1115 1855 1185 conciperet.

262 1188 464 1252 exurit.
506 1200 615 1246 tam
647 1195 864 1252 divinos
893 1201 1027 1257 istos
1056 1201 1307 1261 homines
1333 1221 1495 1275 quam
1526 1207 1715 1262 libros.

336 1310 473 1362 Κατ’
498 1313 676 1366 ἐκεῖνο
703 1315 760 1367 δὲ
794 1318 987 1387 καιροῦ
1021 1324 1115 1373 καὶ
1166 1325 1419 1389 πλούσιός
1463 1346 1546 1391 τις
1577 1324 1645 1397 ἦν
1673 1328 1825 1397 ἐλεη-

273 1402 529 1467 μοσύναις
546 1407 679 1474 ὁμοῦ
706 1414 801 1461 καὶ
832 1412 1115 1479 πορνεῖαις
1149 1419 1348 1481 συζῶν,
1376 1425 1473 1475 καὶ
1502 1423 1642 1475 οὕτω
1668 1440 1833 1476 κατα-

268 1495 519 1562 γηράσας
552 1496 811 1555 ἀπέθανε.
848 1504 1062 1558 Γίνεται
1093 1504 1188 1561 οὖν
1216 1509 1406 1573 στάσις
1445 1514 1695 1581 περὶτοῦ
1727 1514 1832 1566 ποῦ

263 1586 318 1676 ὁΔ
351 1582 590 1650 τοιοῦτος
618 1591 917 1648 τέτακταιο
969 1600 1018 1650 οί
1083 1600 1183 1668 μὲν
1212 1603 1318 1673 γὰρ
1364 1603 1550 1672 ἔλεγον
1603 1606 1837 1676 ἄμωμον

266 1671 409 1729 εἶναι
440 1677 520 1730 δεῖ
546 1680 645 1751 τὴν
673 1684 1066 1760 ἐλεημοσύνην,
1104 1693 1151 1744 oi
1182 1693 1237 1745 δὲ
1261 1671 1436 1766 ταύτῃ
1467 1671 1827 1767 καθαίρεσθαι

1929 573 2175 626 diebant.
2206 576 2380 642 Atque
2414 574 2608 627 horum
2638 572 2709 626 ob
2731 574 2989 627 virtutem
3022 581 3167 624 tanta
3198 568 3492 623 cclcbrdas

1930 671 2073 725 erat,
2112 671 2172 716 ut
2214 678 2280 716 ne
2323 663 2425 729 ipsi
2474 661 2696 732 quidem
2753 661 3116 729 imperatores
3169 659 3374 726 aliquid
3427 658 3493 709 iis

1926 758 2036 807 nun
2066 755 2333 809 consultis
2360 765 2609 824 agerent.
2631 754 2769 806 Cum
2808 753 2893 805 his
2923 768 3053 819 ergo
3085 752 3166 804 vir
3195 751 3494 818 improbis-

1925 845 2099 898 simus
2132 846 2459 899 sententiam
2485 861 2640 898 suam
2670 846 2892 913 impiam
2926 844 3317 900 communicat.
3347 859 3362 888 ι
3382 859 3496 894 iun-

1927 952 2036 1003 que
2082 950 2272 1002 parum
2311 951 2408 989 eos
2468 936 2586 989 suis
2639 936 2951 990 rationibus
3007 936 3252 989 tribuere
3302 940 3497 1003 deprc-

1929 1026 2239 1087 Iienderct,
2273 1026 2518 1094 undique
2564 1025 2806 1080 divinam
2858 1025 3001 1079 hanc
3045 1028 3216 1079 artem
3271 1038 3392 1079 urat.
3420 1040 3498 1076 ne.

1934 1117 2064 1171 lude
2114 1118 2342 1187 pingues
2409 1117 2459 1171 ei
2506 1116 2655 1172 faces
2700 1116 2944 1187 subjicit,
2994 1115 3287 1184 omniaque
3335 1114 3497 1167 biiiiil

1998 1326 2223 1381 Exstitit
2253 1325 2444 1380 iisdem
2478 1325 3151 1394 Iemporibusvirqnidam
3183 1326 3496 1394 opulentus.

1929 1419 2023 1488 qui
2050 1429 2104 1470 et
2132 1417 2552 1471 beneficentiam
2585 1418 2636 1470 in
2669 1431 2939 1485 pauperes
2964 1415 3185 1485 largiter
3215 1420 3501 1472 exercebat

1930 1520 1986 1565 Cl
2041 1511 2164 1577 plus
2214 1526 2373 1577 (equo
2436 1508 2653 1561 deditus
2708 1519 2829 1562 erat
2894 1509 3351 1564 St‘OI‘laiiOltiiillS.
3403 1510 3501 1565 [mi

1931 1602 2336 1663 consenuisset,
2383 1600 2601 1654 tandem
2655 1609 2865 1653 natura?
2913 1601 3162 1655 debitum
3215 1602 3500 1668 persolvit.

1934 1697 2010 1750 Ibi
2054 1696 2120 1750 de
2161 1696 2266 1750 hoc
2314 1694 2447 1749 oriri
2507 1696 2877 1750 dissensiones
2907 1706 3218 1764 cmperunt,
3264 1711 3502 1765 quonam

266 1768 333 1818 τὰ
367 1768 765 1875 ἁμαρτήματαΔ
796 1777 1214 1851 διισχυρίζοντο.
1262 1788 1576 1858 Δεηθέντων
1610 1790 1703 1845 οὖν
1736 1792 1830 1845 τοῦ
1867 1821 1907 1875 Β

1867 1821 1907 1875 Β
1936 1788 2261 1842 referendus
2287 1796 2457 1842 esset.
2496 1787 2707 1856 Quippe
2739 1788 2990 1842 nonnulli
3036 1788 3258 1843 aiebant
3299 1791 3504 1843 benefi-

267 1861 608 1932 πατριάρχου
633 1883 691 1918 τε
732 1868 1013 1939 Ῥωμανοῦ
1046 1876 1141 1929 καὶ
1172 1878 1281 1932 τῶν
1318 1879 1581 1950 θεοφιλῶν
1610 1884 1832 1938 ἐπισκό-

270 1966 390 2046 πων
417 1952 511 2006 τοῦ
550 1954 685 2010 Θεοῦ
725 1964 853 2031 περὶ
900 1964 1114 2031 τούτου,
1169 1972 1535 2046 ἀπεκαλύφθη
1590 1976 1696 2030 τινὶ
1746 1980 1836 2044 ὲγο

267 2044 524 2135 κλείστῳ.
544 2049 721 2123 Ἑώρα
752 2055 862 2125 γὰρ
892 2058 1144 2112 ἐντεῦθεν
1180 2063 1279 2131 μὲν
1311 2044 1668 2135 παράδεισον,
1694 2071 1837 2123 ὲκεῖο

266 2134 362 2189 θεν
391 2139 446 2191 δὲ
486 2140 659 2210 φλόγα
701 2148 877 2217 πυρὸς
912 2151 1200 2221 μεγίστην,
1236 2154 1401 2222 μέσον
1424 2157 1479 2211 δὲ
1517 2160 1609 2212 τὸν
1644 2134 1835 2213 τελευ-

267 2231 517 2320 τήσαντα
569 2235 782 2293 ἑστῶτα
839 2242 935 2294 καὶ
990 2243 1136 2312 μέγα
1193 2249 1559 2313 στενάζοντα·
1590 2251 1729 2320 πρὸς
1778 2254 1837 2307 δν

268 2311 508 2389 ἄγγελοξ
537 2325 709 2381 ἐλθὼν
738 2327 893 2385 εἴπεο
936 2353 955 2386 ι
992 2311 1237 2406 Τίνμέγα
1272 2311 1592 2407 στενάζεις-ς
1680 2311 1837 2417 ἐλεη-

272 2604 337 2657 ἐκ
372 2607 626 2677 ῥυπαρᾶς
671 2613 854 2682 χειρὸς
882 2615 1181 2685 διδόμενον.
1220 2619 1382 2675 ’Δλλὰ
1440 2622 1534 2675 καὶ
1577 2624 1766 2693 Ζήνων
1810 2624 1839 2677 ὁ

273 2694 548 2764 βασιλεὺς,
580 2703 655 2765 ὥς
682 2706 784 2759 πού
822 2725 1011 2776 φησιν,
1040 2711 1207 2782 ἐμίγη
1233 2715 1458 2780 γυναικὶ
1491 2716 1742 2786 παρθένῳ
1767 2710 1840 2788 ἧς

269 2791 303 2859 ἡ
368 2792 550 2864 μήτηρ
602 2796 675 2866 μὴ
726 2798 970 2868 φέρουσα
1017 2802 1077 2855 τὸ
1110 2805 1328 2871 συμϐὰν
1382 2806 1480 2876 τὴν
1536 2807 1839 2877 ἀειπάρθεο

269 2898 362 2934 νον
413 2884 621 2940 ἱκέτευε
664 2891 925 2944 Θεοτόκον
950 2894 1187 2959 ἐκτενῶς
1216 2895 1358 2951 ὥστε
1408 2898 1592 2951 λαϐεῖν
1624 2899 1843 2971 ἐκδίκη-

164 2992 171 2997 ·
270 2988 377 3025 σιν.
405 2976 515 3029 Καὶ
542 2978 743 3047 ηκουσε
778 2981 928 3046 θείας
951 2985 1163 3037 ἐκεῖθεν
1190 2989 1374 3057 φωνῆς
1404 2988 1553 3044 οὕτω
1573 2990 1841 3061 λεγούσης

274 3066 411 3135 πρὸς
446 3068 615 3138 αὐτήν
636 3088 651 3103 ·
683 3092 702 3124 ι
735 3073 975 3144 Θέλομεν
1000 3078 1286 3146 ἐκδικῆσαι
1314 3098 1395 3145 σε,
1422 3076 1467 3136 ὦ
1493 3085 1654 3152 γύναι
1681 3102 1697 3117 ⁶
1727 3088 1840 3140 ἀλλ’

1937 1880 2174 1935 centiam
2211 1878 2375 1949 282
2423 1878 2478 1931 in
2515 1894 2792 1948 pauperes
2844 1890 3124 1948 expertem
3183 1881 3321 1934 labis
3369 1890 3425 1935 et
3477 1898 3504 1934 a

1933 1973 2085 2028 vitiis
2126 1972 2427 2026 immunem
2460 1986 2581 2025 esse
2629 1971 2853 2026 debere.
2905 1972 3007 2026 Alii
3061 1981 3252 2026 contra
3285 1976 3503 2042 purgari

1933 2074 1991 2120 et
2019 2066 2229 2135 expiari
2277 2063 2478 2119 delicta
2506 2079 2603 2133 per
2633 2063 2778 2119 hanc
2820 2064 3241 2119 beneficentiam
3294 2080 3510 2119 assere-

1936 2156 2088 2212 bant.
2107 2157 2289 2224 Quare
2312 2171 2435 2210 cum
2461 2156 2605 2210 hanc
2624 2157 2694 2210 ob
2722 2171 2940 2210 causam
2970 2156 3251 2210 Romanus
3277 2157 3511 2226 patriar—

1936 2248 2036 2301 cha
2059 2256 2116 2301 et
2147 2246 2388 2314 religiosi
2426 2246 2703 2301 antistites
2749 2247 2921 2300 Deum
2979 2257 3256 2317 rogarent,
3290 2248 3508 2302 tandem

1939 2339 2233 2409 patefactio
2264 2339 2513 2408 quaedam
2536 2340 2657 2394 viro
2687 2339 2742 2393 in
2775 2339 3128 2394 solitudinem
3167 2339 3352 2393 abdito
3382 2356 3513 2394 con-

1938 2431 2078 2502 tigit.
2117 2432 2329 2486 Etenim
2364 2430 2587 2486 videbat
2621 2432 2689 2487 ab
2725 2446 2831 2484 una
2878 2441 3033 2500 parte
3075 2432 3409 2500 paradisum,
3441 2433 3511 2489 ab

1941 2524 2112 2578 altera
2144 2523 2414 2578 flammam
2446 2524 2588 2595 ignis
2617 2524 2932 2587 maximam,
2963 2524 3017 2577 in
3060 2524 3243 2579 medio
3274 2534 3511 2578 stantem

1940 2629 2003 2669 ac
2034 2615 2193 2671 valde
2225 2616 2670 2685 ingemiscentem
2696 2632 2821 2671 eum
2859 2618 2951 2686 qui
2984 2618 3150 2670 vitam
3189 2617 3513 2686 reliquera'.

1943 2708 2086 2765 Hinc
2112 2708 2368 2778 angelum
2405 2706 2784 2773 accedentem,
2818 2712 2909 2778 qui
2944 2710 3145 2763 talibus
3176 2709 3353 2775 ipsum
3390 2724 3516 2762 ver-

1941 2801 2027 2856 bis
2077 2801 2505 2870 alloqueretur:
2563 2820 2581 2853 ι
2638 2801 2751 2857 Cur
2802 2808 3091 2867 tantopere
3155 2801 3519 2871 ingemiscis?

1939 2893 2304 2949 beneﬁcentia
2339 2893 2393 2946 in
2425 2908 2694 2963 pauperes
2721 2902 2812 2948 tua
2842 2902 2894 2947 te
2922 2893 3160 2948 flammis
3190 2894 3341 2947 hisce
3375 2895 3485 2946 libe

1944 2985 2106 3040 ravit.
2146 3005 2163 3038 ι
2210 2984 2284 3041 De
2315 3001 2425 3055 quo
2454 2986 2708 3056 exemplo
2736 2985 3004 3040 discimus
3030 2986 3320 3054 pecuniam
3350 3000 3515 3038 manu

1948 3077 2237 3146 inquinata
2279 3079 2653 3148 sordenteque
2693 3076 2949 3132 donatam
3002 3093 3110 3131 non
3170 3092 3344 3145 usque
3380 3078 3517 3131 adeo

268 3158 303 3224 ἡ
344 3159 491 3224 δεξιὰ
519 3164 728 3216 ἐκείνου
757 3168 979 3235 ποιῆσαί
1016 3186 1083 3239 με
1114 3170 1287 3234 οὕτως
1331 3174 1432 3226 οὐκ
1475 3175 1693 3245 ἀφίησι.
1726 3196 1742 3229 ι
1781 3177 1842 3231 '0
1868 3166 1913 3228 C

1868 3166 1913 3228 C
1945 3170 2309 3239 largientibus
2363 3169 2734 3239 profuturam,
2767 3179 2827 3223 ut
2880 3167 3130 3221 nonnulli
3172 3168 3512 3222 existimant.

265 3248 325 3300 δὲ
370 3248 631 3319 Θεολόγος
675 3255 977 3327 Γρηγόριος
1024 3258 1162 3327 πρὸς
1191 3261 1483 3331 ἀκρίϐειαν
1531 3264 1840 3332 νομοθετῶν

1945 3264 2140 3319 Itidem
2186 3263 2502 3333 accepimus
2545 3263 2823 3317 Zenonem
2887 3262 3275 3331 imperatorem
3318 3262 3513 3329 virgini

266 3339 443 3402 οὕτως
474 3341 704 3414 εὕρηται
732 3346 939 3416 λέγων’
988 3367 1006 3399 ι
1045 3348 1319 3421 Μίσθωμα
1348 3353 1549 3424 πόρνης
1578 3354 1748 3423 ἁγνὸς
1776 3357 1841 3408 οὐ

1947 3356 2165 3411 cuidam
2204 3355 2399 3411 vitium
2433 3355 2740 3420 obtulisse;
2774 3356 2932 3426 cujus
2978 3364 3154 3409 mater
3199 3356 3391 3424 iniquo
3426 3370 3516 3407 (δει-

274 3432 580 3501 μερίζεται.
616 3454 635 3488 ι
942 3432 947 3437 ’

1946 3463 2067 3501 sum
2113 3447 2259 3501 hunc
2298 3447 2483 3502 animo
2527 3446 2727 3511 ferens,
2778 3448 3195 3503 continentibus
3241 3457 3518 3515 perpetua:

271 3525 348 3579 illi
390 3527 737 3596 Deiparzeque
766 3529 974 3602 Virgini
1013 3534 1272 3603 precibus
1305 3537 1720 3606 supplicaverit,
1776 3546 1835 3593 ut
1871 3539 2084 3593 facinus
2117 3540 2260 3594 istuc
2317 3539 2651 3608 impunitum
2692 3556 2796 3594 non
2866 3540 3241 3608 relinqueret,
3269 3540 3517 3593 Tandem

268 3619 341 3673 ab
365 3634 430 3674 ea
471 3622 710 3677 divinam
739 3627 1031 3695 quamdam
1063 3645 1280 3699 vocem,
1348 3632 1667 3703 hujusmodi
1733 3634 1903 3689 verba
1942 3634 2334 3705 proferentem,
2362 3634 2605 3689 auditam
2629 3650 2749 3690 esse
2779 3650 2792 3686 :
2829 3654 2847 3687 ‹
2879 3636 3143 3706 Cupimus
3168 3651 3269 3691 nos
3294 3636 3516 3705 quidem

272 3713 532 3783 injuriam
602 3718 698 3772 tibi
740 3717 937 3774 faetam
1002 3722 1216 3785 ulcisci,
1278 3724 1501 3790 mulier,
1539 3740 1730 3779 verum
1762 3725 2003 3782 Zenonis
2035 3727 2227 3782 dextra
2269 3744 2372 3783 nos
2401 3726 2455 3781 id
2526 3727 2712 3783 facere
2744 3743 3089 3798 nequaquam
3140 3728 3292 3783 sinit.
3327 3747 3346 3780 ι
3381 3728 3517 3784 Gre-

269 3809 459 3876 gorius
505 3819 709 3869 autem.
753 3823 1117 3881 cognomento
1173 3814 1520 3886 Theologus,
1577 3827 1864 3874 accuratas
1905 3810 2124 3889 pietatis
2191 3820 2339 3890 leges
2378 3818 2587 3882 ferens,
2621 3819 2823 3875 alicubi
2854 3821 3071 3876 locutus
3105 3821 3159 3875 in
3201 3822 3315 3877 haec
3349 3824 3519 3877 verba

271 3900 586 3969 reperitur:
623 3919 643 3954 ι
682 3902 848 3969 Deus,
873 3903 968 3974 qui
1002 3922 1173 3975 purus
1210 3917 1331 3974 est,
1368 3924 1476 3964 non
1518 3911 1636 3966 vult
1667 3912 1835 3967 scorti
1880 3914 2153 3969 mercedis
2178 3913 2460 3985 particeps
2493 3930 2635 3970 esse.
2675 3933 2695 3967 ι

356 4034 608 4104 Ἐγένετο
648 4037 706 4091 δὲ
740 4038 835 4091 καὶ
877 4038 937 4092 ιν
966 4041 1031 4111 τῇ
1066 4039 1251 4113 Ῥώμῃ
1283 4043 1529 4100 τοιοῦτόν
1558 4062 1634 4098 τι.
1661 4046 1846 4101 Maw-

269 4129 371 4197 χὸς
414 4147 498 4192 τις
542 4129 862 4201 ἀφορισθεὶς
910 4131 1015 4186 ὑπὸ
1068 4133 1373 4204 Γρηγορίου
1430 4137 1525 4191 τοῦ
1575 4138 1732 4191 πάπα
1769 4138 1846 4203 ὡς

273 4224 430 4289 παρὰ
480 4223 707 4292 γνώμην
746 4222 841 4275 τοῦ
881 4224 1186 4295 ἡγουμένου
1217 4227 1383 4281 αὑτοῦ
1434 4230 1529 4282 καὶ
1575 4230 1728 4299 παρὰ
1757 4232 1849 4284 τὸν
1899 4223 1914 4242 ’

272 4314 479 4383 θεσμὸν
504 4313 597 4367 τοῦ
630 4316 997 4384 μοναστηρίου
1028 4316 1121 4370 τοῦ
1157 4318 1323 4372 αὑτοῦ
1356 4320 1661 4391 Γρηγορίου
1691 4324 1851 4392 ποιή-

275 4426 376 4471 σας
405 4427 480 4469 τι,
516 4409 634 4477 μετ’
680 4408 865 4477 ὀλίγας
917 4410 1270 4479 ἐτελεύτησεν
1304 4414 1536 4483 ἡμέρας.
1569 4416 1748 4485 Ὅπερ
1787 4418 1851 4470 ἀ-

2015 4047 2316 4102 Perhibent
2336 4049 2499 4103 etiam
2523 4048 2712 4105 Romae
2739 4048 3002 4119 quiddam
3038 4051 3352 4121 hujusmodi
3376 4056 3523 4109 acci-

1944 4137 2112 4193 disse.
2152 4138 2385 4205 Quidam
2432 4139 2694 4194 solitariaa
2727 4139 2850 4193 vitm
2891 4150 3135 4196 sectator
3193 4158 3222 4195 a
3253 4141 3522 4213 Gregorio

1946 4246 2083 4299 papa
2121 4232 2654 4293 excommunieatus.
2691 4232 2872 4301 utqui
2928 4243 3121 4288 contra
3179 4236 3520 4292 voluntatem

1949 4321 2198 4389 praesidis
2227 4332 2282 4376 et
2311 4324 2660 4389 praescriptas
2696 4325 3033 4377 monasterio
3064 4328 3210 4395 leges
3244 4344 3271 4381 a
3309 4329 3524 4398 Grego-

1950 4410 2034 4464 rio
2070 4413 2324 4467 nonnihil
2356 4413 2703 4483 deliquisset.
2742 4414 2936 4483 paucis
2969 4414 3167 4471 dicbus
3216 4417 3525 4488 interiectis

272 4500 481 4561 δεούσας
513 4502 541 4553 ὁ
570 4501 755 4563 πάπας
786 4501 1039 4569 μεγάλως
1064 4502 1332 4573 ἐλυπήθη,
1379 4504 1512 4557 διότι
1544 4505 1788 4573 ἀπῆλθεν
1819 4508 1846 4559 ὁ
1882 4498 1923 4552 D

1882 4498 1923 4552 D
1956 4499 2118 4554 vitam
2171 4517 2296 4557 cum
2348 4513 2523 4557 morte
2575 4504 2957 4557 commutavit.
3022 4504 3096 4557 Ea
3152 4520 3212 4560 re
3273 4509 3522 4561 nuntiata

271 4593 505 4661 ἁδελφδς
570 4592 830 4661 ἐξαίφνης
870 4593 1154 4661 δεδεμένος
1194 4594 1290 4647 ὢν.
1349 4595 1461 4649 Καὶ
1522 4596 1743 4666 γράψας
1792 4598 1851 4649 ἐν

273 4687 458 4757 χάρτῃ
509 4684 673 4754 εὐχὴν
706 4684 941 4738 λύουσαν
994 4686 1105 4739 τῶν
1160 4687 1376 4754 δεσμῶν
1431 4688 1521 4740 τὶν
1578 4689 1852 4741 τεθνεῶτα

273 4780 443 4832 ἔδωκέ
470 4796 574 4831 τινι
600 4778 833 4848 διακόνῳ
858 4779 1031 4831 εἰπών
1055 4795 1071 4811 ο
1109 4798 1127 4831 ι
1170 4780 1409 4832 Ἀπελθε
1433 4780 1527 4833 ἐπὶ
1556 4780 1647 4834 τὸν
1680 4782 1853 4849 τάφον

272 4870 374 4925 τοῦ
408 4868 660 4937 ἀδελφοῦ,
722 4868 833 4923 Καὶ
869 4869 1144 4935 ἀνάγνωθι
1196 4871 1387 4940 αὑτήν.
1438 4889 1456 4921 ι
1488 4871 1599 4923 Καὶ
1651 4870 1847 4923 τούτου

273 4964 577 5033 γενομένου
609 4962 860 5031 θεωρεῖὸ
896 4962 1201 5031 ἡγούμενος
1244 4963 1367 5017 κατ’
1412 4962 1548 5033 ὄναρ
1577 4963 1671 5016 τὸν
1702 4963 1855 5017 ἀδελ-

276 5055 406 5125 φὺν,
442 5054 538 5109 καὶ
562 5055 713 5122 λέγει
741 5053 889 5123 αὐτῷ
912 5069 928 5087 ο
966 5072 985 5107 ι
1018 5054 1211 5123 Λύπην
1234 5054 1450 5125 ἔχομεν,
1481 5055 1698 5123 ἀδελφὲ,
1728 5058 1857 5126 περὶ

278 5147 406 5212 σοῦ,
442 5147 523 5200 ὅτι
554 5146 835 5216 δεδεμένος
860 5146 1254 5217 ὲτελεύτησας·
1293 5131 1417 5200 εἰπὲ
1439 5146 1530 5201 οὖν
1562 5149 1695 5217 ἡμῖν
1739 5149 1852 5211 πῶς

275 5241 399 5308 εχει
433 5238 500 5293 τὰ
523 5240 664 5293 κατά
688 5255 782 5305 σε;
832 5240 928 5292 καὶ
953 5239 1011 5301 ὃς
1037 5238 1359 5307 ἀποκριθεὶς
1390 5236 1545 5291 εἶπεν
1567 5256 1581 5270 ο
1615 5240 1714 5292 ’ον
1727 5257 1853 5302 τως,

278 5332 485 5402 πάτερ,
543 5332 624 5393 είς
658 5330 909 5401 φυλακὴν
961 5332 1108 5401 ήμην
1159 5331 1267 5394 ἕως
1314 5330 1471 5399 χθές·
1525 5334 1765 5402 σήμερον
1798 5335 1856 5386 δὲ

276 5423 647 5493 ἁπολέλυμαι.
684 5443 702 5476 ι
736 5426 848 5479 Καὶ⁵
872 5424 1124 5493 ἐγνώσθη
1154 5427 1320 5479 πᾶσιν
1347 5426 1430 5480 ὅτι
1460 5427 1583 5481 καθ’
1609 5426 1677 5496 ἥν
1706 5428 1855 5497 ὤραν

277 5516 497 5583 ἀνέγνω
529 5518 557 5569 ὁ
595 5516 842 5580 διάκονος
869 5516 968 5588 τὴν
1019 5517 1186 5587 εὐχὴν
1236 5518 1329 5571 ἐπὶ
1369 5519 1464 5572 τοῦ
1517 5520 1714 5584 τάφου,
1760 5519 1853 5571 τοῦ

276 5606 486 5675 δεσμοῦ
542 5606 866 5677 παραδόξως
895 5611 924 5662 δ
972 5608 1200 5678 ἀδελφὸς
1231 5609 1594 5680 ἠλευθέρωτο.
1625 5612 1765 5663 Ὀσα
1800 5611 1856 5663 δὲ

263 5697 509 5765 δύναται
537 5700 564 5751 ὀ
601 5700 751 5769 παρὰ
780 5700 888 5752 τῶν
923 5701 1116 5773 ἱερέων
1140 5702 1481 5771 ἐπαγόμενος
1512 5701 1733 5772 δεσμὸς,
1764 5702 1860 5772 δῆ-

282 5790 376 5843 λον
416 5789 688 5845 ἐντεῦθεν.
735 5791 820 5847 Ἐν
856 5795 919 5864 τῇ
947 5793 1375 5863 ἐκκλησιαστικῇ
1419 5794 1654 5863 Ἰκορίᾳ
1686 5794 1853 5850 Φίλω-

1953 4610 2285 4664 magnopere
2316 4596 2614 4665 Gregorius
2642 4597 3144 4658 indoluit,fratrcm
3173 4598 3323 4651 illum
3357 4615 3386 4652 e
3415 4600 3522 4654 vita

1954 4688 2136 4742 subito
2165 4688 2430 4757 migrasse
2460 4689 2634 4744 sacris
2663 4690 2847 4742 adhuc.
2867 4690 3106 4744 vinculis
3139 4692 3521 4747 constrictum.

1953 4776 2142 4846 Itaque
2176 4779 2437 4847 scriptam
2480 4778 2535 4832 in
2570 4778 2757 4832 charta
2791 4780 3189 4845 precationem,
3223 4796 3329 4850 qua
3380 4798 3529 4835 mor-

1956 4878 2109 4922 tuum
2145 4869 2380 4925 vinCulis
2407 4869 2524 4924 istis
2552 4868 2838 4935 eximeret,
2869 4870 3124 4925 ministro
3152 4872 3369 4926 cuidam
3399 4889 3525 4927 cum

1957 4959 2108 5014 hisce
2140 4961 2327 5015 verbis
2375 4959 2636 5014 tradidit:
2687 4978 2704 5010 ι
2737 4960 2837 5015 Abi
2872 4960 2939 5014 ad
2976 4962 3285 5030 sepulcrum
3341 4963 3527 5018 fratris

1958 5052 2126 5117 illius,
2166 5064 2222 5105 et
2274 5053 2648 5121 precationem
2694 5052 2839 5106 hanc
2888 5052 3124 5122 pellege.
3160 5070 3178 5104 ι
3234 5053 3388 5118 Quod
3434 5055 3526 5109 ubi

1959 5133 2161 5202 factum
2213 5145 2445 5223 fuisset,
2510 5144 2833 5200 monasterii
2881 5159 3085 5213 praeses
3135 5159 3234 5222 per
3285 5145 3526 5214 quietem

1958 5236 2182 5291 fratrem
2234 5237 2384 5291 hunc
2445 5236 2737 5305 conspicit.
2780 5235 2903 5289 Mox
2958 5249 3083 5289 eum
3139 5236 3478 5303 compellans
3512 5278 3525 5295 .

1964 5350 1980 5381 ι
2016 5330 2131 5384 Tua
2171 5312 2336 5384 causa
2393 5329 2575 5384 incesti
2630 5344 2852 5393 sumus,
2886 5345 2917 5383 ο
2970 5329 3158 5390 frater,
3223 5328 3323 5389 ait,
3380 5328 3527 5397 quod

1958 5423 2195 5478 vinculis
2240 5422 2413 5478 sacris
2462 5421 2665 5492 ligatus
2717 5420 2947 5475 obieris.
2993 5404 3357 5484 Quamobrem
3409 5422 3529 5482 die.

1957 5513 2392 5575 obsecro,nobis
2418 5528 2655 5583 quonam
2688 5512 2743 5566 in
2779 5519 2926 5565 statu
2951 5520 3007 5566 et
3036 5510 3359 5564 conditione
3396 5510 3489 5564 sis.
3509 5528 3525 5559 ι

1955 5603 2098 5658 Tum
2148 5605 2237 5659 ille
2271 5607 2644 5673 respondens,
2691 5622 2708 5654 ι
2752 5602 2984 5667 Revera,
3036 5601 3234 5671 inquit,
3285 5615 3318 5655 ο
3353 5610 3531 5669 pater,

1958 5696 2023 5752 ad
2059 5697 2375 5751 bcsmrnum
2411 5710 2583 5765 usque
2611 5694 2758 5749 dicm
2786 5710 3011 5749 carcere
3043 5695 3280 5764 quodam
3309 5695 3532 5748 clausus

1961 5790 2078 5848 fui:
2120 5806 2309 5843 verum
2353 5789 2510 5843 iiOtilt‘
2548 5790 2763 5844 solutus
2818 5806 2879 5844 ac
2933 5789 3071 5844 liii-cr
3109 5788 3286 5843 fctus
3318 5802 3457 5843 sum.
3502 5805 3518 5837 ι
