4212 6448
722 394 821 457 527

1956 402 2374 459 .-\!lt'.llAI-ll.!$
2408 403 2667 462 GLYCE

3842 396 3944 497 52$

716 508 831 562 Hoc
860 506 1022 561 modo
1048 508 1262 562 eunetis
1295 507 1555 576 innotuit,
1584 513 1774 566 eadem
1809 513 1940 565 hora
1965 530 2068 581 qua
2095 514 2279 567 diaco-

2388 534 2465 577 vo;
2497 517 2590 570 τοῦ
2620 516 2910 584 φιλοσόφου
2940 514 3170 585 εὕρηται
3197 514 3309 584 (85)
3342 516 3424 568 ὅτι
3455 513 3512 566 ἐν
3536 512 3611 583 τῷ
3636 512 3811 582 καιρῷ
3837 513 3944 566 τῶν

716 592 1241 667 ιιυε’ρῑθοοιὶοιιειιι
1288 600 1433 653 illam
1477 617 1643 670 supra
1685 604 1997 672 sepulcrum
2050 605 2272 673 legerat,

717 703 854 739 nova
883 696 938 741 et
982 688 1291 742 admirabili
1326 694 1538 746 ratione
1586 693 1813 749 fratrem
1846 694 2010 749 istum
2050 711 2081 749 a
2121 708 2280 749 sacro

714 778 936 829 vinculo
994 778 1164 833 fuisse
1215 780 1529 837 liberatum.
1581 778 1655 836 De
1713 784 1817 838 hoc
1871 800 2092 854 quoque
2147 784 2279 839 satis

713 869 1018 923 existimari
1054 881 1234 940 potest
1291 882 1491 941 quanta
1538 874 1619 929 vis
1653 877 1725 929 sit
1765 878 1885 946 ejus
1927 876 2131 929 vinculi
2165 890 2279 945 quo

716 961 976 1015 mortales
1000 977 1030 1015 a
1058 962 1439 1017 sacerdotibus
1468 966 1801 1035 ligantur.ln
1838 968 2072 1021 llistoria
2104 968 2281 1021 eccle-

713 1052 934 1105 siastica
969 1051 1213 1108 Philonis
1244 1056 1558 1125 philosophi
1614 1058 1910 1126 reperitur,
1942 1059 2104 1130 283
2143 1074 2281 1128 quo-

712 1142 836 1194 dam
899 1145 1346 1211 persecutionum
1400 1149 1704 1216 priscarum
1763 1160 2010 1218 tempore
2071 1151 2279 1206 seniori

710 1233 1092 1289 ecclesiastico
1117 1237 1185 1289 ab
1215 1238 1459 1293 antistite
1491 1241 1661 1295 sacris
1695 1242 2056 1296 interdictum
2086 1242 2277 1297 fuisse.

711 1324 846 1378 Cum
880 1337 1063 1380 autem
1095 1328 1282 1382 senior
1306 1329 1396 1384 ille
1424 1332 1715 1399 quamdam
1738 1333 1810 1388 ob
1840 1348 2059 1387 causam
2091 1349 2282 1388 neces—

712 1418 911 1472 sariam
943 1418 1128 1487 aliquo
1157 1421 1441 1489 prolectus
1493 1434 1661 1489 esset,
1692 1425 1893 1478 accidit
1920 1434 1980 1479 ut
2004 1427 2072 1481 ab
2098 1425 2282 1480 ethni-

714 1509 795 1562 eis
827 1511 1259 1579 comprehensus
1289 1513 1608 1569 testimonio
1648 1531 1749 1570 suo
1793 1517 2084 1571 veritatem
2133 1516 2282 1571 obsi-

714 1610 925 1668 gnaret.
970 1602 1109 1656 lline
1161 1605 1423 1673 templum
1457 1621 1524 1660 eo
1574 1608 1692 1662 loco
1731 1610 1989 1663 conditur
2020 1620 2076 1664 et
2120 1626 2281 1665 reno-

715 1692 854 1745 valla
930 1704 1309 1763 peraguntur;
1366 1713 1602 1767 cumque
1657 1702 1887 1754 antistes
1945 1702 2059 1755 Irec
2116 1703 2282 1757 verba

714 1794 1099 1853 pronuntiaret
1144 1806 1161 1838 ι
1196 1789 1303 1842 Pax
1342 1790 1637 1853 universis,
1675 1813 1693 1844 ι
1748 1794 2028 1863 sandapila
2081 1796 2282 1863 templo

2379 607 2635 675 διωγμῶν
2678 606 2978 669 ἐπίσκοπος
3021 622 3107 668 τις
3153 605 3403 673 ἀφώρισε
3449 603 3845 673 πρεσϐύτερον,
3888 604 3948 664 ὃς

2379 696 2763 752 ἀπελθών-που
2782 697 2871 751 διά
2898 714 3021 750 τινα
3040 695 3229 765 χρείαν
3244 697 3531 765 κρατεῖται
3556 694 3949 761 smmum».

2380 788 2476 841 καὶ
2502 788 2791 857 μαρτυρεῖ.
2824 786 2968 849 Ναδς
2996 787 3175 845 ἐκεῖσε
3206 784 3355 855 αὐτῷ
3383 784 3677 855 ἐγείρεται,
3708 783 3949 834 τελεῖται

2379 881 2449 934 τὰ
2484 880 2759 947 ἐγκαίνια.
2830 879 2940 933 Καὶ
2997 877 3115 948 ἅμα
3148 878 3227 947 τῷ
3258 877 3350 930 τὸν
3400 875 3702 928 ἐπίσκοπον
3733 875 3948 926 εἰπεῖν·

2387 993 2406 1026 ε
2436 974 2639 1043 Εἰρήνη
2663 974 2819 1036 πᾶσι,
2869 990 2889 1023 ι
2930 970 3232 1037 τηνικαῦτα
3263 970 3297 1039 ἡ
3329 967 3533 1037 λάρναξ
3557 967 3653 1018 τοῦ
3679 964 3812 1018 ναοῦ
3835 964 3955 1028 ἐξε-

2382 1066 2666 1133 πορεύετο.
2692 1065 2909 1117 Γίνεται
2939 1063 3098 1116 τοῦτο
3126 1064 3204 1123 δὶς
3234 1063 3329 1113 καὶ
3362 1060 3649 1121 πολλάκις.
3685 1057 3955 1111 Ὀπτὰνε-

2381 1172 2471 1208 ται
2495 1156 2524 1209 6
2557 1155 2773 1223 μάρτυρ
2802 1153 2882 1223 τῷ
2912 1153 3215 1221 ἐπισκόπῳ,
3254 1150 3429 1216 λέγων
3453 1164 3467 1179 ’
3509 1166 3529 1200 ι
3570 1147 3833 1212 Ἀπελθε,
3860 1147 3955 1199 καὶ

2384 1251 2573 1302 πεῖσον
2612 1250 2703 1301 τὸν
2761 1245 3061 1299 ἐπίσκοπόν
3109 1262 3210 1313 μου
3265 1242 3443 1296 ἐλθεῖν
3494 1243 3593 1294 καὶ
3643 1240 3805 1292 λῦσαί
3858 1257 3950 1307 με.

2396 1339 2668 1411 Ἀφὼρισέ
2698 1356 2766 1407 με
2797 1338 2906 1407 γὰρ
2942 1338 3041 1407 τῆς
3080 1332 3445 1404 λειτουργίας,
3471 1332 3568 1384 καὶ
3614 1330 3959 1396 συλλειτουρο

2383 1434 2552 1503 γῆσαι
2596 1433 2725 1500 ὑμῖν
2768 1431 2830 1483 οὐ
2873 1430 3129 1498 δύναμαι.
3165 1428 3279 1482 Καὶ
3320 1426 3410 1479 τὸν
3436 1425 3534 1494 μὲν
3568 1425 3835 1491 στέφανον
3861 1422 3957 1475 τοῦ

2386 1523 2691 1596 μαρτυρίου
2746 1522 2963 1586 ἔλαϐον,
2989 1520 3052 1573 τὸ
3100 1520 3160 1573 δὲ
3214 1519 3510 1589 πρόσωπον
3548 1515 3640 1568 τοῦ
3687 1513 3823 1568 Θεοῦ
3854 1514 3960 1566 οὐκ

2383 1616 2727 1685 ἐθεασάμην,
2760 1615 2870 1667 Καὶ
2903 1614 2952 1666 εί
2994 1613 3070 1682 μὴ
3101 1614 3129 1665 6
3158 1611 3324 1680 δήσας
3350 1610 3507 1663 λύσει
3548 1625 3639 1677 με,
3663 1608 3827 1660 λῦσαι
3859 1607 3963 1660 ἄλ·

2382 1710 2474 1771 λος
2507 1709 2567 1761 οὐ
2595 1708 2838 1761 δύναται.
2880 1725 2899 1758 ›
2940 1705 3154 1758 Γίνεται
3199 1702 3396 1768 ταῦτα,
3429 1702 3525 1755 καὶ
3552 1702 3586 1767 ἠ
3628 1696 3839 1767 λάρναξ
3870 1698 3966 1749 οὐ-

2384 1800 2503 1852 κέτι
2528 1796 2625 1850 τοῦ
2661 1795 2792 1851 ναοῦ
2818 1794 3123 1865 ἐξέρχεται.
3157 1793 3325 1846 Ὅθεν
3368 1794 3461 1847 καὶ
3504 1790 3708 1851 πάντες
3735 1789 3815 1859 τῷ
3842 1786 3970 1856 Θεῷ

710 1879 976 1941 excessit,
1027 1879 1193 1949 idque
1244 1897 1351 1935 non
1391 1883 1561 1937 semel
1596 1885 1690 1938 sed
1734 1886 1819 1938 bis
1860 1897 2013 1940 terve
2049 1888 2270 1940 laetum.

2388 1892 2535 1956 δόξαν
2582 1891 2849 1945 δεδώκασι
2874 1890 2950 1959 τῷ
2984 1883 3179 1942 διδόντι
3221 1885 3494 1964 τοιαύτην
3544 1883 3798 1951 ἐξουσίαν
3836 1882 3960 1943 τοῖς

711 1966 850 2023 llinc
881 1987 982 2040 per
1001 1974 1242 2042 quietem
1272 1976 1505 2031 antistiti
1544 1978 1727 2031 senior
1764 1978 2013 2032 oblatus:
2046 1997 2063 2029 ι
2088 1980 2275 2042 Abite,

710 2061 918 2132 inquit,
952 2073 1008 2119 et
1060 2055 1320 2135 episeopo
1351 2083 1473 2123 meo
1509 2070 1587 2123 sis
1627 2082 1818 2124 auctor
1854 2082 1910 2125 ιιι
1961 2072 2067 2125 huc
2096 2073 2283 2127 veniat

709 2169 908 2223 tneque
943 2156 1182 2211 vinculis
1212 2160 1485 2215 exsolvat.
1513 2160 1647 2214 Nam
1675 2160 1850 2215 oﬂieio
1875 2178 1959 2217 me
1996 2178 2150 2217 sacro
2182 2179 2278 2217 ex-

707 2247 892 2312 clusit,
927 2249 1159 2320 ideoque
1203 2252 1377 2306 sacris
1428 2253 1695 2309 interesse
1726 2254 2010 2309 vobiscum
2043 2271 2279 2324 nequeo.

708 2338 1030 2395 Testimonii
1063 2342 1286 2409 quidem
1324 2360 1582 2399 coronam
1627 2358 1957 2400 consecutus
2007 2362 2150 2414 sum,
2183 2346 2279 2401 sed

708 2431 801 2484 Dei
830 2432 1024 2487 faciem
1054 2434 1289 2489 necdum
1329 2440 1611 2506 conspexi.
1642 2437 1849 2504 Quodsi
1886 2455 1971 2494 me
2006 2440 2122 2510 ipse
2153 2456 2283 2510 pro-

2378 1982 2587 2045 δούλοις
2620 1980 2808 2034 αὐτοῦ.
2848 1978 3005 2034 Ἀλλὰ
3032 1979 3127 2031 καὶ
3169 1978 3199 2030 6
3226 1976 3645 2046 Χρυσορῤήμων
3680 1972 3825 2025 οὕτω
3857 1987 3970 2038 φη-

2385 2075 2505 2126 σίν·
2563 2092 2582 2125 ι
2626 2072 2816 2142 Ἡμεῖς
2864 2071 2965 2139 μὲν
3018 2066 3111 2123 οὖν
3169 2068 3313 2120 κατὰ
3366 2067 3459 2119 τὸν
3502 2058 3968 2133 ἐκκλησιαστικὸν

2384 2160 2588 2228 θεσμὸν
2620 2160 2689 2211 τὰ
2738 2158 2913 2227 δεσμὰ
2952 2155 3378 2227 περιϐάλλομεν.
3418 2152 3481 2205 Et
3516 2151 3573 2204 δέ
3618 2167 3703 2213 τις
3748 2147 3964 2200 τούτων

2384 2254 2744 2324 καταφρονεῖ,
2810 2252 3168 2319 ἐπιστήσεται
3230 2252 3258 2303 6
3315 2247 3409 2300 τοῦ
3443 2245 3675 2300 θανάτου
3727 2243 3825 2295 καλ⁵
3856 2240 3965 2308 τῆς

2383 2348 2620 2419 κρίσεως
2643 2345 2855 2416 καιρὸς,
2887 2343 3165 2397 διδάσκων,
3188 2340 3351 2394 αὐτὸν
3374 2339 3449 2402 ὡς
3482 2335 3718 2406 ἀψευδὴς
3748 2336 3777 2386 6
3796 2333 3964 2397 λόγος

2382 2441 2476 2493 τοῦ
2510 2439 2716 2508 Κυρίου
2745 2439 2837 2491 καὶ
2869 2439 2896 2490 6
2925 2437 3086 2505 νόμος
3112 2434 3210 2502 τῆς
3252 2432 3580 2501 Ἐκκλησίας
3612 2426 3800 2481 αὐτοῦ.
3836 2443 3856 2477 ι

706 2523 884 2577 l'eetus
916 2525 1022 2579 huc
1052 2541 1159 2579 non
1195 2528 1511 2587 exsolverit.
1547 2530 1687 2585 alius
1726 2532 2009 2585 exsolvere
2054 2547 2217 2585 nemo
2283 2532 2506 2600 poterit.
2544 2550 2562 2582 ι
2621 2529 2756 2583 Cum
2812 2527 2978 2597 igitur
3025 2526 3113 2580 his
3146 2524 3587 2593 obtemperatum
3621 2527 3789 2581 esset,
3833 2532 3969 2571 sau-

705 2613 888 2684 dapila
943 2619 1149 2695 templo
1197 2621 1464 2675 excedere
1510 2622 1693 2676 desiit.
1746 2626 1922 2693 Atque
1989 2624 2129 2677 hanc
2205 2623 2278 2677 ob
2346 2638 2567 2678 causam
2605 2622 2717 2675 Deo
2777 2619 2963 2674 cuncti
3001 2617 3229 2688 gloriam
3270 2614 3609 2676 tribuebant,
3641 2612 3733 2680 qui
3779 2610 3961 2665 servis

706 2711 823 2764 suis
878 2712 1149 2781 ejusmodi
1203 2724 1535 2782 potestatem
1592 2717 1980 2772 concessisset.
2038 2715 2278 2771 Joannes
2316 2717 2538 2787 quidem
2607 2722 2795 2769 orator
2827 2713 2919 2767 ille
2951 2725 3155 2766 aureus
3186 2709 3288 2764 hac
3354 2708 3422 2762 de
3462 2723 3519 2761 re
3547 2705 3728 2760 verbis
3763 2703 3972 2765 hujus-

710 2803 855 2857 modi
891 2804 1159 2860 disserit:
1208 2826 1224 2858 ι
1256 2808 1369 2863 Nos
1399 2809 1705 2863 secundum
1770 2812 1945 2880 legem
2009 2818 2173 2878 atque
2238 2812 2625 2881 praescriptum
2651 2805 3097 2862 ecclesiasticum
3133 2802 3352 2856 vincula
3395 2800 3727 2869 quibusdam
3779 2794 3968 2864 injici-

708 2913 852 2952 mus.
890 2900 969 2953 Ea
1003 2902 1048 2955 si
1079 2903 1203 2972 quis
1244 2902 1624 2971 lloccipendit,
1654 2906 1701 2959 is
1733 2906 1874 2961 sciat
1926 2907 2126 2960 mortis
2190 2915 2354 2975 atque
2389 2904 2583 2977 judicii
2631 2913 2849 2971 tempus
2894 2896 3302 2968 appetiturum,
3336 2891 3483 2964 quod
3536 2888 3715 2960 ipsum
3762 2885 3972 2941 doceai

707 2989 803 3045 Dei
843 3009 1157 3048 sermonem
1178 3004 1235 3049 et
1266 2996 1385 3064 ejus
1407 2997 1665 3051 Ecclesiae
1697 2998 1846 3064 leges
1872 2998 2098 3053 minime
2122 2999 2290 3054 t'alsas
2327 3014 2390 3053 ac
2425 2996 2762 3051 mendaciter
2800 2990 3134 3061 excogitatas
3171 3001 3313 3041 esse.
3369 3004 3388 3038 ι

778 3090 902 3143 Post
955 3089 1194 3145 Leonem
1253 3090 1397 3146 ﬁlius
1450 3092 1569 3161 ejus
1619 3091 2049 3159 Constantinus,
2085 3110 2285 3165 cogno-

2461 3092 2619 3146 Μετὰ
2650 3089 2705 3142 δὲ
2738 3088 2943 3142 Λέοντα
2976 3084 3333 3138 ἐϐασίλευσεν
3375 3081 3405 3132 6
3452 3080 3566 3140 υίὸς
3608 3074 3774 3131 αὑτοῦ
3811 3074 3976 3165 Κων-

709 3192 897 3236 mento
929 3181 1338 3251 Copronyntus,
1364 3184 1432 3238 54
1463 3200 1640 3239 annos
1664 3185 1956 3255 imperium
1991 3187 2191 3251 tenuit,
2217 3202 2284 3240 ex

707 3274 1014 3329 szevissimo
1046 3275 1204 3329 leone
1236 3284 1457 3329 versuta
1488 3276 1750 3344 pardalis.
1792 3277 1941 3331 Nihil
1973 3293 2082 3331 non
2111 3278 2285 3332 scele-

708 3382 833 3420 rum
865 3367 919 3420 in
954 3381 1018 3420 eo
1053 3366 1178 3421 luit.
1215 3368 1453 3425 Sanetus
1484 3368 1588 3423 hoc
1620 3369 1843 3425 nomine
1874 3370 2138 3439 appellari
2168 3370 2285 3437 lege

708 3461 818 3514 lata
873 3461 1089 3523 vetuit;
1142 3460 1404 3529 reliquias
1460 3478 1653 3515 eorum
1703 3466 1933 3532 conspui
1976 3462 2179 3530 jussit;
2218 3475 2285 3515 ne

710 3552 836 3618 quis
874 3566 1068 3604 eorum
1109 3551 1561 3607 intercessionem
1597 3554 1872 3624 imploret,
1898 3552 2069 3608 edixit
2097 3552 2287 3619 ;'nihil

706 3655 805 3694 eos
838 3640 1096 3696 videlicet
1126 3650 1393 3709 praestare
1423 3658 1585 3712 posse
1614 3662 1628 3710 ;
1661 3645 1806 3714 quod
1843 3646 1993 3699 omni
2046 3645 2285 3715 denique

713 3733 1048 3802 blaSphemia
1087 3736 1262 3805 majus
1300 3745 1403 3798 est,
1438 3735 1629 3790 eadem
1660 3737 1727 3791 de
1760 3737 1931 3792 Matre
1957 3738 2051 3792 Dei
2080 3739 2285 3793 sentieo

713 3825 827 3878 bat.
855 3824 990 3878 Nam
1023 3824 1092 3878 de
1122 3824 1223 3879 hac
1270 3825 1474 3888 aiebat,
1540 3827 1784 3895 quandin
1824 3827 2107 3882 Christum
2143 3829 2285 3883 intra

711 3934 769 3971 se
801 3920 1118 3989 gestaverit,
1156 3921 1534 3974 honorandam
1566 3937 1629 3975 ac
1658 3922 2028 3977 venerabilem
2065 3922 2237 3978 fuisse
2266 3939 2283 3981 :

711 4027 902 4064 verum
936 4025 1001 4064 ex
1030 4026 1140 4079 quo
1174 4011 1325 4064 illum
1356 4013 1631 4081 pepererit
1661 4013 1819 4082 (proh
1844 4023 2049 4083 quanta
2083 4024 2170 4068 tua
2192 4031 2286 4084 pa-

715 4104 905 4157 tientia
937 4111 1045 4164 est,
1074 4101 1293 4157 Christe
1314 4103 1353 4171 l)
1390 4103 1527 4166 nihil
1559 4119 1679 4157 eam
1729 4105 1939 4158 caneris
1972 4120 2001 4158 a
2037 4104 2281 4159 mulieri-

714 4198 816 4251 hus
847 4193 1094 4249 ditl‘erre.
1134 4194 1306 4265 Cujus
1338 4195 1415 4250 rei
1444 4195 1799 4250 simulacrum
1836 4205 1892 4250 et
1942 4195 2121 4265 imago
2166 4194 2280 4264 peti

712 4290 781 4344 de
815 4287 1094 4356 tnarsupio
1149 4298 1361 4355 potest;
1394 4301 1519 4341 cum
1567 4287 1752 4341 aureis
1781 4287 2060 4356 oppletum
2088 4295 2193 4349 est,
2227 4286 2281 4339 in

714 4380 891 4447 pretio
931 4377 1071 4431 solet
1102 4377 1316 4443 haberi,
1349 4392 1474 4433 cum
1508 4390 1860 4442 evacuatum,
1893 4378 2050 4431 nihili
2085 4376 2280 4448 pendi.

2392 3180 2667 3237 σταντῖνος
2696 3179 2722 3229 ὁ
2754 3173 3130 3244 Κοπρώνυμος
3158 3172 3250 3237 ἔτη
3267 3167 3362 3234 λδ’,
3386 3171 3449 3222 ἐκ
3472 3168 3785 3221 δεινοτάτου
3809 3164 3977 3218 λέον.

2387 3289 2478 3335 τος
2532 3269 2948 3337 ποικιλότροπος
2995 3264 3285 3335 πάρδαλις.
3318 3262 3489 3323 Οὗτος
3532 3262 3715 3313 πᾶσαν
3755 3259 3977 3313 κακίαν

2391 3363 2716 3433 μετήρχετο,
2781 3362 2908 3422 τοὺς
2972 3358 3167 3427 ἁγίους
3250 3373 3308 3408 τε
3388 3354 3463 3423 μὴ
3519 3352 3701 3417 λέγειν
3764 3352 3977 3417 ἁγίους

2388 3454 2665 3518 ἐθέσπιζε,
2701 3452 2771 3504 τὰ
2821 3451 3051 3521 λείψανα
3104 3447 3391 3501 διαπτύειν
3422 3446 3622 3507 αὐτῶν,
3656 3446 3749 3496 καὶ
3793 3460 3983 3511 πρεσ-

2387 3548 2540 3602 6είαν
2588 3545 2799 3600 ἐκεῖθεν
2850 3544 2925 3612 μὴ
2970 3537 3365 3594 ἐκκαλεῖσθαιο
3421 3536 3482 3587 οὐ
3538 3533 3800 3587 δύνανται
3831 3535 3980 3602 γάρ.

2387 3641 2499 3695 Καὶ
2540 3640 2599 3693 τὸ
2630 3638 2808 3702 πάσης
2849 3632 3204 3705 βλασφημίας
3247 3629 3456 3699 μεῖζον,
3483 3629 3566 3680 ὅτι
3608 3625 3837 3678 τοιαῦτα
3876 3626 3985 3678 καὶ

2388 3734 2519 3801 περὶ
2566 3731 2667 3800 τῆς
2702 3729 3047 3798 Θεομήτορος
3093 3724 3345 3794 ἐφρόνει*
3382 3722 3537 3787 ἔλεγε
3571 3719 3682 3788 γὰρ
3720 3719 3807 3771 ὅτι
3866 3719 3988 3779 ἓως

2386 3826 2446 3879 οὗ
2532 3820 2679 3894 εἶχεν
2752 3823 2812 3875 ἐν
2880 3821 3050 3888 ἑαυτῇ
3132 3817 3223 3869 τὸν
3292 3813 3551 3885 Χριστὸν,
3613 3810 3990 3879 τετιμημένη

2384 3917 2672 3986 ἐτύγχανε,
2705 3914 2799 3981 ἀφ’
2828 3906 2889 3964 οὗ
2922 3912 2980 3964 δὲ
3010 3908 3200 3962 τοῦτον
3237 3905 3532 3964 ἀπέτεκεν,
3564 3902 3609 3955 ὣ
3629 3904 3725 3971 τῆς
3759 3902 3986 3970 ἀνοχῆς

2386 4025 2501 4071 σου,
2543 4005 2742 4075 Χριστὲ
2772 4005 2783 4057 ί
2817 4002 2965 4053 οὐδὲν
3003 4000 3112 4051 τῶν
3146 3997 3345 4050 λοιπῶν
3367 3994 3637 4065 γυναικῶν
3664 3992 3997 4061 διενήνοχε,

2384 4101 2523 4154 κατὰ
2549 4100 2648 4169 τὴν
2686 4096 2870 4149 εἰκόνα
2903 4092 3067 4162 δῆθεν
3093 4090 3184 4143 τοῦ
3220 4089 3505 4159 βαλαντίου
3529 4101 3547 4117 ’
3605 4087 3811 4155 πλῆρε;
3882 4087 3996 4155 μὲν

2382 4188 2736 4258 νομισμάτων
2759 4184 2819 4237 δν
2847 4182 2937 4235 διὰ
2987 4179 3150 4250 τιμῆς
3199 4180 3340 4243 ἐστι,
3371 4175 3609 4230 κεωθέν
3646 4175 3702 4228 δὲ
3748 4175 3996 4236 οὖδενδς

2384 4280 2656 4349 λογίζεται
2688 4274 2858 4341 ἄξιον.
2904 4271 3065 4326 Ἀλλὰ
3116 4271 3212 4326 καὶ
3244 4272 3371 4332 τοὺς
3407 4270 3586 4338 ἱεροὺς
3613 4269 3776 4328 ναοὺς
3817 4268 3999 4319 ἀνιέ-

2388 4390 2511 4442 ρους
2571 4369 2797 4423 ἔσπευδε
2856 4367 3069 4422 ποιεῖν’
3113 4365 3212 4426 τὰς
3273 4364 3383 4430 γὰρ
3438 4363 3588 4431 ἱερὰς
3648 4363 4003 4428 μορφώσεις

716 4482 822 4525 tur.
856 4471 1125 4525 Praeterea
1157 4484 1345 4523 sacras
1378 4471 1522 4525 ardes
1552 4485 1748 4541 magno
1782 4471 1965 4524 studio
1992 4468 2285 4536 profanare

2391 4466 2715 4532 ἀπείληφεν,
2747 4460 3087 4528 ίπτιηλασίας
3118 4458 3174 4511 δέ
3204 4458 3320 4511 ἀντ’
3351 4454 3531 4509 αὐτῶν
3565 4454 4003 4522 ὑπεζωγράφει

713 4561 1190 4631 conabatur.Natn
1223 4561 1504 4631 religiosas
1526 4561 1731 4629 eﬂigies
1762 4561 2017 4618 inductas
2035 4560 2281 4641 dolebat,

714 4668 1018 4721 earumque
1060 4654 1183 4707 loco
1214 4652 1473 4706 ludorum
1520 4654 1851 4709 circensium
1892 4653 2284 4708 venationum-

2397 4559 2492 4612 καὶ
2540 4555 2859 4625 κυνηγέσια.
2910 4553 3020 4606 Ka‘t
3044 4551 3106 4603 οὐ
3146 4547 3304 4603 τοῦτο
3335 4550 3516 4616 μόνον,
3546 4544 3681 4599 ἀλλὰ.
3708 4546 3818 4597 καὶ
3860 4548 4010 4606 τοὺς

2393 4666 2529 4719 μονα
2538 4646 2658 4715 (οὓς
2680 4646 2869 4697 ἐδίωκε
2896 4643 2988 4696 καὶ
3015 4641 3089 4703 ὡς
3120 4641 3288 4711 ἄρνας
3320 4638 3681 4707 κατέσφαττε.

714 4762 821 4815 que
868 4749 1113 4815 picturas
1164 4746 1558 4805 substituehat.
1606 4746 1797 4817 Neque
1838 4754 2051 4801 tantum
2131 4743 2442 4814 hujusmotli
2495 4738 2742 4794 facinora
2788 4732 3130 4804 designabat,
3196 4744 3390 4786 verum
3464 4728 3629 4789 etiam
3706 4726 4018 4782 solitariae

717 4843 840 4897 vitae
887 4848 1192 4897 sectatores
1240 4843 1677 4913 persequebatur
1706 4849 1762 4894 et
1808 4849 2067 4909 tanquam
2112 4851 2284 4906 agnos
2315 4832 2618 4905 jngulabat.

787 4941 919 5006 Qua:
952 4955 1075 4992 eum
1106 4938 1443 4993 Artabasdus
1473 4936 1520 4992 is
1564 4938 1721 5006 cujus
1752 4935 2085 4990 mentionem
2118 4948 2289 5003 supra

718 5036 950 5089 iecimus
976 5041 1249 5094 cerneret,
1269 5030 1472 5083 bellum
1501 5027 1863 5083 Constantino
1888 5026 2093 5089 intulit,
2113 5038 2291 5093 eoque

719 5124 932 5191 ἀνῇς-(ξω
972 5122 1087 5188 ipse
1122 5120 1473 5175 renuntiatus
1502 5129 1589 5173 est
1626 5119 1950 5186 imperator.
1984 5116 2125 5169 Tum
2158 5128 2290 5168 vero

723 5218 898 5278 pietas
947 5212 1328 5275 reﬂorescere,
1365 5210 1767 5280 pristinamque
1804 5219 1980 5266 status
2024 5207 2290 5262 ecclesia-

720 5322 840 5358 rum
872 5303 1343 5374 pulchritudinem
1372 5301 1938 5368 recuperareNerum
1976 5300 2089 5353 haec
2114 5297 2294 5352 Beliar

720 5395 887 5466 284
940 5395 1029 5449 ille
1077 5394 1186 5461 pati
1242 5407 1352 5447 non
1413 5399 1646 5461 poterat.
1696 5389 1832 5444 Nam
1901 5387 2295 5443 Constantinus

719 5488 1058 5543 exercitibus
1103 5495 1275 5540 semet
1330 5486 1595 5546 insinUat,
1626 5478 2033 5536 adulationibus
2078 5492 2174 5531 eos
2206 5476 2293 5530 in-

720 5584 984 5645 llamtnat,
1004 5580 1190 5648 copias
1222 5578 1486 5632 militares
1510 5576 1677 5645 cogit.
1711 5574 1965 5628 Prtelium
1993 5587 2117 5626 cum
2141 5570 2298 5623 Arta-

797 5745 905 5809 {83t
962 5742 1161 5807 Curru
1217 5744 1306 5795 ubi
1359 5745 1429 5794 sit
1484 5741 1730 5795 Philonis
1763 5742 1910 5794 illius
1946 5741 2280 5809 philosOphi,

736 5835 800 5876 ua
828 5836 859 5869 ll
902 5814 1100 5888 Cycas
1139 5815 1289 5878 enat,
1331 5813 1566 5869 Ηιςιογη
1603 5814 1976 5865 ρτςιρςιλιιιω
2012 5833 2023 5863 ;
2055 5814 2121 5866 de
2172 5830 2263 5865 ,ιυ-

2467 4927 2651 4980 Ταῦτα
2722 4926 2780 4978 δέ
2845 4923 3056 4993 βλέπων
3110 4922 3139 4974 6
3210 4917 3544 4990 προρρηθεὶς
3601 4916 4018 4988 Ἀρτὰεασδος

2400 5022 2657 5075 συνάπτει
2688 5018 2927 5087 πόλεμον
2956 5014 3125 5084 αὐτῷ,
3172 5012 3268 5066 καὶ
3316 5013 3415 5081 τῆς
3444 5008 3722 5080 βασιλείας
3760 5011 4017 5075 ἐξῶσας

2402 5113 2621 5182 κράτωρ
2646 5110 2805 5171 αὐτὸς
2860 5104 3276 5177 ἀναγορεύεται.
3321 5100 3603 5155 Ἐντεῦθεν
3630 5098 3915 5158 ἀνθεῐται
3948 5107 4022 5161 τα

2395 5204 2495 5271 τῆς
2544 5201 2841 5261 εὐσεδείας,
2887 5200 2981 5252 καὶ
3033 5197 3101 5251 τὰ
3147 5195 3255 5248 τῶν
3302 5192 3605 5264 ἐκκλησιῶν
3657 5191 3718 5243 τὸ
3791 5196 4025 5265 πρώην

2392 5296 2587 5357 καλλος
2636 5292 2957 5361 ἐλάμϐανον.
3002 5288 3145 5342 Ἀλλ’
3174 5290 3203 5340 ὁ
3246 5286 3445 5349 Βελίαρ
3484 5284 3577 5337 ἐπὶ
3621 5280 3875 5349 τούτοις
3917 5291 4026 5341 οὐκ

2392 5388 2608 5457 ἔφερεν.
2682 5384 3006 5453 ’Υπέρχεται
3076 5379 3137 5432 τὸ
3204 5376 3611 5447 στρατιωτικὸν,
3660 5374 4025 5438 κολακείαις

2396 5479 2698 5548 θερμαίνει.
2726 5474 2996 5544 ’Λθροίζει
3021 5472 3273 5540 δύναμιν,
3306 5469 3384 5538 τῷ
3416 5465 3795 5537 Ἀρταόἀσδῳ
3844 5475 4026 5524 aue-ﬁ.

2400 5588 2523 5624 πτει
2558 5571 2812 5637 πόλεμον,
2847 5565 2971 5633 νικᾷ
3025 5563 3166 5615 κατὰ
3215 5561 3435 5631 κράτος.
3469 5557 3783 5627 Χειροῦται
3846 5564 4027 5614 non

2395 5752 2543 5790 ετ)τὲ
2602 5735 2851 5799 nonnihil
2919 5733 3156 5785 diximus
3235 5745 3354 5797 pag.
3420 5728 3485 5784 59
3569 5723 4024 5784 Dt-lineationis

2383 5811 2692 5880 Apparatus
2728 5808 2898 5859 lltstm
2916 5822 2976 5856 ne.
3012 5803 3203 5873 [ιδ-κομί
3218 5800 3319 5855 in.»
