4212 6448
248 368 358 435 5'20

1500 383 1909 445 ANNAIJUM.
1940 387 2021 446 PA
2037 392 2128 449 [ις
2168 393 2259 456 iV.

3371 388 3476 446 5'30

247 480 420 542 ζῶντα
456 484 550 535 καὶ
578 483 885 554 ὀφθαλμοὺς
923 487 1222 559 ἐξορύττει,
1256 490 1351 545 καὶ
1384 492 1607 563 κράτωρ
1647 492 1802 558 αὖθις
1832 500 1879 557 Α
1908 543 1910 551 ,

1832 500 2076 557 Αἰκιδειδ
2124 500 2385 564 conserit,
2438 501 2665 555 victoria
2726 502 2778 555 vi
2833 502 3057 571 potitur,
3112 502 3472 556 Artabasdum

244 571 669 626 ἀποκαθίσταται
722 577 750 628 6
804 576 1053 648 δεύτερος
1106 579 1274 642 ὅντως
1330 580 1661 647 Ἰουλιανόςο
1714 588 1808 639 ἀν-

246 660 493 731 θρώπους
536 667 631 721 καὶ
669 663 776 735 γάρ
808 666 931 721 ἔθυε
956 672 1022 740 τῇ
1059 670 1372 745 Ἀφροδίτῃ.
1406 673 1571 727 Ὅθεν
1609 679 1702 729 καὶ
1748 681 1808 731 ὲν

241 751 358 807 ταῖς
389 751 621 819 ἡμέραις
668 754 834 807 αὐτοῦ
877 758 1161 828 νοσήματα
1188 761 1400 829 χαλεπά
1428 764 1573 816 κατὰ
1603 765 1807 836 θεομη-

242 840 361 891 νίαν
407 841 738 907 συνέϐαινον,
767 847 1061 901 κάντεῦθεν
1110 850 1402 904 θανατικδν
1454 852 1674 920 γέγονεν
1708 855 1808 928 ἀρ⁴

242 932 424 1000 ρητον.
456 934 633 1004 Φθορά
679 936 787 1005 γὰρ
839 939 1140 1009 ἀνθρώπων
1189 941 1490 1011 τηνικαῦτα
1537 946 1807 1000 ἐπέπεσεν

239 1023 400 1077 ὁποία
447 1024 512 1096 δὴ
560 1028 654 1079 καὶ
698 1030 755 1081 ἐν
800 1032 918 1093 ταῖς
950 1032 1184 1102 ἡμέραις
1233 1034 1614 1091 ἰουστινιανοῦ
1642 1055 1657 1068 ’
1689 1038 1808 1091 ὀλό-

239 1110 429 1181 κληροι
478 1114 587 1185 γὰρ
638 1117 994 1187 ἐκλείσθησαν
1041 1117 1200 1176 οἶκοι.
1236 1122 1397 1177 Ἀλλά
1449 1128 1542 1178 καὶ
1572 1126 1805 1196 δείματα

238 1202 448 1273 φοϐερά
476 1205 663 1275 ἑώρων
686 1208 735 1260 οί
770 1208 1046 1275 ἄνθρωποι
1064 1228 1078 1243 ⁶
1105 1214 1179 1276 ὡς
1212 1215 1270 1267 ὲν
1298 1216 1551 1270 ἐκστάσει
1573 1218 1668 1271 καὶ
1697 1218 1805 1288 γάρ

237 1294 510 1362 γινόμενοι
556 1298 772 1353 ἐδόκουν
824 1304 1179 1372 ἐντυγχάνειν
1229 1306 1454 1378 ἀνδράσι
1488 1310 1600 1361 τισὶ
1647 1312 1806 1378 βρια-

241 1386 373 1452 ροῖς.
416 1388 548 1441 Τότε
599 1393 692 1443 καὶ
740 1392 910 1462 ψῦχος
964 1395 1176 1462 γίνεται
1234 1397 1377 1465 μέγα
1433 1401 1527 1453 καὶ
1587 1404 1803 1469 πικρδν,

237 1480 377 1534 ὥστε
429 1486 523 1539 καὶ
569 1484 666 1555 τὴν
711 1487 964 1557 ἀρκτῴαν
1008 1489 1104 1543 τοῦ
1154 1490 1356 1543 Πόντου
1396 1491 1665 1560 παράλιον
1713 1494 1804 1545 ἐπὶ

243 1573 393 1642 μίλια
440 1582 487 1645 ρ’
526 1577 936 1649 ἀπολιθωθῆναι
978 1582 1037 1634 τδ
1078 1581 1314 1649 πέλαγος
1359 1584 1424 1635 ὲκ
1452 1582 1546 1636 τοῦ
1580 1583 1800 1654 κρύους,

238 1665 319 1723 είς
375 1665 431 1717 δὲ
484 1664 646 1734 βάθος
703 1669 796 1721 ἐπὶ
846 1669 1047 1739 πήχεσι
1098 1671 1163 1736 λ’,
1195 1670 1224 1724 ὃ
1274 1670 1371 1724 καὶ
1433 1672 1799 1741 ὲπιχιονισθὲν

238 1755 447 1825 ηὐξήθη
503 1758 697 1827 πήχεις
748 1759 970 1829 ἑτέρους
1027 1760 1097 1819 κ’.
1144 1764 1300 1816 Κατά
1355 1763 1413 1816 δὲ
1477 1763 1624 1832 μῆνα
1668 1762 1803 1816 Φεϐ-

242 1848 491 1918 ρουάριον
535 1852 612 1912 εἰς
653 1849 883 1920 διάφορα
937 1853 1204 1924 τμήματα
1250 1855 1521 1924 διαιρεθὲν
1566 1854 1660 1908 ἐπὶ
1708 1856 1805 1925 τὴν
1838 1838 1880 1892 Β

236 1938 391 1992 πόλιν
419 1940 590 2010 αὐτὴν
622 1943 718 1996 καὶ
748 1943 908 2013 μέχρι
929 1944 1029 2015 τῆς
1072 1945 1296 1999 Ἀὅύδου
1338 1948 1631 2017 κατῆλθεν,
1681 1947 1805 2017 ἔχον

234 2036 294 2084 ιν
326 2032 502 2102 ἑαυτῷ
555 2038 649 2088 καὶ⁵
696 2036 810 2100 ζῶα
868 2037 1163 2102 πάμπολλα
1212 2039 1566 2109 πεπηγμένα.
1610 2040 1743 2092 Τότε
1776 2040 1805 2091 6

235 2122 411 2177 θέλων
463 2127 835 2197 πεζοπορῆσαι
884 2130 991 2183 ἀπὸ
1038 2132 1386 2201 ἀκροπόλεως
1422 2134 1504 2196 είς
1553 2133 1804 2202 Χρυσού-

235 2215 394 2267 πολιν
434 2216 536 2270 οὐκ
576 2218 867 2274 ἐκωλύετο.
903 2221 1034 2275 Τότε
1073 2222 1164 2275 ὑπ’
1197 2224 1377 2278 αὐτῶν
1407 2227 1803 2296 συντριϐόμενα

231 2305 305 2359 τὰ
345 2308 496 2378 τείχη
535 2310 787 2378 μεγάλως
826 2312 1175 2383 ὲδονήθησαν.
1211 2316 1344 2369 Τότε
1381 2317 1448 2387 ιβ’
1483 2318 1799 2387 νομίσματα

233 2398 452 2468 ἐπράθη
479 2402 507 2452 6
536 2401 719 2469 μόδιος
760 2405 793 2471 ὴ
846 2404 1035 2474 κριθή.
1070 2407 1202 2461 Τότε
1235 2409 1335 2477 τῆς
1369 2411 1513 2464 κατά
1543 2411 1801 2465 Μεσοπο-

232 2492 438 2557 ταμίαν
487 2491 591 2559 γῆς
631 2491 941 2562 σχισθείσης
992 2496 1217 2565 ἡμίονος
1262 2498 1485 2567 ἀνεδόθη
1528 2499 1805 2569 πολεμίων

231 2579 421 2648 ἔφοδον
454 2581 770 2654 ἀνθρωπίνῃ
818 2590 968 2658 φωνῇ
1023 2590 1494 2659 προοημαίνουσα.
1538 2592 1648 2644 Καὶ
1680 2592 1801 2644 τότε

231 2672 481 2743 Νικήτας
528 2691 611 2738 τις
648 2677 921 2748 εὐνοῦχος,
953 2678 1020 2732 τὰ
1066 2680 1260 2749 πρῶτα
1292 2684 1473 2752 φέρων
1520 2682 1671 2752 παρὰ
1723 2684 1802 2753 τῷ

231 2765 629 2837 Κοπρωνῦμῳ,
653 2768 819 2837 μηδὲν
846 2768 973 2823 ἄλλο
1002 2772 1156 2833 εἰδὼς
1190 2772 1221 2842 ἢ
1253 2772 1453 2828 ἐσθίειν
1478 2775 1573 2827 καὶ
1602 2776 1801 2841 πίνειν,

228 2861 618 2925 χειροτονεῖται
664 2861 1030 2931 πατριάρχης.
1070 2857 1237 2927 Οὗτός
1284 2882 1414 2919 ποτε
1450 2866 1511 2919 τὸ
1551 2867 1801 2936 Εὐαγγὺ

124 3017 131 3022 ⁸
230 2946 350 3001 λιον
402 2948 791 3018 ἀναγινώσκων
843 2955 902 3006 ὲν
947 2953 1026 3024 τῷ
1080 2956 1276 3025 κελλίῳ
1325 2958 1513 3023 αὐτοῦ,
1544 2961 1665 3013 ἀντὶ
1706 2959 1801 3013 τοῦ

228 3040 410 3093 είπεῖν
445 3041 509 3094 ἐκ
539 3041 633 3095 τοῦ
674 3044 816 3098 κατὰ
846 3045 1141 3113 Ματθαϊον,
1180 3064 1200 3100 ι
1234 3048 1331 3102 Ἐκ
1356 3048 1448 3103 τοῦ
1479 3050 1623 3104 κατὰ
1650 3051 1803 3105 Ma“:-

1912 593 2093 646 vivum
2159 595 2327 662 capit,
2381 595 2572 647 oculos
2624 593 2804 647 eidem
2865 596 3031 657 eruit,
3083 610 3259 663 eoque.
3315 605 3475 661 parto

1910 699 2105 751 reapse
2127 683 2383 739 Julianus
2412 684 2549 737 alter
2582 682 2870 752 imperium
2905 692 3218 753 recuperat.
3253 684 3477 740 Solebat

1905 776 2052 830 enim
2081 785 2136 830 et
2167 777 2283 844 ipse
2312 776 2505 831 Veneri
2538 776 2776 831 victimis
2806 776 3063 831 humanis
3114 778 3293 830 litare.
3330 777 3473 842 Qua-

1907 878 2130 935 propter
2180 881 2247 920 eo
2298 878 2559 937 regnante
2616 868 2721 921 diri
2775 868 2997 937 quidam
3052 867 3226 920 morbi
3276 883 3341 920 ex
3394 867 3473 920 ira

1907 960 2091 1012 divina
2134 959 2335 1028 passim
2366 960 2593 1024 grassati
2632 970 2781 1019 sunt,
2813 960 3061 1027 adeoque
3092 960 3261 1026 pestis
3288 958 3476 1012 ineffa-

1906 1050 2045 1103 biles
2089 1050 2374 1103 hominum
2430 1052 2617 1119 copias
2677 1051 2917 1110 sustulit,
2971 1064 3318 1118 nequaquam
3384 1049 3475 1102 illa

1908 1141 2089 1193 minor
2131 1156 2251 1210 quae
2303 1142 2597 1195 Justiniani
2646 1142 2988 1209 temporibus
3054 1142 3299 1194 exstitit:
3350 1156 3472 1193 nam

1907 1232 2103 1285 domus
2161 1233 2387 1300 integra:
2438 1248 2667 1302 prorsus
2706 1233 3159 1286 occludebantur.
3209 1231 3475 1285 Praeterea

1906 1339 1965 1377 se
2015 1324 2466 1378 terriculamenta
2515 1325 2760 1393 quaedam
2823 1324 3097 1377 horrenda
3152 1322 3475 1377 mortalibus

1908 1415 2237 1474 oil‘erehant,
2287 1430 2410 1469 eum
2466 1416 2534 1471 de
2587 1425 2855 1485 potestate
2910 1416 3125 1470 scilicet
3171 1415 3375 1481 egressi
3421 1425 3477 1467 et

1906 1516 2056 1560 extra
2081 1522 2141 1560 se
2161 1508 2294 1576 rapti
2325 1517 2579 1577 putarent
2607 1509 2660 1562 in
2693 1510 3025 1562 hominesse
3053 1509 3283 1561 terribili
3320 1509 3475 1560 vultu

1909 1597 2163 1665 prmditos
2209 1599 2469 1653 incidere.
2513 1600 2666 1654 Tunc
2724 1608 2779 1654 et
2844 1602 3036 1669 ingens
3105 1602 3477 1667 acerbumque

1906 1687 2045 1740 adeo
2075 1686 2246 1757 frigus
2273 1691 2573 1751 exs:itit.ut
2601 1706 2628 1744 a
2665 1692 2813 1757 ponti
2864 1701 3017 1759 parte
3054 1691 3474 1759 septentrionali

1906 1794 2016 1847 prae
2054 1779 2256 1848 frigore
2290 1782 2573 1851 glacieque
2604 1783 2828 1851 pelagus
2873 1783 2937 1835 ad
2969 1792 3189 1835 centum
3223 1800 3247 1834 a
3290 1783 3476 1835 littore

1910 1870 2164 1924 milliaria
2196 1873 2582 1942 lapidesceret,
2629 1876 2784 1944 cujus
2817 1875 3007 1942 glaciei
3057 1873 3330 1928 crassities
3378 1873 3478 1926 tri-

1907 1962 2054 2031 g’nta
2086 1963 2303 2017 cubitos
2332 1964 2869 2035 mquabat.Cumque
2910 1966 3058 2033 larga
3092 1964 3352 2031 deinceps
3386 1964 3476 2016 uix

1907 2072 2068 2124 supra
2098 2057 2326 2126 glaciem
2360 2057 2501 2111 hanc
2528 2058 2745 2126 delapsa
2779 2058 2991 2117 fuisset.
3019 2058 3084 2111 ad
3116 2058 3254 2109 alios
3285 2055 3477 2124 viginti

1908 2146 2126 2200 cubitos
2171 2161 2234 2200 ea
2267 2146 2544 2200 crassities
2574 2148 2837 2201 excrevit.
2890 2147 3133 2201 Tandem
3174 2145 3478 2199 Februario

1908 2251 2098 2291 mense
2134 2237 2336 2307 glacies
2367 2237 2582 2293 diversa
2641 2239 2695 2291 in
2747 2238 3014 2307 fragmina
3061 2238 3274 2291 divulsa
3305 2253 3477 2304 usque

1905 2331 1974 2384 ab
2007 2330 2197 2383 urbem
2227 2332 2396 2398 ipsam
2429 2340 2484 2384 et
2507 2331 2758 2401 Abydum
2798 2332 2972 2384 delata
3002 2340 3104 2384 est.
3140 2333 3198 2383 In
3231 2331 3297 2384 iis
3327 2332 3477 2395 frag-

1908 2424 2147 2478 minibus
2186 2432 2303 2477 erat
2334 2424 2519 2479 videre
2556 2426 2870 2493 complures
2903 2425 3024 2493 gelu
3083 2427 3337 2477 astrictas
3388 2423 3481 2476 be-

1905 2517 2061 2571 stias.
2081 2515 2286 2581 Quodsi
2319 2515 2445 2584 quis
2479 2517 2546 2569 ab
2574 2532 2699 2570 arce
2729 2516 3113 2585 Chrysopolim
3150 2530 3319 2584 usque
3354 2530 3480 2584 pro—

1906 2608 2072 2662 ficisci
2108 2607 2274 2677 pedes
2308 2608 2547 2668 volebat,
2580 2609 2805 2661 omnino
2840 2606 2891 2660 id
2926 2608 3104 2662 facere
3138 2607 3283 2660 nulla
3316 2608 3481 2674 impe-

1905 2700 2053 2754 ditus
2109 2716 2165 2753 re
2215 2708 2445 2768 poterat.
2502 2700 2674 2767 Atque
2727 2700 2840 2752 h:ec
2905 2699 3170 2767 fragmina
3214 2700 3267 2753 in
3323 2699 3479 2753 urbis

1905 2806 2093 2846 muros
2127 2791 2361 2860 impacta
2402 2791 2756 2845 vehementer
2784 2806 2880 2844 eos
2912 2802 3323 2844 succusserunt.
3366 2790 3478 2843 Eo-

1904 2882 2031 2937 dem
2066 2882 2420 2954 Copronymo
2458 2882 2764 2951 imperante
2802 2882 3018 2936 modius
3055 2883 3245 2935 hordei
3284 2881 3349 2935 ιε
3377 2896 3479 2932 au-

1905 2976 2016 3030 reis
2040 2976 2233 3030 veniit.
2277 2973 2526 3044 Cumque
2559 2983 2702 3028 terra
2748 2974 3065 3029 debiseeret
3094 2975 3145 3027 in
3174 2974 3481 3042 Mesopota-

1905 3065 2038 3131 mia,
2075 3065 2257 3119 mulus
2282 3063 2450 3127 exiit,
2488 3064 2837 3132 humanaque
2896 3080 3029 3120 voce
3055 3074 3340 3119 secuturos
3385 3066 3482 3118 bo-

228 3124 407 3227 θάἶον,
447 3130 868 3227 ’-ἐξεφώνησεψ
907 3134 1024 3203 Ἐφ’
1063 3130 1107 3203 ᾧ
1155 3138 1249 3190 καί
1283 3154 1369 3201 τις
1399 3138 1508 3192 τῶν
1537 3156 1805 3211 παριστα-
1830 3165 1876 3227 C

1830 3165 1876 3227 (ζ
1907 3156 2071 3211 stium
2104 3157 2359 3210 incursus
2380 3154 2909 3209 denuntiavit.Tunc
2933 3166 2987 3211 et
3016 3158 3232 3211 Nieetas
3253 3158 3476 3226 quidam

231 3219 414 3288 μένων
444 3216 594 3275 εἶπεο
631 3242 651 3275 ι
680 3225 772 3294 Μὴ
802 3226 1000 3295 διαίρει
1044 3227 1146 3297 τὴν
1183 3245 1240 3282 αι
1287 3228 1623 3298 δίφθογγον.»
1657 3231 1798 3301 Πρὸς

224 3309 289 3362 ὃν
323 3312 527 3375 ἐκεῖνος
583 3312 685 3383 ἔφη
750 3317 887 3384 μετά
916 3318 1087 3386 θυμοῦ
1118 3333 1134 3347 ο
1186 3336 1206 3369 ι
1241 3320 1502 3391 Φλυαρεῑς
1526 3338 1541 3353 ·
1573 3322 1643 3377 τὰ
1686 3322 1798 3392 γὰρ

230 3401 503 3471 δίφθογγα
531 3406 626 3458 καὶ
658 3406 964 3477 τρίφθογγα
996 3410 1166 3464 πολλὰ
1197 3414 1345 3481 μισεῖ
1373 3414 1406 3483 ἠ
1438 3414 1586 3486 ψυχή
1620 3433 1744 3485 μου.
1770 3434 1791 3469 ι

238 3495 302 3548 '0
331 3496 386 3547 δὲ
416 3496 678 3567 τύραννος
732 3500 838 3553 ἀπὸ
892 3502 1251 3572 ἐκστρατείας
1299 3505 1661 3575 ὑποστρέφων
1700 3508 1798 3560 ἀν-

225 3584 528 3657 θρακοῦται
558 3588 626 3640 τὰ
659 3588 846 3659 σκέλη,
879 3590 975 3643 καὶ
1013 3593 1140 3662 περὶ
1180 3593 1242 3646 τὸ
1309 3595 1643 3665 στρογγύλον
1672 3597 1800 3669 θνή-

226 3694 353 3731 σκει
403 3677 587 3748 λάσρῳ
618 3680 836 3749 πυρετῷ
870 3682 1167 3751 συσχεθεὶς,
1192 3683 1352 3740 τοῦτο
1380 3687 1475 3742 καὶ
1509 3687 1669 3758 μόνον
1705 3690 1797 3743 ἐπὶ

223 3765 442 3836 τούτοις
492 3766 683 3832 είπὼν,
722 3770 803 3822 ὅτι
827 3770 942 3823 Ζῶν
976 3772 1223 3842 ἀσόέστῳ
1256 3775 1390 3845 πυρὶ
1434 3778 1798 3848 παραδίδομαι

220 3857 320 3910 διὰ
371 3857 470 3925 τὴν
525 3858 776 3928 Μαρίωνα
816 3860 932 3913 ἀλλ’
961 3862 1067 3914 ἀπὸ
1108 3862 1206 3916 τοῦ
1252 3864 1347 3918 νῦν
1399 3866 1672 3934 τιμάσθω.
1707 3869 1799 3921 Γίο

219 3965 406 4003 νωσκε
434 3948 514 4014 δὲ,
545 3951 820 4020 ἀγαπητι,
852 3953 937 4005 δτι
988 3952 1160 4008 πολλά
1188 3955 1284 4009 καὶ
1324 3957 1586 4023 πολλάκις
1633 3960 1799 4030 ζητή-

219 4055 424 4103 σαντες
472 4040 595 4095 ὄθεν
641 4042 843 4107 ἐκεῖνος
900 4045 1105 4117 ἰκλήθη
1166 4047 1581 4119 Κοπρὼνυμος,
1640 4051 1796 4104 οὐδὲν

214 4133 360 4188 ἄλλο
391 4132 423 4201 ἢ
459 4133 616 4187 τοῦτο
647 4133 806 4204 μόνον
831 4134 1085 4208 εὕρομεν.
1114 4140 1284 4211 Χώρα
1308 4142 1390 4205 τίς
1418 4145 1533 4197 ἐστι
1570 4145 1797 4199 κασαλα

212 4224 373 4280 οὕτω
398 4224 688 4295 λεγομένη.
719 4227 782 4280 Ol
815 4222 907 4281 οὗν
951 4230 1167 4283 ἐκεῖθεν
1204 4233 1520 4304 ὁρμώμενοι
1554 4236 1797 4291 Καϐαλί-

212 4334 311 4373 νοι
360 4319 576 4380 πάντως
617 4318 881 4387 ἐλέγοντο.
923 4321 1166 4376 Ἐκεῖθεν
1211 4324 1306 4379 οὖν
1350 4326 1446 4380 καὶ⁹
1495 4328 1656 4393 αὐτὸς
1696 4330 1796 4401 τὴν

208 4410 484 4479 γέννησιν
528 4410 751 4481 ἔσχηκε,
784 4413 878 4466 καὶ
921 4415 1109 4486 ἐπειδὴ
1141 4418 1286 4472 κατά
1334 4436 1457 4473 τινα
1505 4422 1796 4493 συνήθειαν

1899 3247 2213 3310 eunuchus,
2262 3246 2510 3315 principe
2557 3245 2699 3317 apud
2734 3246 3143 3317 Coprouymum
3193 3250 3335 3309 loro,
3380 3249 3475 3318 qui

1901 3339 2041 3393 nihil
2075 3339 2224 3392 aliud
2259 3339 2423 3392 sciret
2451 3353 2614 3409 qnam
2644 3338 2807 3393 edere
2843 3349 2897 3394 et
2924 3340 3135 3404 bibere,
3168 3342 3478 3409 patriarcha

1899 3435 2116 3483 creatus
2155 3436 2259 3483 est.
2289 3428 2425 3483 Cum
2454 3429 2751 3498 aliquando
2782 3428 3136 3499 Evangelitttn
3183 3432 3235 3484 in
3281 3433 3477 3486 cellula

1902 3534 2001 3574 sua
2057 3521 2338 3585 recitaret,
2374 3537 2474 3590 pro
2508 3537 2573 3577 eo
2618 3522 2763 3590 quod
2804 3520 3100 3575 dicendum
3137 3534 3295 3578 erat:
3337 3542 3353 3575 ι
3402 3526 3478 3579 Ex

1901 3610 2194 3680 Evangelia
2258 3612 2562 3666 secundum
2631 3612 2968 3675 Mattbaeum,
3005 3632 3023 3664 ι
3061 3614 3474 3682 pronuntiavit:

1906 3722 1925 3754 ι
1945 3703 2023 3757 Ex
2048 3704 2341 3773 Evangelio
2376 3704 2677 3758 secundum
2703 3705 3095 3761 Matthaeunm
3126 3705 3204 3759 lbi
3237 3708 3474 3775 quodam

1899 3810 1965 3850 ex
2008 3795 2315 3849 astantibus
2357 3795 2726 3865 subjiciente:
2762 3815 2781 3847 ι
2832 3796 2954 3852 Noli
2992 3813 3039 3851 ιε
3067 3797 3470 3868 diphthongum

1900 3883 2124 3952 (gemini
2175 3885 2292 3938 soni
2330 3888 2541 3955 vocem)
2572 3886 2837 3953 dividere,
2878 3905 2897 3938 ι
2944 3907 2961 3939 ι
3003 3887 3255 3957 Nugaris,
3290 3909 3307 3941 ι
3369 3890 3470 3950 ait,

1898 3976 2138 4045 quadam
2176 3979 2299 4031 cuni
2350 3979 2677 4033 iracundia:
2715 3998 2733 4032 ι
2776 3994 2902 4034 nam
2957 3996 3081 4051 quin
3127 3982 3376 4051 geminos
3407 3989 3465 4035 et

1899 4068 2073 4121 trinos
2095 4082 2260 4122 sonos
2296 4068 2717 4135 habent,anima
2745 4085 2865 4124 mea
2894 4072 3252 4125 vehementer
3287 4071 3462 4125 odit.»

1899 4155 2141 4211 Tandem
2182 4157 2272 4213 hic
2310 4168 2571 4229 tyrannus
2607 4161 2674 4214 ab
2708 4161 3058 4231 expeditione
3098 4163 3331 4232 quadam
3383 4178 3473 4217 re»

1901 4257 2127 4304 vertens
2158 4250 2491 4306 carbunculi
2518 4253 2769 4308 morbum
2824 4255 2878 4308 in
2930 4255 3163 4323 pedibus
3193 4255 3388 4312 sensit.
3418 4263 3474 4308 ct

1900 4337 2211 4392 vehementi
2243 4339 2394 4394 febre
2431 4342 2576 4396 circa
2617 4343 2955 4413 strongylum
2985 4354 3271 4411 correptus
3303 4344 3472 4396 vitam

1899 4426 2075 4491 finiit,
2130 4444 2255 4484 cum
2311 4432 2489 4486 solum
2559 4433 2663 4487 hoc
2748 4434 2978 4488 verbum
3044 4435 3473 4504 pronuntiasset,

208 4502 512 4559 Καϐαλίνα
569 4505 603 4573 ἡ
661 4504 866 4572 κοπρία
909 4505 1153 4575 λέγεται,
1180 4508 1405 4575 δικαίως
1456 4514 1484 4565 6
1536 4513 1796 4580 κάκιστος
1830 4502 1871 4558 Ῑ)

1830 4502 1874 4558 Ῑ)
1908 4535 1926 4569 ι
1954 4519 2184 4588 Propter
2213 4522 2487 4576 insaniam
2519 4522 2878 4594 furoremque
2916 4540 3096 4578 meum
3125 4524 3281 4578 vivus
3317 4524 3472 4577 inex-

204 4596 436 4657 ικεϊνος
460 4593 759 4684 ᾲὲπεκλήθη
796 4596 1194 4668 Κοπρώνυμος,
1225 4600 1302 4664 ὡς
1353 4602 1525 4675 θνομα
1561 4607 1801 4677 κοπρίας

1910 4607 2116 4663 stincto
2152 4608 2266 4680 igni
2319 4610 2524 4666 trador.
2556 4593 2825 4683 Deinceps
2878 4630 3010 4669 vero
3063 4616 3197 4684 quin
3253 4630 3313 4668 ea
3349 4630 3470 4683 qua:

199 4688 285 4739 ἐν
312 4682 493 4753 ἑαυτῷ
514 4683 674 4754 δῆθεν
704 4685 1120 4757 ἐπιφερόμενος.
1292 4733 1295 4736 ,

1906 4700 2166 4769 prohibui
2216 4716 2340 4756 cum
2403 4704 2631 4759 honoris
2689 4682 2964 4761 delatione
3021 4682 3188 4770 lia—ut,
3244 4682 3473 4760 minime

197 4788 376 4872 veto.
426 4799 445 4832 ι
481 4779 657 4836 Velim
687 4788 870 4872 autem
915 4782 1357 4840 animadvertere
1401 4792 1455 4842 te
1490 4786 1597 4845 hoc
1642 4790 1785 4857 loco,
1827 4791 2025 4851 dilecte
2076 4797 2188 4861 ﬁli,
2237 4812 2371 4853 nos.
2407 4800 2640 4854 multum
2682 4810 2738 4856 et
2789 4803 2990 4871 Stepius
3036 4803 3330 4872 inquisitos
3372 4820 3475 4857 cur

196 4870 321 4926 hic
348 4872 649 4942 imperator
674 4869 1054 4942 Copronymus
1084 4883 1401 4941 vocaretur,
1468 4878 1574 4934 hoe
1643 4889 1858 4938 tantum
1896 4887 2171 4957 reperisse
2197 4930 2211 4952 ,
2244 4890 2525 4960 regionem
2558 4869 2880 4962 quamdam
2905 4909 3027 4948 esse
3081 4869 3204 4964 quae
3246 4895 3469 4952 Caballa

194 4968 476 5034 dicatur;
507 4980 573 5022 ex
597 4979 670 5056 ea
719 4974 989 5036 quotquot
1028 4967 1255 5024 oriundi
1298 4970 1432 5037 sint,
1471 4971 1788 5034 Caballinos
1822 4976 1990 5035 fuisse
2013 4990 2257 5038 vocatos.
2318 4985 2481 5056 285
2541 4986 2909 5051 Quamobrem
2928 5003 3053 5042 eum
3075 4987 3472 5043 Constantinus

192 5061 319 5115 hic
358 5055 487 5111 inde
525 5055 795 5125 originem
830 5057 1081 5122 traxerit.
1126 5073 1192 5114 ac
1231 5074 1385 5116 more
1442 5062 1735 5123 inoleverit
1789 5079 1852 5125 ut
1886 5078 2103 5130 stercus
2140 5074 2474 5130 caballinum
2515 5076 2785 5139 dicamus,
2821 5093 2930 5132 non
2965 5079 3065 5133 abs
3094 5096 3150 5133 re
3186 5082 3268 5134 vir
3298 5082 3473 5135 scele-

191 5148 536 5206 ratissimus
583 5163 614 5203 a
674 5156 953 5203 stereoreo
1012 5150 1240 5207 nomine
1289 5151 1668 5228 Co’pronymus
1713 5170 1799 5217 est
1836 5177 2208 5237 nuncupatus,
2281 5168 2472 5239 utqui
2543 5176 2881 5225 stercoreum
2928 5186 3127 5227 nomen
3172 5174 3226 5227 in
3277 5191 3338 5231 se
3366 5177 3472 5231 εἰν.

182 5241 548 5303 cumferret.
789 5282 820 5311 ,
2173 5242 2179 5248 ’

288 5338 449 5391 Μετᾶ
491 5338 547 5390 δὲ
598 5338 787 5392 τοῦτον
836 5342 1033 5410 κρατεῖ
1071 5343 1099 5396 6
1141 5342 1207 5398 ἐκ
1258 5344 1359 5414 τῆς
1389 5347 1649 5422 Χαζάρας
1682 5354 1797 5419 υίὸς

174 5430 386 5489 αὐτοῦ
426 5430 577 5484 Λέων
626 5430 724 5499 ἐτη
777 5432 839 5497 ε’,
880 5433 1111 5505 εὐσεϐὴς
1164 5436 1265 5506 μὲν
1316 5437 1394 5494 ὢν
1433 5442 1557 5496 κατ’
1592 5445 1793 5516 ἀρχάς.

172 5531 417 5580 ὶπειτα
462 5522 519 5576 δὲ
567 5523 627 5577 τὸ
680 5524 781 5594 τῆς
813 5524 1155 5597 Ἐκκλησίας
1212 5530 1433 5602 στέμμα
1466 5538 1644 5603 φορεῖ,
1672 5537 1796 5592 ὅθεν

166 5612 919 5684 ἀπανθρακωθεὶςςῶσπερ
971 5618 1076 5673 ὑπὸ
1135 5621 1342 5692 λαϐροῦ
1404 5628 1641 5697 πορετοῦ
1706 5646 1794 5682 τε-

166 5707 405 5774 λευτᾷ.
439 5705 570 5757 Τότε
615 5706 709 5759 καὶ
739 5710 767 5759 6
814 5710 960 5761 κύων
993 5713 1194 5776 ὲκείιος
1224 5710 1292 5783 ἦν
1320 5717 1348 5767 6
1379 5721 1470 5770 τὸν
1506 5722 1668 5786 φονέα
1697 5722 1788 5774 τοῦ

173 5802 416 5875 κυρίου
470 5799 634 5855 αὑτοῦ
695 5808 967 5872 γνωρίσας
1025 5807 1082 5861 ἂν
1141 5808 1423 5881 καπηλείῳ
1471 5811 1785 5867 εἰσελθόντα

1962 5358 2092 5415 Post
2122 5357 2534 5432 Cepronymum
2564 5376 2685 5436 eius
2711 5376 2777 5418 ex
2799 5367 3030 5437 conjuge
3058 5366 3298 5421 Chazara
3328 5369 3473 5424 lilius

1895 5450 2009 5507 Leo
2056 5453 2218 5507 annis
2243 5452 2490 5524 quinque
2540 5453 2857 5525 imperavit,
2914 5458 3203 5529 religiosus
3252 5475 3313 5513 ac
3349 5462 3472 5530 pius

1902 5542 2128 5613 quidem
2176 5543 2267 5599 ille
2308 5543 2378 5599 ab
2417 5544 2600 5610 initio,
2633 5560 2824 5601 verum
2864 5547 2955 5600 ubi
2989 5564 3245 5603 coronam
3272 5548 3468 5603 Eccle-

1901 5635 1995 5689 sia:
2025 5635 2283 5689 donatam
2323 5645 2611 5705 gestasset,
2639 5638 2960 5693 carbunculi
2996 5640 3186 5694 morbo
3221 5651 3461 5705 vexatus,

1900 5724 2114 5778 ardenti
2152 5726 2303 5780 febre
2336 5726 2555 5780 tandem
2589 5729 2981 5799 exstinguitur.
3039 5732 3264 5786 Exslilit
3312 5733 3464 5789 hisce

1902 5827 1911 5864 l
1963 5816 2253 5887 mperibns
2282 5817 2435 5872 canis
2488 5817 2575 5872 ille
2611 5820 2703 5886 qui
2754 5822 2870 5875 ἓτειί
2926 5823 3007 5875 sui
3058 5823 3462 5878 interfectorem
