4198 6444
228 361 330 424 537

1466 359 1561 416 ΛΝ
1577 358 1668 413 ΝΛ
1682 356 1745 413 LI
1765 355 1808 412 ll
1823 353 1870 409 λῖ
1913 355 2103 412 PARS
2148 356 2241 414 iV.

3352 347 3475 407 53.8.

218 479 355 526 λεων
413 472 656 542 Ton-ir,
691 472 742 524 δὲ
774 470 998 539 δύναμι,
1027 464 1092 536 ἦν
1129 468 1268 522 ὥστε
1307 467 1398 520 καὶ
1432 467 1529 536 τὴν
1572 466 1781 517 ἀπαιω-

1891 461 2297 527 expolitionem
2335 461 2595 529 suscepit.
2631 459 2836 513 Tantas
2884 466 3065 512 autem
3107 456 3256 512 vires
3289 457 3459 510 habe-

221 566 478 634 ρηθεϊταν
507 566 563 616 ὲν
604 563 897 632 ἀκροπόλει
952 561 1144 615 ἅλυσιν
1193 559 1483 612 διακλάσαι
1527 559 1620 611 καὶ
1655 557 1790 624 πρὸς

225 657 530 724 Ιίλαχὲρνας
571 654 849 707 ἀπελθεῖν.
880 653 970 705 Ἐν
1015 653 1158 715 ὅλοις
1193 651 1380 704 λοιπὸν
1435 648 1619 720 τρισὶν
1644 648 1792 698 ἔτεσι

221 746 290 797 τά
323 743 414 795 τοῦ
441 745 676 810 πολέμου
706 742 1053 813 κεκρότηται.
1090 738 1223 796 Εἶτα
1245 744 1272 794 6
1302 739 1504 808 Θωμᾶς
1534 739 1791 808 ἡττᾶται,

221 834 434 900 φεύγει,
477 838 554 895 εἰς
596 833 1040 902 Ἀδριανούπολιν
1079 833 1323 903 ἔρχεται.
1367 831 1572 900 Καιρὸν
1607 828 1794 882 ἱκανὸν

222 926 402 976 ἐκεῖσε
438 925 589 993 παρά
639 924 731 976 τοῦ
767 924 986 994 Μιχαὴλ
1012 925 1196 993 κύκλῳ
1237 923 1558 992 τετήρηται.
1599 917 1794 988 Προδί-

219 1014 353 1086 δωσι
390 1017 479 1066 καὶ
521 1015 692 1079 ἄκων,
752 1018 1060 1084 κρατεῖται,
1109 1016 1300 1084 χεῖρας
1346 1014 1440 1066 καὶ
1499 1012 1665 1071 πόδας
1713 1009 1799 1060 τέ-

229 1120 446 1170 μνεται,
483 1106 567 1155 ἐπ’
619 1105 741 1156 ὄνου
796 1105 1053 1170 κάθηται,
1100 1105 1256 1156 τοῦτο
1303 1107 1396 1157 καὶ
1430 1103 1591 1174 μόνον
1622 1101 1794 1168 λέγων

227 1212 247 1244 ι
288 1195 538 1266 Ἐλέησόν
566 1211 655 1265 με,
689 1196 900 1266 ἀληθῶς
935 1195 1177 1267 βασιλεῦ.
1204 1214 1223 1248 ι

294 1461 450 1513 Μετά
475 1460 529 1511 δὲ
553 1462 642 1512 τὸν
666 1459 886 1532 Μιχαὴλ
919 1459 1178 1529 Θεόφιλος
1199 1462 1227 1512 6
1253 1460 1366 1521 υἱὸς
1394 1459 1584 1523 αὐτοῦ,
1607 1459 1701 1530 ἔτη
1730 1459 1796 1529 ιβ’

222 1556 398 1622 μῆνας
433 1550 502 1620 γ’.
557 1553 666 1606 Καὶ
711 1553 1012 1622 τηνικαῦτα
1054 1551 1287 1620 ἐκλογὴν
1341 1553 1581 1603 ποιεῖται
1623 1569 1794 1622 κορα-

222 1646 378 1709 σίων,
412 1640 484 1697 ὢν
517 1644 614 1714 μία
653 1647 802 1714 καὶὴ
836 1645 1038 1706 Κασία,
1076 1646 1142 1714 ἢν
1170 1645 1233 1715 δὴ
1267 1644 1359 1698 καὶ
1404 1644 1796 1713 ἀποπέμπεται

219 1736 308 1789 διὰ
349 1736 447 1805 τὴν
488 1737 670 1806 πλήρη
727 1737 993 1799 συνέσεως
1045 1737 1341 1804 ἀπόκρισιν
1379 1736 1548 1804 αὐτῆς
1577 1752 1589 1767 ·
1626 1735 1794 1805 μῆλον

220 1829 331 1898 γὰρ
363 1829 699 1891 ἐπιδεδωκὼς
755 1827 892 1896 αὐτῇ
950 1828 1024 1889 ὡς
1076 1828 1331 1896 ἐρασθεὶς
1376 1825 1536 1896 δῆθεν
1580 1826 1671 1877 ἐπὶ
1720 1825 1797 1894 τῷ

219 1921 406 1973 κάλλει
444 1921 635 1986 αὐτῆς,
677 1921 770 1972 καὶ⁹
800 1918 973 1972 εἰπὼν
1023 1938 1040 1970 ι
1083 1920 1178 1973 Ἐκ
1218 1917 1474 1988 γυναικὸς
1523 1917 1694 1989 tepor;
1730 1920 1799 1970 τα

220 2007 420 2073 φαῦλα,
455 2026 472 2058 ι
520 2007 752 2076 ἡκουσέν
815 2008 874 2072 ἐξ
922 2009 1094 2077 αὐτῆς
1150 2009 1230 2061 ὃτι
1270 2008 1363 2060 καὶ
1398 2008 1505 2059 ἀπὸ
1532 2007 1795 2076 γυναικὸς

220 2100 460 2168 πηγάζει
510 2101 579 2152 τά
631 2101 938 2171 κρείττονα.
977 2101 1093 2169 Ἐφ’
1147 2095 1190 2168 ᾧ
1222 2101 1315 2154 καὶ
1344 2101 1442 2169 τὴν
1470 2101 1798 2169 Παφλαγόνα

219 2188 503 2258 Θεοδώραν
551 2190 813 2259 ἠγάγετο.
845 2190 1016 2254 Οὗτος
1061 2189 1454 2259 καθ’ἑκάστην
1524 2189 1799 2259 ἑϐδομάδα

215 2282 308 2334 διὰ
340 2283 440 2351 τῆς
474 2283 679 2352 ἀγορᾶς
707 2283 946 2352 ἔφιππος
980 2285 1057 2346 είς
1086 2285 1178 2335 τὸν
1209 2285 1266 2335 ὲν
1298 2283 1633 2352 Βλαχέρναις
1667 2283 1796 2336 ναὸν

219 2374 536 2443 ἀπήρχετο·
569 2377 616 2427 εί
651 2377 759 2444 γὰρ
810 2375 905 2428 καὶ
961 2375 1130 2446 τιμὴν
1186 2378 1307 2438 ταῖς
1345 2376 1536 2442 ἁγίαις
1593 2376 1798 2429 εἰκόσιν

218 2467 320 2517 οὐκ
350 2466 560 2534 ἔνεμεν,
597 2467 730 2520 ἀλλα
755 2468 830 2534 τῷ
859 2469 1071 2538 Σωτῆρι
1101 2469 1194 2520 καὶ
1229 2469 1366 2537 αὐτῇ
1397 2471 1463 2538 τῇ
1495 2467 1797 2537 Θεομήτορι

220 2556 407 2608 πίστιν
443 2558 651 2626 ἐτήρει,
690 2557 764 2619 ὡς
799 2557 1005 2624 ἔλεγεν.
1040 2557 1207 2619 Οὗτος
1269 2558 1362 2609 καὶ
1429 2558 1556 2627 περὶ
1599 2558 1708 2610 τῶν
1743 2560 1798 2608 ἐν

215 2649 287 2717 τῇ
329 2649 504 2716 ἀγορᾷ
540 2648 920 2715 προκειμένων
956 2647 1134 2699 ὠνίων
1165 2647 1375 2716 ἠρώτα,
1402 2648 1496 2699 καὶ
1522 2649 1570 2699 εί
1594 2649 1794 2700 πολλοῦ

218 2742 648 2809 ἐπιπράσκοντο,
691 2740 831 2791 κατά
865 2739 957 2790 τοῦ
1001 2738 1244 2808 ἐπάρχου
1289 2738 1579 2808 ὠργίζετο.
1609 2740 1796 2809 Τούτῳ

217 2821 500 2901 προσῆλθε
532 2848 616 2894 τις
647 2831 786 2900 γυνὴ
823 2833 978 2901 παρά
1012 2831 1105 2884 τοῦ
1153 2832 1257 2900 τῆς
1304 2831 1632 2902 Δύγούστης
1671 2849 1796 2900 συγο

217 2923 379 2988 γόνου
446 2923 706 2991 Πετρωνᾱ
763 2923 1123 2992 ἀδικουμένη·
1165 2922 1370 2991 οἴκημα
1436 2923 1526 2974 καὶ
1577 2925 1686 2993 γάρ
1743 2941 1796 2976 τι

153 3032 158 3036 '
219 3011 444 3079 ὐψώσας
498 3011 735 3062 ἔϐλαπτε
776 3011 1125 3080 γειτονοῦσαν
1165 3013 1355 3082 αὑτήν.
1417 3014 1475 3066 Ὀ
1509 3012 1638 3080 γοῦν
1690 3015 1796 3066 Πε-

216 3104 435 3172 τρωνᾶς
462 3103 788 3173 ἐπεφωνήθη
834 3106 955 3171 μὲν,
990 3105 1050 3157 οὐ
1109 3105 1455 3174 διωρθώσατο
1486 3106 1564 3159 δέ.
1602 3105 1719 3174 Ἐφ’
1751 3101 1794 3174 ᾧ

217 3195 492 3258 αἰκίζεται
523 3196 730 3256 δεινῶς,
763 3196 856 3246 καὶ
903 3195 997 3247 τοῦ
1056 3196 1355 3267 οἰκήματος
1386 3199 1794 3266 ἀνατραπέντος

217 3289 251 3356 ὴ
293 3285 393 3356 ὕλη
429 3286 577 3338 πᾶσα
608 3289 674 3356 τῇ
709 3287 931 3353 γυναικὶ
965 3287 1186 3341 δίδοται.
1221 3287 1413 3340 Ἠνίκα
1439 3289 1495 3341 δὲ
1527 3291 1618 3341 καὶ
1662 3308 1794 3360 προ·

217 3377 402 3447 κύψας
463 3380 524 3430 τὸ
578 3379 677 3447 τῆς
743 3378 1030 3447 δεσποίνης
1091 3375 1230 3432 οἶδεν
1287 3380 1525 3450 ἔγγομον
1585 3383 1792 3446 πλοῖον,

216 3470 588 3539 πυρίκαυστον
616 3471 837 3523 κελεύει
876 3471 1150 3537 γενέσθαι,
1185 3473 1358 3538 λέγων
1399 3492 1416 3523 ι
1456 3475 1692 3528 Βασιλέα
1725 3494 1792 3545 με

212 3563 313 3615 τοῦ
370 3563 504 3614 Θεοῦ
562 3564 963 3626 ἀναδείξαντος,
1032 3565 1094 3616 σὺ
1164 3564 1374 3634 βιάζεις
1437 3568 1662 3637 ποιῆσαί
1727 3585 1794 3636 με

214 3656 544 3723 ναύκληρον.
611 3658 819 3720 ’Λλλως
889 3675 947 3710 τε
1016 3661 1064 3711 εί
1128 3661 1268 3724 μετὰ
1337 3659 1439 3727 τῆς
1506 3660 1795 3730 βασιλικῆς

215 3751 506 3817 εὐετηρίας
559 3750 651 3801 καὶ
707 3753 768 3802 τα
822 3751 878 3816 ἐξ
914 3751 1182 3820 ἐμπορίας
1219 3753 1434 3814 ἑαυτοῖς
1481 3758 1792 3819 περιποιεῖ-

217 3840 347 3891 σοαι
384 3840 712 3908 σπεύδομεν,
758 3843 921 3892 πόθεν
955 3843 1022 3894 ἂν
1058 3845 1124 3893 τὰ
1182 3843 1322 3910 πρὸς
1373 3843 1516 3912 ζωὴν
1567 3846 1613 3895 οί
1653 3845 1797 3896 ἰδιῶ-

212 3949 306 3984 ται
342 3931 684 4001 πορίζοιαιτω
725 3952 743 3984 ι
782 3933 1052 3986 Τοσοῦτον
1083 3934 1138 3985 δὲ
1175 3936 1606 4006 μεγαλοπρεπὴς
1642 3937 1798 4006 βασι-

213 4025 343 4086 λεὺς
376 4028 404 4077 6
439 4025 700 4093 Θεόφιλος
753 4023 819 4096 ἦν
870 4026 1011 4078 ὥστε
1041 4027 1132 4077 καὶ
1167 4027 1460 4096 Θαυμαστὰ
1486 4045 1606 4081 τινα
1640 4031 1795 4098 φιλο-

215 4115 587 4186 τεχνήσασίηι
644 4119 876 4186 δργανα.
912 4119 1138 4187 Πνεῦμα
1198 4120 1293 4172 καὶ
1347 4121 1456 4190 γὰρ
1497 4121 1708 4174 ἐκεῖθεν
1738 4125 1795 4175 ὲν

221 4213 442 4281 μηκανῇ
477 4228 582 4263 τινι
611 4211 1072 4280 ἀναπεμπόμενον
1096 4211 1361 4278 μελῳδίαν
1394 4213 1596 4282 ἀπήχει
1626 4231 1794 4283 τερπ-

215 4304 316 4372 νὴν
348 4302 442 4354 καὶ
489 4303 796 4357 εὐκέλαδον.
835 4301 995 4355 Ἀλλά
1060 4304 1153 4356 καὶ
1197 4304 1376 4373 χρυσᾶ
1423 4305 1796 4358 κατεσκεύασε

214 4391 436 4460 δένδρα,
469 4394 524 4444 ὲν
554 4387 634 4454 οἷς
665 4393 1000 4446 παντοδαποὶ
1051 4393 1303 4464 στρουθοὶ
1364 4395 1665 4465 καθήμενοι
1697 4413 1795 4465 με·

213 4481 358 4553 λῴδη
369 4501 448 4552 μα
483 4484 731 4554 μελιτόεν
761 4483 997 4554 ἐξέχεον.

1899 548 2006 606 hat.
2046 561 2102 601 ιιι
2159 566 2477 617 suspensam
2528 566 2591 602 ex
2625 566 2749 602 arce
2799 561 3047 602 catenam
3100 549 3464 616 perfringeret

1894 653 1958 691 ae
1999 640 2328 693 .‘llacln-rnas
2359 655 2529 708 usque
2565 640 2945 694 contenderet.
2991 640 3178 708 Itaque
3206 639 3469 710 deinceps

1899 732 2026 784 totis
2053 730 2229 784 tribus
2254 733 2414 784 annis
2453 732 2654 785 bellum
2696 732 2928 802 geritur,
2959 746 3069 801 quo
3101 739 3293 784 exacto
3323 730 3470 784 Tho-

1898 837 2014 877 mas
2055 823 2315 887 vincitur,
2356 825 2408 878 in
2443 825 2623 895 fugam
2671 841 2729 878 se
2763 825 3005 894 conjicit,
3053 823 3466 893 Adrianopolim

1898 916 2168 984 pervenit,
2222 932 2328 970 non
2380 917 2579 986 exiguo
2637 926 2881 984 tempore
2933 915 3055 969 istic
3097 915 3384 968 obsidione
3439 930 3468 966 a

1898 1007 2161 1060 Michaelo
2187 1008 2445 1076 cingitur,
2497 1008 2565 1061 ab
2617 1007 2812 1061 incolis
2848 1006 3033 1075 oppidi
3089 1007 3330 1071 deditur,
3383 1008 3468 1059 in-

1898 1097 2044 1149 vitus
2081 1099 2134 1148 in
2194 1097 2366 1150 hostis
2422 1107 2744 1166 potestatem
2805 1097 2974 1160 venit,
3012 1097 3265 1150 manibus
3305 1107 3469 1166 atque

1899 1187 2130 1256 pedibus
2160 1197 2466 1251 truncatur,
2502 1189 2656 1240 asino
2712 1188 3056 1242 contumelia:
3103 1202 3265 1240 causa
3295 1189 3469 1256 impu-

1900 1279 2071 1344 nitur,
2122 1279 2234 1332 haec
2285 1287 2494 1332 tantum
2547 1278 2711 1332 verba
2767 1279 3053 1348 proferens
3103 1294 3172 1331 τι
3213 1278 3470 1332 Miserere

1898 1369 2029 1428 mei,
2065 1371 2157 1438 qui
2192 1385 2381 1438 reapse
2409 1371 2706 1440 imperator
2735 1385 2815 1424 es.
2856 1389 2874 1421 ι

1969 1462 2098 1514 Post
2151 1462 2474 1515 Michaelum
2521 1463 2858 1530 TheOphilus
2905 1461 3049 1516 ﬁlius
3111 1465 3229 1533 ejus
3291 1479 3465 1517 annos

1898 1552 2188 1608 duodecim
2248 1569 2464 1607 menses
2515 1563 2624 1606 tres
2665 1554 2975 1619 imperavit.
3035 1555 3153 1608 Mox
3206 1556 3272 1608 ah
3332 1557 3471 1608 inito

1901 1644 2130 1713 imperio
2175 1644 2452 1700 delectum
2509 1645 2816 1714 puellarum
2876 1645 3065 1700 haberi
3118 1648 3295 1712 iussit,
3328 1647 3473 1700 inter

1899 1751 2037 1805 quas
2066 1736 2229 1788 etiam
2254 1735 2440 1790 Cassia
2468 1736 2796 1804 comparuit.
2830 1735 2961 1788 Eam
2989 1747 3212 1804 propter
3243 1753 3473 1805 resinou-

1902 1843 2021 1882 sum
2055 1828 2362 1897 prudentia:
2392 1828 2610 1896 plenum
2645 1828 2861 1881 missam
2893 1829 3022 1882 fecit
3045 1845 3108 1882 ac
3137 1830 3472 1897 repudiavit.

1899 1921 2033 1976 Nam
2067 1937 2191 1975 cum
2249 1921 2298 1975 ei
2341 1921 2542 1974 malum
2592 1921 2931 1983 tradidisset,
2977 1922 3056 1974 uti
3112 1923 3204 1989 qui
3249 1933 3469 1992 proptr

1901 2016 2173 2084 insignem
2213 2014 2387 2084 ipsius
2436 2013 2906 2082 pulchritudinem
2953 2029 3139 2067 amore
3183 2025 3473 2082 correptus

1897 2118 2064 2169 esset,
2098 2107 2374 2176 simulque
2419 2106 2649 2160 dixisset
2691 2120 2708 2160 :
2742 2124 2760 2156 ι
2795 2105 2838 2159 Α
2874 2107 3104 2159 muliere
3159 2108 3297 2159 mala
3348 2124 3475 2176 pro-

1901 2209 2212 2264 manarunt,
2248 2217 2266 2250 ι
2311 2197 2551 2253 vicissim
2593 2197 2682 2250 illa
2737 2197 3020 2266 respondit
3056 2214 3069 2251 :
3116 2216 3133 2247 ι
3167 2201 3207 2251 Α
3245 2200 3475 2253 muliere

1899 2291 2042 2346 bona
2097 2303 2317 2358 quoque
2373 2289 2731 2357 proveniunt.
2769 2306 2786 2338 ι
2840 2288 3030 2357 Itaque
3077 2299 3286 2344 mutata
3342 2306 3472 2344 scn-

1901 2382 2074 2437 tentia
2105 2381 2452 2435 Theodoram
2486 2379 2912 2450 Paphlagoniam
2975 2381 3327 2433 matrimonio
3370 2383 3474 2435 sibi

1895 2475 2097 2544 junxit.
2136 2473 2385 2527 Habebat
2420 2471 2472 2524 in
2511 2488 2660 2525 more
2690 2472 2854 2540 289
2879 2470 3237 2542 Theophilus.
3275 2487 3331 2525 ut.
3364 2477 3478 2527 sin-

1899 2565 2040 2633 gulis
2071 2562 2390 2632 septimanze
2423 2561 2618 2615 diebus
2650 2577 2746 2630 per
2794 2562 2972 2615 forum
3026 2579 3193 2632 eques
3246 2564 3298 2616 iu
3352 2565 3474 2618 Bla-

1899 2655 2186 2707 chcruium
2245 2655 2506 2723 templum
2550 2653 2676 2706 iret.
2722 2654 3044 2722 Quanquam
3105 2656 3252 2708 enim
3306 2657 3479 2709 sacris

1902 2748 2237 2815 imaginibus
2285 2746 2549 2799 honorem
2587 2745 2796 2797 nullum
2847 2745 3152 2805 deferebat,
3209 2747 3244 2802 S
3283 2749 3476 2803 lvatori

1902 2848 2080 2891 tamen
2107 2853 2170 2892 ac
2198 2839 2440 2908 Deiparie
2472 2837 2633 2890 fidem
2685 2837 2959 2899 servabat,
3000 2846 3058 2890 ut
3093 2838 3321 2905 ipsemet
3355 2857 3480 2910 pro-

1901 2929 2173 2983 ﬁtebatur.
2211 2931 2480 2985 Praeterea
2522 2931 2583 2983 de
2611 2945 2792 2982 rerum
2844 2930 2896 2982 in
2931 2930 3049 2983 foro
3087 2947 3283 2984 venum
3313 2949 3480 3001 expo-

1900 3022 2127 3076 silarum
2172 3023 2363 3091 pretiis
2397 3023 2679 3090 inquirere
2715 3021 2949 3086 solebat,
2984 3031 3033 3075 et
3077 3024 3118 3075 si
3159 3040 3351 3094 magno
3386 3044 3477 3079 t'ns

1824 3151 1865 3208 ο
1901 3115 2063 3166 vetuli
2107 3114 2569 3181 deprehenderet,
2622 3114 2880 3182 pra'lectu
2929 3117 3310 3170 succensebat.
3366 3121 3472 3171 Ae.-

1899 3202 2033 3255 cidit
2077 3202 2370 3269 aliquando
2431 3199 2488 3254 ut
2522 3203 2720 3254 fetnvna
2762 3202 3010 3271 quadam
3058 3205 3236 3272 ipsum
3274 3223 3477 3261 cauve-

1897 3291 2061 3353 nirct,
2115 3293 2182 3345 ab
2242 3293 2500 3361 Augustae
2559 3294 2728 3346 fratre
2785 3295 3019 3347 I‘etroua
3075 3311 3170 3362 per
3222 3297 3473 3366 injurlam

1897 3385 2044 3437 laesa.
2076 3381 2208 3436 Nam
2246 3399 2368 3436 cu-u
2411 3384 2455 3436 is
2497 3383 2788 3437 :edilicium
2839 3385 2890 3436 in
2949 3385 3118 3436 altum
3167 3386 3467 3448 eduxisset,

1896 3477 2093 3529 domus
2137 3475 2348 3539 viciuze,
2401 3491 2521 3542 qua:
2555 3476 2800 3528 niuiieris
2833 3486 2973 3534 erat.
3023 3477 3324 3530 luminibus
3372 3481 3474 3531 oh-

1898 3575 2200 3620 struxerat.
2257 3565 2404 3619 llanc
2452 3567 2520 3618 ob
2573 3582 2794 3619 causam
2847 3567 3112 3619 Petronas
3148 3570 3473 3638 obju'gatus

1900 3661 2071 3714 nihilo
2122 3661 2292 3726 magis
2359 3660 2408 3712 id
2477 3659 2791 3727 corrigebat
2848 3659 2900 3711 iu
2967 3673 3076 3728 quo
3142 3661 3474 3730 deliquerat.

1896 3752 2084 3821 Itaque
2144 3752 2292 3819 gravi
2350 3766 2475 3804 eum
2527 3751 2862 3803 contumelia
2917 3751 3217 3820 imperator
3265 3755 3472 3817 aII'eeit,

1895 3847 2215 3911 aedibusque
2253 3843 2486 3911 dejectis
2536 3857 2754 3895 onmem
2803 3843 3087 3895 materiem
3136 3845 3351 3897 mulieri
3389 3858 3472 3897 at-

1898 3939 2111 3991 tribuit.
2143 3937 2330 3991 ltidcm
2359 3951 2482 3989 eum
2516 3950 2546 3989 e
2607 3933 2809 4004 palatio
2845 3946 3205 4003 prospectans
3237 3937 3476 3992 domina:

1898 4030 2081 4084 navim
2146 4038 2367 4098 portum
2439 4027 2742 4095 ingressam
2811 4026 3079 4091 vidisset,
3137 4038 3196 4081 ut
3247 4027 3355 4099 igni
3411 4048 3475 4084 ea

1897 4128 2353 4175 concremaretur
2382 4117 2692 4179 mandavit,
2732 4117 3052 4187 hujusmodi
3088 4119 3249 4172 verba
3300 4120 3472 4190 subji-

1897 4213 2051 4266 ciens
2082 4230 2094 4265 :
2130 4229 2147 4262 ι
2178 4211 2255 4263 'I‘u
2282 4225 2407 4265 cum
2444 4211 2833 4278 imperatorem
2867 4225 2952 4264 me
2981 4211 3120 4264 Deus
3149 4211 3473 4282 desiguazit,

1899 4304 2221 4356 nauclerum
2251 4315 2374 4355 esse
2408 4298 2610 4369 coges?
2637 4298 2795 4364 Quod
2822 4299 3001 4359 si,nos
3043 4310 3242 4368 praeter
3279 4302 3475 4354 uberes

1898 4394 2116 4462 imperii
2150 4397 2362 4446 l'ructus
2385 4393 2552 4445 etiam
2610 4391 3348 4446 mercatura!emolumenta
3383 4407 3476 4447 co-

1826 4484 2152 4543 Dnabimur
2212 4485 2563 4552 intercipere,
2614 4482 2891 4536 undenam
2940 4484 3169 4551 privata:
3231 4484 3472 4538 fortunze

215 4579 474 4634 homines
525 4580 593 4633 ad
643 4580 812 4634 vitam
869 4581 1250 4635 sustinendam
1306 4581 1409 4636 sibi
1464 4586 1771 4638 necessaria
1811 4580 2248 4652 comparabuut?
2286 4599 2304 4630 ι
2377 4578 2584 4632 Praater
2632 4577 2746 4631 ham
2819 4587 2927 4630 tam
2990 4579 3310 4646 magniﬁcus
3353 4591 3472 4633 erat

215 4670 521 4742 impmmr
594 4672 686 4728 hic
723 4671 1083 4742 Theophilus,
1149 4685 1208 4729 ut
1257 4679 1420 4730 etiam
1508 4676 1857 4731 admirabilia
1898 4676 2146 4747 quaedam
2201 4675 2568 4728 instrumenta
2641 4671 2889 4724 studiose
2965 4673 3338 4740 excogitaret,
3401 4673 3469 4724 de

213 4771 424 4844 quibus
497 4769 748 4824 machina
827 4755 1066 4840 quadam
1137 4771 1375 4827 emissus
1422 4773 1654 4842 spiritus
1701 4774 2003 4844 jucundam
2077 4772 2434 4840 suaviterqne
2511 4779 2860 4824 resonantem
2943 4769 3234 4824 melodiain
3283 4769 3468 4822 ellit-u.

215 4865 416 4919 Itidem
471 4863 701 4915 arbores
748 4873 945 4918 aureas
997 4864 1246 4932 parabat,
1287 4863 1344 4918 in
1407 4864 1608 4933 quibus
1675 4863 1863 4920 omnis
1902 4862 2123 4934 generis
2178 4863 2406 4916 avicula:
2465 4860 2819 4941 cquaidentes
2871 4861 3127 4914 melleum
3177 4862 3470 4930 quemdam

212 4968 441 5012 cantum
469 4954 848 5016 eIIundebent.

301 5048 638 5119 ’Δνθρώπιόν
707 5065 761 5100 τι
811 5049 868 5101 ὲν
943 5049 1268 5120 ἀνακτόροις
1342 5054 1792 5122 περιεστρέφετο,

211 5141 554 5212 παρακοπὴν
611 5143 826 5210 φρενῶν
885 5143 1030 5213 ἔχον,
1099 5144 1378 5213 Δένδερις-
1430 5144 1789 5214 καλούμενον.

212 5235 352 5287 [lost
381 5233 512 5303 γοῦν
547 5233 575 5283 6
615 5233 872 5301 βασιλεὺς
913 5234 1198 5304 ἐρωτήσαλ
1231 5235 1364 5287 αὑτὸ
1421 5234 1587 5287 πόθεν
1641 5235 1788 5306 ἥκει,

209 5327 368 5397 παρὰ
426 5328 493 5396 τῇ
553 5326 747 5397 Μάννᾳ
813 5325 1150 5397 πορευθῆναι
1215 5327 1447 5396 ἐλεγενο
1482 5327 1626 5381 οὕτω
1683 5329 1790 5397 γὰρ

209 5421 399 5473 ἐκάλει
428 5419 529 5489 τὴν
562 5419 868 5472 δέσποιναν.
917 5417 1074 5473 Ἀλλά
1127 5419 1219 5472 καὶ
1271 5420 1414 5472 νινία
1443 5420 1583 5474 καλὰ
1618 5420 1792 5472 διεϐε-

211 5509 438 5564 εαιοῦτο
472 5510 615 5580 ἔχειν
658 5508 849 5579 αὐτήν.
883 5508 1115 5571 Εἰκόνας
1167 5506 1260 5563 οῦν
1288 5511 1316 5562 6
1367 5509 1622 5578 βασιλεὺς
1655 5509 1788 5562 ὐπο-

206 5607 461 5667 τοπασας
520 5602 660 5656 εἶναι
694 5603 761 5676 τά
802 5602 942 5655 νινία
977 5604 1118 5656 κατα
1152 5601 1252 5671 τῆς
1309 5602 1574 5672 βασιλίδος
1617 5603 1786 5672 ἐξώρο

207 5714 394 5768 γιστο.
468 5696 531 5750 Ἡ
594 5697 650 5749 δὲ
721 5695 901 5763 σοφῶς
968 5696 1058 5748 τὸν
1118 5696 1292 5767 ἀνδρα
1349 5698 1789 5764 κατεσοφίσατο·

183 5810 237 5862 ει
287 5790 424 5845 Οὐδὲ
459 5789 570 5862 γὰρ
627 5789 843 5852 εἰκόνας
906 5782 1046 5841 εἶδεν
1097 5790 1125 5841 6
1177 5788 1450 5860 Δένδερις,
1502 5807 1519 5839 ι
1583 5787 1794 5855 ἔλεγεν,

1965 5049 2235 5106 Caeterum
2278 5048 2330 5102 in
2370 5049 2492 5103 aula
2535 5048 2756 5117 quidam
2803 5046 3128 5101 versabalur
3172 5047 3474 5101 homuncio

1893 5157 2088 5213 parum
2118 5143 2319 5196 mentis
2354 5156 2599 5210 compos.
2637 5140 2773 5193 Eum
2809 5156 2935 5194 cum
2973 5119 3268 5208 aliquatido
3305 5141 3475 5195 inter-

1895 5244 2143 5306 rogasset
2177 5236 2480 5304 imperator
2513 5233 2658 5288 unde
2695 5233 2946 5298 veniret,
2983 5248 3012 5285 a
3051 5231 3244 5285 Manna
3274 5247 3350 5307 se
3388 5235 3473 5285 di-

1900 5341 2148 5396 gressum
2197 5326 2522 5395 respondit:
2569 5325 2674 5379 hoc
2723 5325 2867 5378 enim
2916 5325 3140 5378 nomine
3189 5324 3471 5378 dominam

1897 5416 2226 5484 appellabat.
2261 5415 2464 5470 Deinde
2493 5415 2784 5469 aﬂirmavnt
2813 5415 2956 5469 illam
2989 5415 3262 5483 perbellas
3295 5430 3470 5484 pupas

1897 5509 2124 5563 habere.
2177 5508 2294 5575 Qua
2350 5523 2482 5562 voce
2541 5509 2842 5578 imperator
2880 5509 3110 5572 audita,
3153 5523 3464 5574 SttSplt'atos
3512 5548 3526 5559 .

1895 5616 2068 5671 pupas
2099 5617 2218 5655 esse
2254 5601 2556 5670 imagines,
2593 5611 2785 5655 contra
2822 5601 3224 5670 imperatrzeem
3259 5613 3464 5652 exean—

1893 5697 2035 5749 tluit.
2093 5694 2189 5748 Illa
2245 5709 2375 5748 vero
2418 5695 2676 5748 maritum
2720 5695 2957 5748 solerter
2996 5692 3230 5762 deet-pit.
3280 5709 3298 5742 ι
3353 5691 3467 5743 Mn

1897 5787 2090 5852 enim,
2167 5788 2284 5855 ait,
2339 5788 2602 5858 imagines
2661 5785 2925 5842 DCIltIt‘I‘IS
2992 5785 3330 5864 vizlitthoe
3387 5783 3466 5836 nti
