4198 6444
201 338 299 404 541

1431 348 1784 411 ANNALIU

1891 350 2084 409 PARS
2128 351 2226 411 ιγ.
3094 326 3099 333 ’
3350 347 3454 413 51.2

199 457 305 526 ἄρα
350 456 440 509 καὶ
473 458 505 528 ἡ
544 458 681 528 πρδς
730 459 863 513 Θεὸν
906 460 1099 528 γέγονε
1150 459 1357 530 δέησις.
1403 461 1597 515 Ἢνίκα
1642 462 1774 527 γοῦν

1891 466 2059 532 iugem
2104 478 2262 515 suum
2307 462 2361 515 in
2409 463 2718 529 paradisum
2764 461 3094 517 introduxit.
3156 462 3226 514 lii
3279 462 3345 515 ile
3397 481 3455 514 ru.

197 550 539 620 ὲφιλοφρόνει
564 552 782 615 αὐτοὺς,
816 554 1117 623 συμπαρῆν
1166 556 1259 606 καὶ
1291 555 1319 606 ὁ
1353 554 1598 622 γραπτδς
1641 554 1771 605 Θεο-

198 640 376 711 φάνης
428 642 681 706 Νικαίας.
727 646 943 714 Ταύτης
1006 642 1099 697 οὖν
1158 644 1573 714 ὲνατενιζούσης
1621 644 1772 713 αὐτῷ

196 738 291 787 καὶ
318 735 385 787 τά
410 735 681 806 στίγματα
707 736 1095 808 θαυμαζούσης
1126 737 1305 804 ἔλεγε·
1336 737 1432 788 «Τί
1461 754 1527 803 με
1565 737 1776 805 συχνῶς

194 826 363 896 ὀρᾷ;;
422 826 555 880 Τότε
616 829 1003 899 διαδικάσομαι
1064 828 1194 899 περὶ
1238 831 1432 881 τούτου
1483 828 1560 899 τῷ
1618 829 1772 897 ἀνδρί

200 931 318 968 σου.
362 935 381 966 ι
452 915 554 969 Ἦν
611 918 676 988 δὴ
732 920 823 971 καὶ
886 919 1056 974 πολλὰ
1114 919 1525 989 δυσχεράνασαν
1579 920 1770 971 τοᾶτου

195 1001 382 1073 ἕνεκεν
415 1007 443 1058 6
477 1008 822 1078 πατριάρχης
851 1008 1226 1077 παρεμυθεῖτο
1259 1005 1548 1068 Μεθόδιος.

1879 569 2002 607 cum
2052 554 2259 608 certior
2305 554 2445 606 facta
2492 554 2721 617 luisset,
2756 556 2991 625 benigne
3022 562 3246 608 sanctus
3287 554 3454 607 hosce

1885 642 2077 695 Patres
2125 644 2334 710 excepit
2364 683 2375 703 ,
2428 642 2519 710 qui
2569 643 2736 695 etiam
2785 659 2886 711 pro
2922 642 3237 711 Theophila
3280 642 3454 695 Deum

1886 734 2093 801 precati
2141 743 2289 787 sunt.
2328 733 2464 790 Cum
2513 746 2695 787 autem
2750 736 2875 790 illos
2906 737 3223 806 excipi-ret,
3261 736 3455 788 aderat

1882 823 2025 876 inter
2079 824 2216 877 alios
2258 824 2625 893 Theophanes
2667 825 2921 880 Nicmnus
2965 824 3253 895 pontifex,
3300 827 3457 893 cujus

1880 914 2041 969 faciei
2077 925 2219 968 nutm
2253 916 2535 983 inipressm
2566 927 2741 969 erant.
2780 916 2832 970 ls
2863 918 3221 987 imperatrice
3255 917 3457 971 defixis

1884 1007 2062 1060 oculis
2085 1022 2143 1060 se
2175 1007 2448 1068 intuente,
2485 1022 2547 1059 ac
2580 1017 2736 1060 notas
2772 1008 3067 1077 impressas
3096 1010 3409 1061 admirante
3441 1029 3452 1061 :

205 1118 224 1151 ι
261 1099 392 1159 Cur,
444 1098 655 1168 inquit,
693 1111 802 1154 tam
843 1102 1040 1155 crebro
1086 1116 1174 1155 me
1238 1100 1480 1170 aspicis?
1516 1100 1569 1153 in
1617 1098 1787 1152 altera
1865 1099 1975 1153 vita
2032 1114 2156 1152 cum
2214 1099 2414 1151 mai-itu
2482 1108 2573 1151 tuo
2624 1099 3032 1167 disceptaturus
3083 1115 3225 1152 sum.
3270 1118 3287 1148 ι
3339 1098 3455 1152 lluc

201 1199 432 1247 verhum
468 1194 872 1263 imperatricem
902 1194 1142 1265 graviter
1171 1194 1467 1249 admodum
1503 1192 1757 1262 pupugit,
1798 1207 1962 1261 quam
2014 1200 2193 1245 tamen
2236 1189 2438 1244 deinde
2508 1190 2818 1245 Methodius
2890 1191 3201 1261 patriam-ha
3261 1208 3460 1244 cirnso-

199 1290 346 1343 latus
379 1299 482 1344 est.

274 1378 515 1441 Γίνωσκε
548 1388 628 1451 δὲ,
663 1389 936 1458 άγαπητὲ,
971 1390 1055 1443 ὅτι
1108 1391 1200 1443 ἐπὶ
1242 1393 1343 1461 τῆς
1377 1390 1472 1444 τοῦ
1513 1390 1775 1460 Θεοφίλου

200 1477 480 1546 βασιλείας
516 1480 669 1534 Λέων
711 1484 741 1535 6
786 1482 1078 1552 φιλόσοφος
1116 1479 1209 1554 ἦν,
1248 1484 1638 1554 κεκρυμμένος
1677 1482 1775 1553 μὲν

196 1569 295 1622 τοῦ
330 1570 547 1639 πρώτου
590 1572 686 1627 καὶ
711 1572 890 1642 πάντη
926 1574 1206 1640 άγνωπος
1252 1572 1351 1636 ὢν,
1378 1574 1554 1643 τούτῳ
1592 1574 1647 1626 δὲ
1678 1590 1773 1641 γει

1960 1382 2117 1453 291
2169 1381 2322 1435 Scito
2364 1391 2546 1435 autem
2570 1422 2584 1447 ,
2632 1379 2829 1434 dilecte
2862 1379 2935 1432 liii
2961 1419 2973 1441 ,
3007 1379 3316 1449 Theophilo
3352 1380 3458 1433 im~

1882 1486 2111 1548 perante
2141 1476 2381 1528 Leonem
2415 1457 2747 1541 philosopha
2775 1492 2803 1523 ιι
2833 1473 3135 1534 exstitisse,
3169 1473 3262 1541 qui
3296 1488 3459 1540 prur-

1881 1586 1975 1623 sus
2012 1579 2173 1622 antea
2207 1567 2463 1620 latilahat
2491 1578 2547 1620 et
2580 1566 2803 1635 ignotus
2833 1575 2948 1618 erat
2980 1584 2991 1619 :
3027 1566 3121 1618 sed
3156 1566 3261 1619 hoc
3295 1570 3457 1619 mo.’o

196 1659 373 1728 γοηιὼς
398 1661 477 1732 τῷ
506 1662 694 1733 τρόπῳ
722 1663 1043 1734 κατάδηλος.
1074 1664 1312 1726 Νεανίας
1346 1682 1429 1727 τις
1468 1682 1773 1735 γεωμετρι-

1891 1673 2085 1711 nomen
2142 1655 2364 1725 aliquod
2419 1666 2504 1709 est
2560 1663 2922 1708 consecutus.
2981 1653 3082 1718 Qui
3110 1657 3213 1707 iam
3272 1654 3458 1709 adole-

195 1754 302 1820 κῆς
348 1754 660 1824 ἐπιστήμης
715 1754 980 1826 ἔμπειρος
1030 1756 1106 1809 ὢν
1154 1756 1505 1827 αίχμάλωτος
1554 1758 1769 1825 ἄγεται.

192 1837 331 1894 Εἶτα
364 1846 513 1911 παρὰ
542 1842 639 1893 τοῦ
673 1841 998 1911 κατέχοντος
1035 1843 1203 1897 αὐτὸν
1242 1844 1647 1914 Ἀρμεμούμνη
1683 1843 1777 1914 ζή-

190 1948 357 2002 τησις
397 1933 610 2000 γίνεται
641 1935 1035 2005 γεωμετρικῶν
1064 1935 1463 2007 θεωρημὲτων.
1495 1934 1772 2004 Παρίστα-

194 2041 292 2078 ται
321 2024 713 2090 καὶόνεανίας,
738 2027 837 2095 τὴν
862 2025 1029 2080 αὖτοῦ
1056 2027 1247 2095 σοφίαν
1274 2028 1537 2089 δείκνυσι,
1564 2028 1777 2098 θαυμά-

190 2117 372 2181 ζεται.
414 2117 718 2187 Ἐρωτὶται
757 2119 805 2171 εί
837 2119 930 2172 καί
965 2136 1109 2184 τινες
1139 2121 1316 2190 ἕτεροι
1351 2121 1585 2173 τοιοῦτοι
1624 2120 1778 2192 παρὰ

189 2214 264 2281 τῇ
316 2209 677 2284 βασιλευούσῃ
719 2212 1089 2282 εὑρίσκονται.
1130 2213 1241 2266 Καὶ
1287 2215 1315 2266 6
1349 2211 1777 2283 Ἀρμεμούμνης

193 2301 389 2372 μαθὼν
419 2304 547 2371 περὶ
574 2303 666 2357 τοῦ
707 2304 874 2372 σοφοῦ
906 2305 1155 2371 Λέοντος,
1193 2305 1276 2369 τίς
1313 2322 1372 2359 τε
1402 2300 1469 2377 ἦν
1506 2306 1600 2359 καὶ
1628 2309 1778 2371 ὅπως

188 2398 276 2455 είς
315 2395 486 2465 ἄκρον
518 2396 774 2465 ἐληλάκει
817 2401 999 2465 πάσης
1039 2397 1232 2466 σοφίας
1294 2399 1389 2450 καὶ
1443 2400 1776 2469 ἐπιστήμης,

186 2486 403 2556 γράφει
433 2488 567 2556 πρὸς
597 2489 691 2541 τὸν
720 2488 946 2557 βασιλέα
978 2488 1240 2558 Θεόφιλον
1265 2489 1341 2553 ὡς
1368 2490 1434 2543 ἂν
1475 2491 1776 2545 ἀποστελοί

187 2577 289 2628 τὸν
341 2577 630 2646 φιλόσοφον
682 2578 818 2649 πρὸς
869 2579 1076 2633 αὐτόν’
1125 2581 1247 2634 ἀντὶ
1280 2581 1339 2634 δὲ
1389 2584 1581 2635 τοᾷτου
1616 2582 1772 2654 δοοή-

190 2686 356 2722 σεται
386 2670 547 2741 χάρις
595 2672 822 2741 χρυσίου
873 2673 1204 2745 κεντηνάρια
1243 2681 1289 2744 ρ’
1316 2675 1412 2727 καὶ
1450 2676 1602 2745 φιλία
1654 2676 1783 2729 αἰώ-

188 2778 333 2823 νιος.
363 2764 470 2814 Καὶ
514 2764 543 2815 6
599 2763 857 2830 Θεόφιλος
916 2764 1120 2817 ἄτοπον
1173 2767 1368 2836 κρίνας
1418 2770 1468 2821 εί
1524 2768 1625 2835 τὴν
1668 2768 1777 2821 τῶν

188 2849 373 2903 ὄντων
409 2850 630 2918 γνῶσιν,
670 2851 739 2904 δι’
782 2854 849 2922 ἦν
875 2852 935 2905 τὸ
973 2854 1085 2908 τῶν
1124 2854 1413 2924 Ῥωμαίων
1455 2858 1610 2924 γένος
1656 2857 1784 2910 θαυ-

196 2936 458 3004 μάζεται,
490 2940 708 2993 ἔκδοτον
738 2942 953 3013 ποήσει
988 2945 1100 3007 τοῖς
1130 2944 1331 3011 ἔθνεσι,
1363 2946 1496 3015 πρὸς
1524 2948 1592 3001 τά
1626 2950 1782 3019 αίτη-

1886 1764 2049 1804 scens
2077 1748 2430 1818 geometrica:
2462 1747 2711 1800 scientia:
2745 1746 2956 1815 peritus
2991 1733 3045 1799 in
3080 1745 3321 1799 hostium
3357 1763 3459 1815 pu-

1888 1852 2143 1898 testatem
2176 1849 2427 1895 venerat.
2460 1840 2677 1894 Accidit
2709 1850 2891 1893 autem
2928 1849 2987 1893 ut
3016 1840 3463 1905 Armemumnes,

1883 1933 1975 2003 qui
2011 1947 2135 1987 eum
2168 1934 2443 2000 captivum
2481 1929 2754 1993 habebat,
2793 1928 3095 1998 aliquando
3128 1930 3195 1984 de
3236 1945 3459 2000 geome-

1886 2028 2042 2081 tricis
2073 2024 2434 2080 theorematis
2464 2023 2793 2093 disputaret.
2825 2021 2901 2076 lbi
2931 2023 3155 2094 juvenis
3190 2024 3279 2077 ille
3319 2040 3459 2092 prae-

1884 2135 2013 2175 sens
2042 2117 2278 2172 dotrinaa
2307 2132 2422 2172 sua:
2451 2116 2733 2184 specimen
2765 2116 2914 2180 edit,
2945 2123 3000 2167 et
3029 2116 3172 2184 apud
3207 2116 3466 2168 homines

1884 2211 2310 2268 admirationem
2344 2209 2430 2264 sui
2478 2208 2752 2265 concitat.
2797 2208 3166 2274 Quamobrem
3215 2206 3450 2261 interru-

1885 2312 2050 2375 gatur
2075 2319 2144 2357 an
2177 2302 2268 2356 alii
2303 2316 2524 2371 quoque
2560 2300 2719 2369 Cpuli
2752 2300 3103 2369 reperiantur
3131 2300 3226 2368 qui
3275 2309 3453 2354 artem

1888 2395 2029 2448 hanc
2069 2402 2310 2447 teneant.
2345 2392 2483 2447 Cum
2522 2390 2897 2460 respondente
2932 2391 3135 2461 juvene
3168 2391 3463 2461 cognovis-

1886 2496 1972 2540 set
1999 2489 2418 2539 Armemumnes
2444 2483 2513 2538 de
2544 2482 2731 2537 Leone
2759 2484 2880 2537 viro
2914 2482 3149 2553 sapienti
3183 2499 3246 2537 ac
3274 2482 3466 2547 docto,

1888 2573 2143 2643 quisnam
2180 2572 2361 2638 foret,
2396 2581 2450 2627 et
2481 2572 2631 2642 quod
2666 2586 2940 2626 summam
2975 2573 3156 2627 omnis
3190 2573 3464 2628 doctrina:

1898 2673 2276 2743 scientiaeque
2330 2671 2584 2742 peritiam
2645 2682 2974 2725 consei-utus
3031 2683 3210 2734 essel,
3264 2671 3471 2725 litteris

1890 2763 1955 2817 ad
1994 2763 2386 2831 imperatorem
2423 2760 2796 2830 Theophilum
2828 2760 2972 2814 datis
3016 2762 3152 2829 petit
3199 2772 3257 2814 ut
3302 2761 3367 2814 ad
3402 2776 3461 2815 se

1890 2854 2131 2910 Leonem
2181 2858 2401 2919 mittat,
2450 2871 2548 2924 pro
2594 2868 2705 2924 quo
2758 2853 3080 2908 declarandi
3128 2855 3296 2908 animi
3332 2854 3472 2924 grati

1890 2963 2060 3002 causa
2095 2948 2331 3002 vicissim
2361 2948 2412 3002 ei
2442 2947 2676 3001 daturus
2704 2945 2777 2999 sit
2804 2954 3027 3001 centum
3057 2947 3178 3000 auri
3210 2957 3475 3000 Centena-

138 3022 145 3027 ’
191 3025 367 3080 θέντα
396 3028 496 3080 οὐκ
542 3030 827 3083 ἐπένευσε.
864 3031 1199 3102 Γνωρίζεται
1245 3033 1341 3087 οὖν
1383 3035 1631 3088 ἐντεῦθεν
1656 3038 1686 3089 6
1714 3037 1784 3089 τὰ

1891 3040 2002 3095 rios
2039 3050 2416 3110 aeternamque
2456 3053 2648 3109 pacem
2694 3052 3086 3093 concessurus.
3131 3039 3475 3108 Theophilus

189 3119 382 3172 πάντα
414 3123 727 3189 σοφώτατος
771 3123 944 3188 Λέων,
971 3123 1297 3189 διδάσκαλος
1342 3128 1779 3199 προχειρίζεται,

187 3213 510 3267 τελευταῖον
540 3216 617 3277 είς
652 3218 745 3269 τὸν
788 3220 888 3287 τῆς
933 3218 1334 3291 Θεσσαλονίκης
1365 3219 1556 3288 θρόνον
1587 3225 1785 3292 ἀνάγε-

190 3319 294 3355 ται
339 3304 488 3374 παρὰ
540 3306 883 3376 πατριάρχου
922 3306 1166 3359 Ἰωάννου
1224 3306 1320 3361 τοῦ
1372 3311 1634 3379 μεγάλου.
1664 3315 1786 3367 Τιῖλν

189 3395 590 3465 Εἰκονομάχων
640 3397 948 3466 τηνικαῦτα
1012 3398 1455 3468 καθαιρεθέντων
1512 3408 1790 3477 συγκαθη-

191 3488 335 3560 ρέύη
379 3489 472 3540 καὶ
520 3490 702 3552 αὑτός.
738 3490 1021 3560 Μεγίστην
1076 3491 1134 3543 δὲ
1174 3492 1339 3564 τιμὴν
1388 3497 1540 3565 παρά
1574 3514 1637 3565 γε
1673 3502 1789 3561 τοῖς

191 3579 697 3634 Θεσσαλονικεῡσιν
754 3582 917 3652 ἔφερε
970 3583 1065 3636 καὶ
1117 3584 1185 3637 δι’
1235 3586 1370 3640 άλλα
1434 3590 1534 3656 μὲν
1593 3592 1785 3655 πολλὰ,

196 3673 449 3743 μάλιστα
498 3673 555 3725 δὲ
600 3674 668 3727 δι’
714 3676 780 3745 ἢν
831 3676 1105 3745 ἐπήνεγκε
1138 3677 1233 3729 τοῦ
1273 3678 1437 3749 λιμοῦ
1482 3680 1657 3745 λύσιν,
1690 3684 1787 3753 τὴν

186 3767 315 3818 τῶν
368 3767 612 3837 ἀστέρων
667 3768 920 3839 ἐπιτολὴν
993 3771 1431 3841 διασκεψάμενος
1497 3774 1785 3840 κάκείνους

188 3857 509 3920 ἀναπείσας
533 3858 603 3911 τά
642 3863 937 3931 σπέρματα
972 3863 1282 3932 τηνικαῦτα
1322 3864 1674 3921 καταϐαλεῖν.

187 3947 329 4001 loco
382 3959 758 4018 moverentur,

1891 3142 2075 3188 autem
2098 3172 2114 3197 ,
2145 3132 2243 3203 qui
2277 3132 2576 3188 absurdum
2610 3130 2875 3201 quiddam
2909 3147 2966 3187 se
2996 3132 3271 3187 facturum
3305 3134 3478 3187 duce-

1893 3232 2016 3290 ret,
2059 3222 2106 3278 si
2154 3238 2341 3278 rerum
2386 3224 2794 3294 cognitionem,
2837 3234 3063 3293 propter
3100 3240 3265 3293 quam
3317 3226 3476 3277 natio

1898 3316 2274 3370 Romanorum
2323 3316 2377 3369 in
2421 3315 2791 3370 admiratione
2838 3315 2942 3379 sit,
2991 3316 3208 3385 populis
3256 3320 3474 3370 exteris

1899 3407 2195 3475 proderet,
2225 3406 2517 3476 postulatis
2543 3411 2952 3461 Armemumnu:
2994 3405 3250 3460 assentiri
3282 3408 3477 3460 minii.

1899 3497 1975 3552 Ex
2005 3512 2071 3552 eo
2104 3504 2353 3566 tempore
2385 3497 2496 3552 Leu
2524 3499 2884 3552 doctissimus
2914 3499 2970 3553 in
3000 3499 3275 3553 universis
3302 3499 3469 3551 disci-

1899 3590 2072 3661 plinis
2117 3591 2430 3645 clarescere
2474 3592 2661 3660 cmpit.
2714 3589 2964 3659 Cumque
3007 3591 3248 3644 doctoris
3278 3606 3481 3644 munus

1897 3682 2217 3751 aliquandiu
2245 3683 2294 3737 ei
2329 3684 2647 3736 mamlatum
2678 3681 2892 3744 luisset,
2921 3682 3141 3736 tandem
3167 3698 3335 3752 opera
3363 3700 3477 3736 mn-

1896 3776 1986 3845 gui
2020 3775 2345 3845 patriarchae
2383 3776 2611 3831 Joannis
2641 3776 2707 3830 ad
2744 3775 3238 3830 Thessaloniecnse
3277 3776 3424 3830 soliu
3448 3797 3479 3827 ,ι

1898 3876 2131 3925 evectus
2181 3879 2285 3924 est.
2347 3870 2480 3924 lude
2532 3885 2658 3923 cum
2710 3878 3118 3939 oppugnatores
3171 3870 3475 3938 imagnnm

841 3952 1010 4007 etiam
1058 3954 1176 4024 ipse
1244 3957 1384 4011 solio
1432 3974 1534 4013 suo
1582 3960 1831 4031 dcjectus
1907 3971 2010 4024 est.
2060 3962 2221 4033 Apud
2274 3962 2797 4016 Thcssalonicenses
2854 3963 2908 4015 in
2967 3961 3176 4015 honore
3233 3962 3481 4014 maxima

188 4042 313 4097 fuit
363 4060 493 4099 cum
548 4046 683 4100 alias
732 4047 920 4117 plures
968 4049 1039 4104 ob
1092 4066 1333 4119 causas,
1381 4064 1495 4107 tum
1547 4057 1783 4111 maxime
1823 4067 2117 4127 propterea
2161 4057 2309 4127 quod
2346 4072 2443 4114 eos
2510 4073 2744 4111 annona:
2816 4058 3047 4125 penuria
3100 4056 3474 4113 subievasset.

182 4137 452 4193 siderum
493 4142 861 4209 quorumdam
904 4151 1032 4198 ortu
1082 4147 1473 4202 considerato:
1520 4134 1874 4218 persuaserai
1912 4151 2061 4205 enim
2132 4149 2268 4221 ipsis
2335 4160 2395 4206 ut
2435 4148 2679 4204 indicato
2717 4152 2786 4203 ab
2826 4162 2886 4203 se
2959 4157 3208 4218 tempore
3264 4149 3481 4204 semina

185 4242 369 4289 terra:
401 4233 714 4289 crederent.

287 4328 350 4381 '0
387 4330 575 4400 μέντοι
625 4331 888 4399 Θεόφιλος
941 4333 1193 4404 γαμϐρὸν
1236 4331 1385 4405 εἶχεν
1443 4336 1710 4402 Ἀλέξων,
1738 4335 1801 4390 οὗ

182 4425 445 4494 Μωσηλὲ
489 4425 550 4478 τὺ
605 4426 934 4495 ἐπώνυμονο
974 4429 1070 4481 καὶ
1111 4430 1374 4501 Μανουήλ
1410 4450 1493 4495 τις
1543 4435 1602 4486 ἐν
1651 4434 1801 4502 αὐτῷ

1975 4334 2057 4389 Ad
2093 4333 2466 4403 Theophilum
2508 4344 2563 4386 ut
2600 4333 2925 4395 redeamus,
2966 4332 3207 4387 habebat
3239 4336 3283 4388 is
3316 4311 3485 4404 geue;

1904 4443 2025 4482 rum
2084 4426 2376 4490 Alexium,
2434 4437 2804 4495 cognomento
2860 4425 3137 4480 Muselem.
3199 4427 3482 4482 I‘rzctcrea

182 4517 711 4587 παραδυναστεύων
741 4515 831 4591 ἦν.
874 4521 1111 4589 Ὀμοίως
1143 4524 1239 4576 καὶ
1270 4524 1544 4592 Θεόφοόός
1595 4541 1699 4587 τις,
1730 4525 1784 4577 ὃν

1898 4518 2188 4573 Manuelus
2224 4518 2449 4588 quidam
2498 4517 2642 4587 apud
2679 4518 2859 4585 ipsum
2898 4518 3195 4586 potestatis
3240 4521 3478 4589 impera-

181 4613 269 4682 δὴ
318 4613 415 4667 καὶ
458 4612 677 4684 θανάτῳ
732 4614 1223 4687 καθυποϐληθῆναι
1274 4618 1514 4684 κελεύει,
1552 4619 1627 4690 μή
1660 4635 1792 4671 ποτε

180 4703 478 4776 νεώτερόν
512 4722 566 4759 τι
603 4705 954 4778 είργάσηταιζ
989 4709 1339 4781 ’Λφαιρετται
1368 4710 1462 4764 οὖν
1507 4713 1541 4782 η
1577 4711 1794 4767 ἐκείνου

178 4797 424 4868 κεφαλὴ
454 4797 551 4850 καὶ
580 4796 659 4867 τῷ
688 4797 937 4867 Θεοφίλῳ
978 4804 1343 4871 προσάγεται.
1386 4802 1509 4855 Τῶν
1543 4799 1640 4858 οὖν
1670 4821 1793 4874 τρι-

172 4891 317 4963 χῶν
345 4891 519 4960 αὐτῆς
537 4890 813 4961 ἁψάμενος
842 4890 972 4964 ἔφη·
1005 4911 1024 4945 ι
1051 4893 1180 4948 Ούτ’
1201 4894 1313 4964 ἐγὼ
1342 4894 1626 4965 Θεόφιλος,
1670 4896 1795 4951 οὔτε

180 4987 275 5039 σὺ
325 4982 621 5051 Θεὸφοεος.
683 5001 702 5036 ι
736 4982 864 5038 Ἐπὶ
916 4986 1130 5049 τούτοις
1186 4986 1280 5041 οὖν
1335 4988 1666 5060 ὲξηρεύξατο
1695 4990 1795 5060 τὴν

176 5072 391 5147 ψυχὴν
421 5072 742 5144 ὅυσεντερίᾳ.
766 5073 1035 5147 πρότερον
1066 5074 1351 5148 συσχεθείς
1371 5076 1476 5153 ’,τὺ
1503 5076 1561 5131 δὶ
1585 5080 1794 5150 ταύτης

177 5170 387 5224 αῐτιον
424 5166 601 5239 ψυχρο
611 5167 791 5223 ποσία.

276 5345 441 5401 Μετὰ
471 5344 528 5398 δὲ
558 5344 752 5398 τοῦτον
784 5346 982 5417 κρατεῖ
1016 5345 1239 5419 Μιχαὴλ
1286 5349 1314 5403 6
1369 5346 1646 5422 μεθυστὴς
1696 5350 1794 5404 σὺν

1899 4611 2057 4666 toria:
2094 4612 2375 4680 particeps
2404 4620 2523 4665 erat
2545 4648 2559 4672 ,
2592 4611 2834 4677 itemque
2859 4609 3237 4680 'l‘heophobus
3263 4652 3277 4675 ,
3303 4629 3469 4680 quem

1899 4712 2076 4758 morte
2106 4703 2245 4758 allici
2278 4703 2481 4774 jussit,
2519 4719 2587 4756 ne
2630 4701 2860 4771 quando
2904 4716 2993 4757 res
3039 4718 3210 4757 novas
3256 4705 3478 4758 mulir.-

1899 4803 2033 4858 tur;
2067 4804 2261 4865 estque
2288 4803 2453 4860 caput
2482 4794 2533 4847 ei
2572 4794 2867 4863 praecisum
2904 4804 2960 4848 et
2996 4795 3060 4848 ad
3095 4796 3471 4865 Theophilum

1898 4886 2150 4941 allatum.
2186 4886 2357 4958 Cujus
2389 4887 2480 4941 ilic
2514 4886 2765 4940 crinibus
2798 4888 3110 4941 attrectatis
3140 4907 3152 4940 :
3183 4906 3201 4939 ι
3230 4889 3339 4944 Nec
3371 4908 3480 4961 ego

1897 4994 2018 5034 sum
2064 4978 2437 5049 Theophilus,
2487 4978 2701 5048 inquit,
2762 4993 2865 5033 nec
2920 4989 2976 5032 tu
3026 4979 3414 5047 Theophohus.
3455 5004 3475 5034 ι

1898 5070 2053 5125 Haud
2086 5070 2259 5125 multo
2288 5080 2413 5140 post
2442 5072 2683 5125 animam
2710 5070 3019 5135 exhalavit,
3051 5086 3174 5124 cum
3209 5074 3364 5141 prius
3393 5079 3471 5128 tn—

1900 5162 2233 5228 testinorum
2287 5162 2481 5234 morbo
2534 5162 2879 5229 laborasset,
2931 5176 3095 5232 quem
3153 5180 3220 5218 ex
3276 5166 3478 5225 haUstu

1896 5254 2114 5325 frigida:
2145 5270 2299 5325 aqua
2330 5256 2434 5310 sibi
2469 5256 2851 5310 arcessiverat.

1967 5346 2277 5417 Theophila
2311 5348 2619 5413 exstincto,
2658 5348 2959 5405 Michaelus
2994 5366 3120 5407 cum
3182 5348 3475 5403 Theodom

165 5444 269 5515 τῇ
305 5443 481 5511 μητρὶ
514 5439 684 5493 αὐτοῦ
714 5439 969 5512 Θεοδώρῳ⁵
995 5441 1092 5514 ἔτη
1126 5440 1210 5507 ιδ’,
1235 5443 1330 5497 καὶ
1366 5442 1530 5513 μόνος
1563 5443 1659 5513 ἔτη
1698 5444 1790 5500 ια’.

166 5532 459 5601 Κατάγει
497 5531 556 5586 δὲ
586 5534 758 5604 αὐτὴν
784 5536 879 5589 καὶ
912 5534 1235 5606 ἀποκείρει·
1295 5535 1457 5605 μόνος
1493 5536 1603 5608 γάρ
1634 5537 1793 5608 ἤθελε

168 5624 472 5695 σκῆπτρα
524 5626 593 5679 τά
661 5626 953 5697 Ῥωμαίων
1012 5627 1238 5691 ἰθύνειν,
1271 5630 1319 5681 εί
1376 5632 1470 5682 καὶ
1529 5630 1605 5699 μὴ
1656 5630 1795 5701 πρὸς

164 5712 376 5771 καλὸν
409 5712 690 5769 ἀπέϐλεπε
716 5716 786 5767 τὰ
818 5714 1054 5770 ἐκείνου.
1088 5716 1153 5769 Τί
1204 5716 1314 5788 γὰρ
1347 5716 1449 5771 οὐκ
1501 5718 1656 5787 ἔλεγε
1684 5738 1699 5784 ;
1727 5720 1794 5773 Τί

162 5808 249 5864 δι
301 5805 406 5861 οὐκ
450 5806 732 5878 inpune;
771 5806 1040 5873 Πολλάκις
1088 5809 1182 5865 καὶ
1220 5810 1356 5882 μηδέ
1395 5826 1543 5876 τινος
1601 5809 1796 5883 χρείας

1897 5452 2072 5496 matre
2106 5442 2169 5495 1ιό
2203 5441 2366 5496 annis
2396 5441 2717 5512 imperavit,
2756 5458 2990 5514 eamque
3019 5443 3243 5498 tandem
3277 5441 3345 5496 ab
3376 5443 3480 5494 im-

1898 5533 2037 5603 perii
2086 5532 2476 5603 gubernaculis
2524 5534 2759 5591 removit
2795 5537 3072 5602 etrasit,
3118 5536 3266 5607 quod
3314 5541 3470 5590 scius

1901 5625 2202 5681 ltoinanam
2239 5640 2353 5682 rem
2389 5625 2663 5697 publicam
2695 5625 3089 5682 administrare
3125 5629 3311 5682 Vellet.
3351 5629 3474 5681 Non

1900 5728 2080 5774 tamen
2112 5720 2179 5774 ad
2212 5720 2502 5774 utilitatem
2541 5719 2815 5790 publicam
2847 5735 2911 5774 ea
2940 5736 3062 5791 quae
3092 5720 3319 5792 gerebat
3350 5736 3475 5788 spe-

1900 5814 2145 5870 ctabaut.
2187 5812 2331 5880 Quid
2363 5814 2509 5869 enim
2544 5828 2654 5870 non
2687 5812 2777 5871 ille
2810 5812 2997 5870 dicere
3018 5854 3034 5882 ,
3064 5812 3196 5885 quid
3232 5829 3341 5868 non
3373 5805 3475 5866 ad-
