4198 6444
262 409 363 470 569

1480 399 1875 460 ANNALIUM
1925 400 2114 458 PARS
2151 399 2257 458 ιν.

3379 396 3482 460 570

267 525 385 574 ἱὸὼν
446 519 627 589 Iuni}?
675 521 861 572 πίπτει
910 519 1058 588 παρὰ
1099 517 1222 581 τοὺς
1253 517 1418 578 πόδας
1447 514 1614 569 αὐτοῦ
1649 517 1826 584 λέγων
1857 524 1898 577 Α

1857 524 1898 577 Α
1926 514 2075 570 dium
2100 530 2227 582 ειμι
2268 515 2631 584 imperatores
2666 514 2768 568 sibi
2804 513 2872 568 ab
2903 514 3003 568 hoc
3037 514 3289 569 instituto
3331 531 3488 568 rem-

259 611 332 672 ὼς
362 610 462 662 οὐκ
497 611 560 665 ἄν
596 627 719 663 ποτε
756 610 1065 664 πιστεύσειέ
1105 627 1211 662 τινι
1242 610 1362 662 κατ’
1393 608 1555 660 αὑτοῦ
1589 608 1818 676 λέγοντι.

269 703 508 768 Ἷσίξεισιν
543 699 638 755 οὖν
681 705 889 757 ἐκεῖθεν
918 707 945 758 6
971 707 1189 768 Φωκεῖς.
1241 704 1353 755 Καὶ
1401 702 1704 770 τηνικαῦτα
1734 703 1825 755 τὸν

277 794 478 863 Ἰωσὴφ
514 797 817 865 μετάμελος
862 799 1115 865 ἔσχηκεν,
1158 796 1240 848 ὅτι
1288 794 1350 846 τὸ
1401 794 1622 864 θήραμα
1675 796 1823 856 ἐντὸς

268 886 405 953 ἔχων
468 885 688 952 ἀρκύων
742 887 1012 940 ἀπώλεσε.
1057 888 1265 955 Γράφει
1322 885 1506 937 λοιπὸν
1563 887 1694 955 πρὸς
1735 886 1825 937 τὸν

267 979 574 1046 Ἰζιμισχῆν
601 980 872 1047 Ἰωάννην,
905 980 1208 1048 στρατηγὸν
1238 978 1536 1043 τηνικαῦτα
1568 979 1673 1029 τῶν
1701 979 1827 1030 ἀνα-

269 1069 442 1122 τολῶν
497 1072 844 1140 ὑπάρχοντα,
894 1072 1062 1138 ἄνδρα
1116 1070 1339 1139 θυμώδη
1377 1072 1468 1121 καὶ
1503 1070 1827 1140 δραστήριον

273 1164 368 1214 καὶ
401 1164 535 1230 μετὰ
561 1162 651 1214 τὸν
684 1165 880 1216 Φωκᾶν
931 1165 988 1214 ὲν
1032 1164 1355 1230 στρατηγοῖς
1407 1162 1825 1231 ἐπισημότατον.

284 1253 514 1320 ὐμοέως
550 1254 603 1305 δὲ
637 1255 732 1305 καὶ
756 1256 890 1321 πρὶς
919 1254 1138 1322 ἑτέρους
1165 1251 1424 1322 ἔγραψεν,
1460 1252 1534 1311 ὼς
1567 1251 1683 1316 εἴγε
1715 1252 1829 1303 δια-

274 1345 573 1406 ναστάντες
632 1345 720 1396 τὴν
775 1345 968 1396 Φωκᾶν
1025 1343 1422 1411 καθαιρήσουσι
1470 1342 1563 1393 καὶ
1602 1341 1830 1410 μοναχὸν

274 1421 648 1504 ἀποκείρουσι,
688 1433 780 1485 τὸν
814 1434 913 1502 μὲν
942 1434 1196 1500 Ἰωάννην
1224 1432 1540 1500 δομέστικον
1572 1431 1669 1499 τῆς
1697 1432 1832 1483 ἀνα-

275 1526 458 1592 τολῆς,
514 1527 542 1578 6
594 1526 650 1577 δὲ
709 1522 864 1587 αὖθίς
908 1541 1027 1576 τινα
1079 1523 1436 1592 προὸαλεϊται
1476 1523 1574 1591 τῆς
1605 1521 1830 1584 δύσεως.

288 1617 449 1670 Ἀλλὰ
481 1619 682 1680 πάντες
713 1616 859 1670 οὗτοι
888 1616 1149 1686 exeunti);
1196 1617 1409 1684 ‘qows;
1450 1615 1584 1686 πρὸς
1619 1615 1708 1666 τὸν
1739 1614 1833 1667 Νι-

276 1710 517 1779 κηφόρον
571 1709 1010 1762 ὑποδεικνύουσιν
1054 1707 1203 1777 αὐτῷ
1254 1707 1322 1759 τὰ
1371 1711 1678 1776 γράμματα
1739 1706 1834 1758 καὶ

282 1799 628 1869 διεγερθῆναι
661 1801 794 1868 πρὸς
828 1799 1000 1867 ἀλκὴν
1032 1797 1434 1851 ἀναπείθουσιν.
1475 1797 1699 1848 Ἐκτοτε
1728 1795 1835 1848 λοι-

280 1893 380 1945 πὸν
414 1893 520 1943 ὑπὸ
554 1891 661 1944 τῶν
706 1893 803 1960 τῆς
833 1890 1096 1958 ἀνατολῆς
1126 1890 1554 1958 στρατευμάτων
1581 1890 1836 1941 ἁπάντων

279 1986 810 2056 παρακεκινημένων
839 1985 945 2037 ὑπὸ
983 1982 1077 2036 τοῦ
1109 1982 1380 2052 Τζιμισχῆ
1425 1980 1679 2049 βασιλεὺς
1711 1983 1840 2034 ἀνα-

279 2077 567 2146 γορεύεται
610 2078 638 2129 6
663 2076 878 2141 Φωκᾶς,
912 2075 1089 2146 ἔρωτα
1126 2075 1189 2145 δὴ
1224 2075 1318 2127 καὶ
1362 2074 1528 2126 παλαι
1559 2074 1654 2142 τῆς
1688 2071 1841 2138 βασι-

279 2170 430 2232 λείας
485 2169 625 2240 εχων
688 2169 920 2239 μάλιστα
974 2169 1072 2238 τῆς
1146 2167 1462 2238 βασιλίσσης
1511 2162 1838 2232 Θεοφανοΰς.

285 2262 544 2330 Ἔρχεται
573 2258 668 2313 οὖν
694 2257 867 2321 οὕτως
892 2258 1033 2328 ἔχων
1064 2258 1198 2328 πρὸς
1245 2256 1613 2328 Χρυσόπολιν,
1653 2256 1840 2308 κάκεῖ-

283 2351 378 2403 θεν
399 2348 818 2419 διαπεραιοῦται
851 2349 985 2417 πρὸς
1016 2347 1076 2400 τὸ
1097 2346 1390 2416 Ἕϐδομον,
1415 2347 1508 2398 καὶ
1540 2345 1678 2414 μετὰ
1711 2360 1844 2395 παν·

280 2445 373 2505 τὸς
402 2442 495 2495 τοῦ
528 2441 655 2495 λαοῦ
686 2441 774 2494 διὰ
818 2441 917 2509 τῆς
947 2439 1174 2509 Χρυσῆς
1208 2441 1418 2509 πόρτης
1451 2438 1590 2507 πρὸς
1623 2435 1718 2506 τὴν
1748 2436 1842 2488 ὲκ-

283 2533 514 2603 κλησίαν
545 2533 874 2602 εἰσέρχεται,
912 2531 1006 2583 καὶ
1061 2530 1211 2600 παρὰ
1247 2527 1342 2581 τοῦ
1398 2528 1733 2580 Πολυεύκτου
1767 2526 1844 2597 τῷ

285 2626 578 2695 διαδήματι
614 2626 890 2694 στέφεται,
916 2624 1008 2674 καὶ
1042 2624 1232 2693 κρατεῖ
1266 2622 1362 2690 ἔτη
1409 2627 1484 2684 ς’.
1517 2620 1629 2689 Τὴν
1662 2621 1844 2689 μέντοι

284 2714 544 2784 Θεοτανὼ
570 2715 760 2784 πρῶτα
795 2716 893 2782 μὶν
925 2713 1034 2766 τῶν
1059 2712 1355 2782 βασιλικῶν
1399 2713 1630 2776 κατάγει
1675 2712 1704 2764 6
1733 2713 1847 2765 Φω-

286 2813 388 2871 κᾶς
441 2811 535 2861 καὶ
581 2807 853 2878 ἐξόριστον
885 2808 1122 2875 τίθησιν,
1155 2805 1343 2874 ὥσπερ
1367 2805 1430 2869 δὴ
1462 2806 1560 2857 καλ⁸
1601 2804 1694 2857 τὸν
1734 2805 1846 2858 Ὶω·

289 2898 421 2966 σὴφ,
453 2901 546 2950 τὸν
572 2898 631 2950 δὲ
668 2898 881 2967 πατέρα
915 2895 1079 2949 αὐτοῦ
1118 2894 1518 2964 προχειρίζεται
1569 2894 1846 2966 Καίσαρα.

291 2990 449 3043 Μετὰ
473 2989 530 3042 δὲ
559 2990 732 3042 ταῦτα
768 2991 828 3041 τὸ
861 2989 1206 3056 προσωπεῖον
1230 2988 1324 3038 καὶ
1355 2986 1453 3056 τὴν
1480 2989 1685 3057 σκηνὴν
1712 2989 1850 3040 ἀπο-

206 3064 214 3070 .
293 3083 522 3150 θέμενος
578 3081 771 3147 ἄγεται
838 3081 1067 3146 νόμιμον
1126 3079 1360 3144 γυναῖκα
1415 3078 1515 3144 τὴν
1566 3078 1848 3144 Θεοφανώ.

288 3172 423 3223 Ίότε
453 3173 516 3240 δὴ
543 3171 635 3223 καὶ
677 3167 856 3238 κρεῶν
881 3167 1244 3234 ἀπεγεύσατο,
1279 3165 1542 3234 πρότερον
1575 3167 1847 3234 ἀπεχόμε-

289 3280 380 3325 νος
412 3263 769 3330 κρεωδαισίας
791 3300 806 3324 ,
839 3260 899 3324 ἐξ
938 3262 1062 3312 ὅτου
1105 3258 1303 3324 Ιιάρδος
1337 3260 1364 3310 6
1399 3259 1461 3309 ὲκ
1515 3259 1613 3326 τῆς
1656 3260 1853 3328 προτέ-

289 3369 392 3421 ρας
443 3349 607 3403 αὑτοὺ
661 3349 905 3418 γαμετῆς
936 3347 1254 3416 ἁποτεχθεὶς
1303 3348 1437 3408 υίὸς,
1486 3347 1853 3417 ἱππαζόμενος

289 3448 351 3495 ἐν
389 3444 465 3512 τῴ
496 3444 593 3495 πεδ
616 3461 660 3510 ῳ
697 3443 793 3495 καὶ
826 3441 903 3508 τῷ
949 3440 1132 3509 οἰκείῳ
1164 3439 1518 3507 προσπαίζων
1549 3440 1750 3508 ανεψιῴ
1778 3443 1854 3510 τῷ

293 3536 511 3605 Iliaden
542 3573 558 3598 ,
593 3537 730 3604 μετὰ
781 3534 1000 3602 δόρατος
1034 3531 1252 3601 βληθεὶς
1300 3532 1568 3592 ἀκουσίως
1602 3535 1852 3600 τέθνηκε.

289 3630 398 3683 Τοῦ
431 3633 607 3697 γάμου
655 3627 712 3679 δὲ
755 3626 1100 3685 τελεσθέντος
1130 3628 1186 3675 ὲν
1226 3628 1295 3694 τῇ
1329 3628 1470 3676 κατὰ
1513 3624 1568 3676 τὸ
1598 3625 1855 3677 παλάτιον

288 3738 388 3790 νεα
421 3719 709 3790 ἐκκλησίᾳ,
758 3718 989 3786 ἐπείπερ
1022 3715 1247 3785 ἔμελλεν
1277 3717 1479 3776 εἴσοδος
1523 3719 1580 3768 ἐν
1634 3719 1710 3785 τῷ
1760 3718 1856 3768 θυ-

291 3815 598 3882 σιαστηρίῳ
624 3809 902 3878 γενέσθαι,
954 3810 1067 3877 τῆς·
1105 3809 1284 3877 χειρὸς
1337 3812 1584 3878 κατέχων
1633 3809 1791 3860 αὑτὸν
1825 3812 1853 3860 6

293 3904 634 3964 Πολύευκτος
701 3901 798 3954 καὶ
868 3905 987 3962 ταὶς
1039 3901 1207 3970 lapsi,-
1261 3900 1535 3969 ἐγκύρσας
1583 3901 1854 3969 κιγκῖκισιν

289 3998 490 4049 εἴσεισι
547 3996 644 4064 μὲν
695 3995 902 4053 ἐκεῖνος
967 3994 1042 4052 είς
1097 3996 1164 4042 τα
1225 3993 1415 4057 ἄδυτα,
1457 3995 1545 4043 τὸν
1577 3992 1631 4043 δὲ
1663 3993 1856 4044 Φωκᾶν

291 4089 518 4141 ὄπισθεν
553 4087 744 4149 ἔξωθεί
779 4083 1021 4137 ἐπειπὼν
1057 4085 1140 4137 ὅτι
1186 4085 1297 4135 Οὐκ
1341 4084 1512 4146 ἒξεστί
1561 4100 1641 4136 σοι
1683 4086 1858 4136 εἰσελ-

292 4183 430 4242 θεῖν,
459 4181 505 4231 εί
533 4179 608 4249 μὴ
639 4181 891 4249 ἐπιτίμια
934 4177 1063 4248 δέξῃ
1094 4177 1646 4246 δευτερογαμοῦντος.
1686 4177 1858 4229 Διεδί-

291 4274 413 4325 δοτο
445 4272 497 4324 δὲ
535 4273 626 4323 καὶ
658 4272 809 4338 λόγος
845 4269 1179 4338 ἁπανταχοῦ,
1213 4269 1269 4331 ὃς
1325 4273 1386 4321 οὐ
1439 4268 1649 4339 μικρῶς
1681 4271 1859 4324 διετά-

294 4363 447 4435 ραξει
479 4363 576 4433 τὴν
610 4363 954 4429 Ἐκκλησίαν,
989 4364 1182 4431 ὅτιπερ
1213 4363 1240 4413 6
1272 4362 1581 4430 Νικηφόρος
1635 4365 1739 4414 ἀπὸ
1763 4364 1856 4415 τοῦ

293 4458 452 4524 ἁγίου
484 4456 858 4525 βαπτίσματος
891 4454 1148 4523 ἁνὰδοχος
1200 4455 1420 4520 ἐγένετο
1455 4456 1561 4505 τῶν
1603 4455 1700 4524 τῆς
1730 4457 1858 4508 Θεο-

1925 617 2049 662 cato
2080 608 2227 661 aliud
2269 608 2552 663 suasisset.
2594 608 2820 677 Bringas
2853 607 2978 675 (huc
3007 608 3247 678 Josepho
3285 625 3492 679 cogun-

1926 713 2049 752 men
2085 701 2223 769 erat)
2276 699 2368 753 ubi
2400 699 2771 768 Nicephorum
2804 700 2908 752 hoc
2936 699 3100 754 modo
3132 701 3384 757 indutum
3412 709 3491 758 vi-

1926 791 2116 856 disset,
2149 791 2214 845 ad
2243 791 2410 860 pedes
2438 791 2612 859 ipsius
2636 790 2958 859 provolutus
2991 807 3268 861 nunquam
3296 809 3352 848 se
3377 800 3498 850 Cui-

1927 898 2089 951 quam
2119 883 2296 953 ipsum
2329 881 2620 936 accusandi
2654 883 2813 948 tidem
2849 883 3166 937 habiturum
3190 886 3343 940 dixit.
3385 889 3495 943 Hac

1930 973 2138 1027 ratiOne
2173 973 2355 1027 salvus
2385 972 2510 1026 inde
2556 970 2764 1025 I’hocas
2799 971 3080 1040 digressus
3111 984 3194 1027 est
3217 1016 3229 1038 ,
3263 991 3497 1045 moxque

1928 1064 2224 1132 Josephum
2254 1062 2380 1117 facti
2417 1065 2500 1116 sui
2549 1064 2814 1131 paenitere
2850 1064 3039 1131 cmpit,
3073 1067 3218 1133 quod
3258 1069 3494 1135 prmdam

1931 1154 1985 1206 in
2025 1155 2137 1224 ipsa
2169 1155 2402 1208 delatam
2456 1153 2594 1208 retia
2641 1163 2748 1207 tam
2801 1156 3142 1224 negligenter
3198 1157 3495 1212 amisisset.

1930 1243 2273 1313 Quapropter
2295 1244 2361 1297 ad
2389 1241 2653 1297 Joannem
2677 1243 3007 1299 Zimischem
3035 1247 3280 1300 Orientis
3303 1249 3497 1302 ducent

1933 1336 1985 1389 id
2021 1335 2302 1405 temporis,
2329 1336 2603 1389 hominem
2632 1337 2937 1389 animosum
2969 1353 3032 1391 ac
3054 1338 3221 1392 rebus
3245 1341 3500 1408 gerendis

1932 1430 2188 1484 idoneum
2219 1441 2448 1499 postque
2473 1430 2709 1483 Phocam
2749 1431 2890 1482 inter
2923 1430 3090 1484 duces
3121 1443 3347 1485 caeteros
3379 1434 3501 1485 illu-

1933 1524 2261 1576 strissimum
2288 1562 2302 1585 ,
2337 1531 2391 1574 et
2439 1521 2504 1573 ad
2552 1521 2689 1574 alios
2735 1520 2920 1575 itidem
2960 1524 3277 1589 perscriptis
3307 1525 3505 1577 litteris

1933 1616 2176 1668 futurum
2211 1615 2410 1668 indicat
2440 1624 2498 1666 ut
2530 1614 2573 1666 si
2606 1613 2948 1667 discessione
2969 1629 2998 1668 a
3025 1615 3332 1683 Nicephoro
3367 1615 3503 1669 facta

1935 1723 2058 1761 eum
2095 1708 2212 1761 loco
2259 1722 2359 1760 suo
2409 1707 2710 1774 dejicerent
2742 1706 2977 1775 vitaeque
3017 1707 3277 1760 Solitaria:
3320 1723 3501 1759 rasum

1937 1799 2291 1861 addicerent,
2331 1797 2635 1852 Zimischcs
2671 1815 2868 1852 munus
2922 1800 3208 1853 domestici
3259 1800 3499 1854 Orientis

1945 1891 2238 1959 acciperet,
2267 1905 2539 1959 quemque
2577 1889 2738 1945 vellet
2777 1890 2915 1958 ipse.
2946 1891 3305 1943 domesticum
3347 1889 3507 1944 Occi-

1946 1981 2125 2036 dentis
2153 1982 2531 2035 conStitueret.
2565 1981 2756 2035 Verum
2790 1981 2841 2034 hi
2873 1997 3063 2036 omnes
3087 1998 3213 2051 erga
3240 1982 3509 2051 Nicepho-

1946 2088 2065 2126 rum
2093 2072 2357 2127 benevole
2402 2071 2583 2127 aﬂ‘ecti
2620 2074 2829 2128 litteras
2860 2075 2909 2127 ei
2960 2071 3178 2144 Joscphi
3228 2090 3510 2128 common-

1948 2172 2124 2219 strant
2156 2202 2171 2228 ,
2207 2173 2376 2234 utque
2400 2179 2457 2220 se
2487 2164 2553 2218 ad
2588 2164 2961 2219 defensionem
2990 2167 3172 2220 animo
3207 2167 3330 2221 forti
3365 2183 3512 2222 com-

1947 2267 2104 2328 paret
2128 2257 2438 2311 hortantur.
2471 2257 2585 2311 lioc
2627 2257 2787 2313 modo
2813 2273 2910 2328 per
2959 2258 3198 2313 Orientis
3237 2262 3511 2314 exercitus

1938 2349 2161 2406 Phocas
2190 2351 2488 2420 imperator
2531 2351 2898 2416 renuntiatur,
2949 2352 3278 2422 jampridem
3322 2371 3510 2408 amore

1949 2448 2059 2494 tam
2113 2440 2327 2510 imperii
2354 2455 2516 2509 quam
2549 2440 2972 2510 Theophanonis
3018 2444 3380 2513 imperatricis
3414 2462 3510 2514 po-

1952 2533 2154 2588 tiundae
2180 2533 2432 2603 ﬂagrans.
2462 2533 2667 2589 Deinde
2697 2549 2820 2589 cum
2851 2537 3028 2605 copiis
3052 2537 3429 2608 Chrysopolim
3455 2556 3513 2593 se

1950 2621 2201 2685 confert,
2243 2623 2570 2693 Chrysopoli
2620 2639 2815 2679 versus
2885 2626 3222 2681 Hebdomum
3283 2629 3507 2695 trajicit,

1951 2724 2008 2769 et
2051 2713 2307 2768 universo
2344 2729 2470 2768 cum
2519 2715 2720 2784 populo
2768 2731 2865 2785 per
2903 2716 3138 2770 Auream
3182 2727 3394 2786 portat:
3442 2722 3509 2774 ad

1951 2805 2239 2860 ecclesiam
2263 2806 2460 2876 pergit,
2485 2805 2671 2875 ibique
2703 2821 2733 2861 a
2755 2807 3049 2877 Polyeucto
3066 2809 3369 2864 diademate
3393 2812 3511 2863 ciu-

1953 2899 2120 2970 gitur.
2165 2899 2402 2966 lmperio
2442 2913 2538 2954 sex
2570 2899 2733 2955 annis
2761 2900 3000 2970 praefuit.
3032 2903 3194 2957 lnitiu
3227 2904 3517 2975 Theopha-

1954 3006 2153 3046 nonem
2185 2993 2412 3062 ejectam
2437 3007 2467 3046 e
2497 2992 2641 3062 regia
2671 2981 2850 3048 solum
2879 2996 3294 3066 verterejussit,
3327 3001 3516 3052 eadem

1956 3098 2118 3153 paena
2165 3083 2404 3152 Josepho
2448 3085 2718 3150 multato;
2776 3086 3048 3156 simulque
3100 3099 3307 3156 patrem
3359 3108 3517 3144 suum

1955 3175 2220 3230 Caesarem
2257 3175 2486 3230 creavit.
2534 3176 2737 3231 Deinde
2767 3177 2914 3232 larva
2963 3194 3235 3248 scenaque
3267 3165 3518 3251 deposita

1957 3267 2419 3337 Theophanonem
2456 3268 2697 3338 legitimo
2741 3269 2846 3324 sibi
2878 3271 3229 3325 matrimonio
3277 3275 3520 3343 copulat,

1954 3367 2012 3414 et
2041 3359 2298 3414 carnibus
2327 3374 2544 3414 rursum
2571 3361 2829 3423 vescitur,
2865 3375 2895 3413 a
2922 3363 3125 3431 quibus
3156 3363 3518 3428 abstinuerat,

1954 3439 2163 3521 ex'quo
2194 3451 2393 3506 Bardas
2425 3453 2596 3522 ipsius
2628 3469 2693 3506 ex
2724 3454 2951 3522 conjuge
2981 3455 3160 3522 priore
3195 3457 3355 3518 ﬁlius,
3389 3475 3524 3527 quo-

1955 3542 2079 3596 dam
2120 3543 2173 3597 in
2226 3559 2418 3612 campo
2459 3545 2806 3614 equestribus
2849 3545 3094 3600 intentus
3130 3549 3411 3603 exercitiis
3466 3559 3520 3606 et

1956 3651 2079 3689 cum
2111 3651 2209 3688 suo
2244 3637 2573 3690 consobrino
2606 3639 2816 3702 Plcusa,
2849 3639 3062 3699 ludens,
3110 3639 3261 3694 hasta
3303 3643 3445 3695 ictus
3486 3661 3515 3701 θ

1957 3728 2174 3780 nolente
2201 3729 2460 3796 perierat.
2500 3728 2738 3782 Peractis
2772 3731 2977 3797 nuptiis
3011 3732 3060 3783 in
3099 3746 3238 3783 novo
3269 3733 3333 3785 ad
3369 3736 3490 3801 palo
3512 3765 3524 3773 -

1959 3817 2093 3871 tium
2128 3818 2289 3888 306
2321 3819 2543 3887 templo,
2590 3836 2714 3874 cum
2761 3822 2814 3874 in
2861 3824 3233 3877 sanctuarium
3267 3837 3408 3879 esset
3439 3827 3522 3878 in-

1959 3910 2233 3987 trandum,
2280 3925 2443 3964 manu
2478 3911 2711 3965 Phocam
2744 3921 2934 3966 tenens
2973 3914 3319 3982 Pulyeuctus.
3358 3926 3416 3970 ut
3454 3923 3522 3976 ad

1958 4016 2142 4056 sacros
2189 4003 2463 4056 cancellos
2515 4015 2843 4067 accesserat,
2892 4005 3006 4074 ipse
3055 4008 3108 4058 in
3164 4007 3383 4078 adytum
3439 4011 3523 4062 in~

1961 4094 2134 4157 troiit,
2174 4095 2498 4164 repulsoque
2531 4096 2859 4165 imperatore
2913 4097 3052 4150 dixit
3102 4114 3211 4151 non
3251 4101 3525 4154 intromis-

1960 4198 2078 4240 sum
2114 4184 2182 4238 iri
2232 4187 2384 4253 prius
2420 4201 2583 4254 quam
2625 4201 2814 4254 poenas
2848 4187 3293 4256 progredientum
3329 4191 3396 4243 ad
3441 4208 3528 4245 sc-

1959 4275 2167 4328 cundas
2191 4277 2408 4344 nuptias
2441 4277 2657 4332 luisset.
2690 4278 2961 4333 Praeterea
3012 4279 3219 4334 diditus
3255 4291 3377 4347 erat
3405 4299 3530 4351 pas-

1961 4366 2064 4420 sim
2097 4383 2308 4432 rumor,
2343 4369 2436 4437 qui
2473 4384 2583 4422 non
2609 4370 2833 4438 exiguas
2859 4371 2913 4422 in
2941 4370 3185 4426 Ecclesia
3223 4375 3410 4428 turbas
3437 4375 3526 4427 dc-

1962 4457 2080 4521 dit,
2113 4473 2281 4512 unum
2314 4459 2570 4513 videlicet
2596 4474 2661 4515 ex
2687 4460 3114 4530 TheOphanouis
3143 4463 3329 4522 liberis
3365 4466 3496 4520 fuiss
3517 4487 3532 4517 τ

294 4548 493 4617 φανοῦς
541 4549 659 4610 ἐνὸς
711 4548 948 4599 παιδίον.
994 4547 1036 4598 Τ
1040 4545 1157 4597 αὖτ’
1187 4546 1293 4615 ἄρα
1324 4547 1418 4597 καὶ
1443 4547 1470 4597 ὁ
1510 4551 1856 4617 πατριάρχης
1890 4555 1932 4610 D

1890 4555 1932 4610 Ι)
1961 4567 1990 4606 a
2017 4552 2323 4621 Nicephoro
2365 4551 2432 4606 de
2462 4568 2618 4607 sacro
2663 4552 2938 4625 baptismo
2977 4565 3320 4624 susceptum.
3351 4558 3528 4627 Atque

293 4645 391 4692 ἐπὶ
441 4640 602 4690 πλέον
654 4639 952 4692 ἀνέτεινεν.
1004 4636 1126 4690 Ἔτι
1176 4637 1232 4692 δὲ
1292 4638 1726 4707 ἀνασαλλόμειον
1764 4642 1857 4692 τὸν

297 4733 637 4785 Πολύευκτον
677 4730 1007 4799 κοινωνῆσαι
1040 4728 1115 4799 τῷ
1149 4728 1361 4799 βασιλεί
1383 4734 1424 4784 -ὁ
1453 4731 1667 4799 Καῖσαρ
1692 4734 1859 4800 ἐπλη-

296 4825 622 4896 ροςρόρησεν.
664 4824 822 4876 ’Δλλὰ
852 4824 946 4875 καὶ
987 4823 1276 4884 Στυλιανὸς
1303 4824 1330 4876 6
1362 4827 1734 4892 πρωτοπαπᾶς
1766 4827 1859 4880 τοῦ

298 4915 535 4982 μεγάλου
586 4912 869 4975 παλατίου,
930 4908 1022 4978 ἀφ’
1075 4905 1136 4963 οὗ
1183 4911 1277 4962 καὶ
1320 4911 1521 4977 μᾶλλον
1561 4914 1591 4982 ἡ
1638 4915 1858 4983 τοιαύτη

295 5011 454 5074 φήμη
491 5006 755 5075 κατέσχεν
795 4990 1057 5069 ἅπαντας,
1090 5003 1158 5055 δι’
1181 5003 1362 5074 ὅρκων
1404 5005 1721 5057 ἐδεδαιοῦτο
1756 5022 1861 5073 μη-

292 5097 386 5150 δέν
416 5114 468 5148 τι
506 5097 747 5149 τοιοῦτον
784 5096 1154 5163 ὲπισυμὸῆναι
1209 5095 1286 5166 τῷ
1319 5095 1517 5174 sunt;
1577 5097 1634 5148 ὐ
1667 5099 1859 5166 μέντοι

295 5189 674 5251 Πολύευκτος,
715 5188 919 5257 καίπερ
972 5187 1226 5254 φανερῶς
1283 5186 1653 5258 ἐπιορκοῦντα
1706 5186 1859 5249 εἰδὼς

290 5283 388 5334 τὸν
436 5281 747 5345 Στυλιανὸν,
784 5282 845 5333 τὸ
892 5281 992 5348 τῆς
1030 5280 1348 5341 συντεκνίας
1379 5279 1628 5348 ἔγκλημα
1664 5297 1861 5343 συγκε-

291 5375 542 5446 χώρηκε,
577 5377 670 5426 καὶ
729 5375 756 5424 6
803 5374 973 5425 πάλαι
1018 5373 1369 5441 ἐνιστάμενος
1430 5374 1859 5442 δευτερογσμίας

292 5472 548 5538 ἐπιτίμια
580 5470 749 5521 θεῖναι
782 5469 874 5520 καὶ
919 5466 978 5518 τὸ
1013 5466 1154 5536 μέγα
1197 5464 1354 5517 τοῦτο
1404 5469 1648 5535 παρῆκεν
1685 5466 1860 5534 ἁμάρ-

289 5579 471 5634 τημα.

382 5743 442 5796 '0
493 5745 673 5814 μέντοι
710 5744 901 5805 Φωκᾶς
964 5741 1060 5797 καὶ
1113 5741 1408 5814 βασιλεύων
1468 5741 1608 5794 κατὰ
1665 5741 1861 5810 Συρίας

285 5837 463 5909 ὁρμᾷ,
492 5841 585 5892 καὶ
629 5840 806 5900 πόλεις
843 5838 1041 5901 πολλὰς
1089 5837 1473 5906 καταστρέψας
1510 5837 1719 5888 ἐκεῖθεν
1760 5837 1861 5886 ὐπ-

1960 4642 2076 4696 btec
2101 4643 2219 4711 ipsa
2243 4658 2352 4696 non
2385 4641 2673 4696 dubitabat
2702 4643 3037 4712 ampliﬁcare
3063 4647 3396 4713 patriarcha.
3430 4649 3530 4704 Ve-

1961 4749 2078 4787 rum
2091 4731 2640 4803 CaesarPolyeuctum
2667 4735 3122 4804 tergiversantem
3151 4746 3206 4790 et
3227 4752 3316 4792 res
3345 4754 3530 4793 sacras

1958 4841 2082 4880 cum
2125 4826 2466 4894 imperatore
2489 4840 2815 4881 communes
2840 4825 3045 4881 habere
3085 4839 3434 4883 recusantem
3461 4833 3531 4884 de

1961 4931 2019 4970 re
2042 4925 2156 4970 tota
2184 4916 2482 4971 certiorem
2512 4916 2773 4972 reddidit.
2803 4916 3084 4988 Stylianus
3109 4934 3326 4988 quoque
3355 4925 3528 4990 magni

1959 5008 2144 5079 palatii
2183 5023 2320 5079 papa
2359 5008 2640 5077 princeps,
2672 5023 2703 5062 a
2744 5024 2854 5078 quo
2881 5023 3168 5064 emanasse
3199 5027 3389 5066 rumor
3427 5014 3530 5065 iste

1961 5099 2238 5154 ferebatur
2252 5100 2321 5152 ad
2344 5114 2557 5163 omnes,
2574 5098 2936 5169 jurejurando
2964 5102 3210 5168 praestita
3241 5104 3532 5155 contirma-

1959 5190 2054 5244 bat
2081 5190 2212 5244 uibil
2239 5191 2506 5261 ejusmodi
2529 5191 2765 5245 Phocum
2785 5189 3001 5248 fecisse.
3027 5191 3354 5263 Polyeuctus
3372 5209 3526 5263 ergo,

1960 5266 2278 5351 quanquam.
2307 5283 2551 5352 pejerare
2592 5284 2898 5352 Stytianum
2935 5294 3088 5339 certo
3130 5299 3192 5339 ac
3240 5286 3531 5339 manifesto

1962 5376 2145 5438 sciret,
2184 5375 2657 5443 compatcrnitatis
2706 5377 3021 5444 imperatori
3068 5378 3283 5446 culpam
3318 5380 3526 5431 condo-

1961 5468 2141 5531 navit;
2178 5477 2236 5520 et
2274 5465 2369 5534 qui
2406 5476 2534 5520 ante
2570 5467 2797 5535 urgebat
2826 5476 2885 5521 ut
2913 5469 2983 5523 ob
3010 5470 3280 5524 secundas
3316 5476 3530 5542 nuptias

1961 5561 2009 5614 ei
2041 5575 2197 5628 pcena
2229 5558 2589 5629 inlligcrctur,
2631 5560 2796 5614 etiam
2831 5577 3087 5632 magnum
3138 5564 3241 5620 hoc
3271 5565 3528 5621 delictum

1964 5650 2293 5718 impunitum
2346 5652 2591 5718 reliquit.

2036 5743 2393 5810 Posteaquam
2438 5742 2503 5796 ad
2552 5744 2843 5812 imperium
2892 5746 3101 5802 Phocas
3151 5750 3528 5817 pervenisset.

1964 5834 2368 5904 cxpcalitiunem
2400 5835 2452 5888 in
2500 5835 2712 5906 Syriam
2750 5839 3018 5903 instituit;
3057 5855 3288 5911 cumque
3329 5843 3525 5895 mullus
