4198 6444
705 434 808 495 533
1963 421 2377 480 MltIllAEiJS
2417 421 2680 482 ωηολε
3843 421 3948 485 sat

703 543 815 601 uit;
855 551 1088 604 rumque
1125 536 1237 604 jam
1268 533 1646 588 l’liiloniiiium
1683 546 1855 600 usque
1901 532 2270 599 pervenisset,

2388 549 2552 586 mm.
2595 530 2955 600 ’Υποστρέφει
2992 532 3125 599 πρὶς
3176 530 3532 600 ’Δντιόχειαη
3585 531 3679 582 τοῦ
3720 549 3885 600 στρατ
3921 533 3950 581 ῦ

703 631 860 698 legati
910 629 1168 681 Ben-hara
1201 627 1352 679 missi
1391 635 1762 688 accesserunt,
1795 625 1888 694 qui
1938 633 2186 692 peterent
2215 633 2274 678 ut

2388 625 2644 695 κοιλιακῷ
2673 625 3025 694 συσχεθέντος
3057 626 3330 696 νοσήματι
3361 626 3455 678 καὶ
3483 624 3558 692 τῷ
3593 623 3730 692 δίψει
3770 642 3951 676 κακω-

700 737 891 773 eorum
931 720 1306 778 misereretur,
1342 728 1657 786 paratornm
1691 717 1758 770 ad
1783 716 2126 770 subeundam
2163 731 2279 770 ser-

2388 719 2582 782 θέντος.
2620 719 2987 776 Ἐπιτίθενται
3017 721 3111 774 καὶ
3133 715 3288 782 αὖθις
3319 720 3506 782 αὐτοῖς
3535 719 3586 770 οἱ
3620 716 3952 785 Σαρακηνοὶ,

701 816 927 865 vitutem
997 811 1281 878 pristinam
1351 808 1666 878 tribulaque
1717 807 2030 876 pendenda.
2071 807 2276 862 Verum

2388 811 2482 864 καὶ
2510 809 2770 864 τοσοῦτον
2797 813 2996 882 φθόρον
3025 813 3292 881 ἐποίησαν
3313 813 3451 862 ὥστε
3478 811 3575 864 καὶ
3605 810 3692 862 τὶν
3725 808 3950 878 βασιλέα

703 906 1002 965 Romanus,
1036 901 1180 970 quod
1216 901 1396 955 nobile
1432 900 1644 954 facinus
1676 900 1894 968 aliquod
1929 900 1982 952 in
2007 899 2109 953 hac
2147 913 2278 953 cun-

2388 901 2538 970 μόλις
2567 901 2926 970 διασωθῆναι.
3385 890 3389 894 ”

703 1011 783 1052 na
825 999 1038 1068 Syriam
1085 995 1431 1064 expeditione
1483 997 1826 1066 superiorum
1873 996 2266 1063 imperatorum
2306 995 2559 1064 exemplo
2591 995 2855 1064 cogitaret
2912 996 3099 1061 edere,
3148 1011 3257 1050 non
3319 995 3578 1048 admissis
3621 994 3813 1062 legatis
3858 993 3958 1046 ad-

703 1107 893 1144 versus
947 1105 1040 1143 eos
1072 1099 1214 1142 recta
1267 1090 1528 1158 perrexit,
1561 1104 1684 1143 cum
1715 1088 1938 1158 quidem
1999 1101 2184 1141 secum
2240 1102 2584 1157 nequaquam
2647 1087 2995 1158 expcndisset
3025 1104 3180 1159 aquae
3215 1089 3324 1143 illis
3353 1089 3405 1141 in
3436 1087 3576 1140 locis
3627 1087 3914 1156 penuriam
3942 1127 3954 1145 ,

701 1181 957 1250 quodque
1009 1180 1267 1235 Saraceni
1328 1181 1720 1250 propemodum
1772 1180 1962 1235 σεειίιό
2018 1187 2267 1250 tempore
2304 1179 2487 1236 minus
2529 1180 2768 1235 inhiberi
2813 1195 2873 1236 se
2919 1181 3216 1251 patiantur,
3247 1181 3581 1249 corporibus
3619 1185 3838 1232 utentes
3886 1175 3950 1228 ad

704 1278 1056 1348 perlerendos
1082 1275 1288 1330 calores
1347 1277 1686 1331 assuefactis.
1724 1276 1910 1345 Itaque
1951 1290 2145 1330 manus
2213 1289 2339 1330 cum
2379 1275 2461 1330 eis
2508 1279 2769 1341 conserit,
2823 1286 3083 1346 tantaque
3139 1285 3319 1347 strage
3375 1271 3608 1330 «editur
3658 1275 3956 1344 imperator

702 1381 902 1440 quanta
951 1371 1037 1423 vix
1072 1369 1304 1422 dicendo
1341 1369 1511 1438 possit
1552 1371 1775 1438 exponi.
1818 1370 2053 1437 Accepta
2107 1366 2260 1422 clade
2294 1367 2642 1423 Antiochiam
2702 1369 3017 1432 revertitur,
3052 1367 3298 1424 exercitu
3333 1369 3578 1440 graviter
3605 1382 3674 1423 ex
3736 1365 3952 1421 intesti-

704 1481 897 1518 norum
929 1465 1119 1518 morbo
1156 1465 1438 1517 laborante
1502 1476 1565 1516 ac
1632 1460 1722 1514 siti
1760 1459 1957 1514 misere
1992 1469 2206 1513 vexato.
2228 1458 2336 1512 Nec
2372 1458 2458 1512 his
2475 1461 2718 1515 contenti
2737 1461 2994 1516 Saraceni
3013 1460 3510 1515 Romanositerum
3537 1450 3954 1530 aggrediuntur,

705 1569 963 1626 tantaque
1010 1559 1157 1611 aede
1197 1563 1507 1624 grassantur
1539 1555 1590 1606 in
1623 1568 1718 1608 eos
1761 1563 1820 1607 ut
1855 1553 2152 1623 imperator
2187 1555 2302 1623 ipse
2337 1558 2426 1612 vix
2457 1556 2638 1610 sali-us
2669 1554 2947 1609 evaderet.

775 1653 1092 1708 Secundum
1165 1652 1283 1705 haec
1333 1651 1616 1705 Romanus
1658 1656 1898 1718 emptam
1962 1648 2282 1704 Triaconta-

707 1742 874 1812 ihylli
909 1742 1132 1795 domum
1166 1740 1219 1792 in
1265 1738 1685 1802 monasterium,
1719 1736 1808 1791 cui
1841 1753 1870 1790 a
1918 1737 2146 1806 Deipara
2177 1753 2279 1792 no-

2471 1654 2530 1706 '0
2574 1652 2629 1705 δὲ
2658 1651 2911 1721 βασιλεὺς
2942 1651 3033 1703 τὸν
3089 1647 3244 1704 οἷκον
3295 1650 3391 1703 τοῦ
3443 1649 3955 1720 Τριακονταφύλλου

2387 1745 2800 1816 ἐξωνησάμενος
2859 1746 2936 1807 είς
2992 1744 3364 1813 μοναστήριον
3416 1745 3822 1806 μετεσκεύασεν
3871 1745 3956 1795 ἐπ’

707 1850 830 1886 men
859 1833 1117 1896 inditum,
1146 1828 1508 1884 commutavit
1532 1845 1545 1893 ;
1579 1836 1742 1896 atque
1769 1825 1871 1883 sub
1895 1827 1999 1883 hoc
2014 1838 2278 1897 praetextu

2388 1837 2610 1906 ὀνόματι
2637 1836 2735 1904 τῆς
2758 1836 3049 1900 Θεοτόκου,
3077 1834 3375 1904 συντρίψας
3395 1838 3460 1903 τῇ
3488 1836 3762 1904 προφάσει
3786 1836 3955 1903 ταύτῃ

707 1938 813 1977 non
843 1938 1036 1992 parum
1074 1921 1324 1977 subditos
1363 1919 1552 1974 aﬂlixit
1582 1930 1637 1974 et
1674 1919 1931 1984 vexavit,
1986 1920 2271 1975 materiem

706 2015 1018 2070 convehere
1060 2024 1305 2070 coactos.
1359 2013 1626 2070 Praeterea
1660 2013 2042 2068 columnarum
2073 2012 2276 2083 Magna:

702 2109 949 2163 ecclesia:
1002 2124 1065 2162 ac
1115 2106 1540 2160 Blachernarum
1601 2103 1780 2175 capita
1833 2102 2120 2176 splendide
2183 2120 2274 2158 ar-

702 2210 867 2269 gento
897 2210 952 2255 et
983 2213 1123 2254 auro
1155 2199 1463 2253 exornavit.

777 2292 936 2347 Venit
995 2290 1063 2345 ad
1123 2291 1514 2360 imperatorem
1550 2291 1858 2346 Romanum
1899 2289 2112 2361 magnis
2151 2304 2273 2344 cum

705 2381 1032 2436 muneribus
1089 2380 1256 2435 etiam
1313 2381 1482 2435 Amer
1539 2379 1838 2451 Chalepitaa
1874 2380 2053 2446 filius,
2087 2397 2275 2451 pacem

707 2473 960 2528 renovari
999 2482 1213 2543 petens,
1241 2472 1513 2543 simulque
1546 2473 1906 2544 pristinorum
1944 2472 2275 2528 tributorum

705 2565 1137 2634 pet-solutionem
1202 2565 1551 2633 promittens.
1618 2565 1750 2635 Ejus
1793 2565 1870 2620 rei
1917 2565 2278 2620 conficiundre

706 2670 868 2709 causa
885 2653 1328 2724 Theophylactus
1355 2655 1828 2725 protospalharius
1857 2665 1941 2714 est
1974 2655 2275 2725 ablegatus,

706 2746 1062 2800 Atheniensis
1092 2746 1288 2814 patria,
1320 2747 1413 2815 qui
1463 2746 1644 2801 fmdus
1695 2747 1864 2801 ictum
1911 2746 2276 2802 confirmavit.

710 2831 914 2885 Eodem
986 2839 1236 2900 tempore
1294 2835 1440 2887 circa
1494 2835 1788 2888 secundam
1847 2836 2024 2890 noctis
2086 2835 2277 2890 horam

709 2923 957 2992 trajectio
1008 2923 1206 2979 sideris
1251 2939 1281 2978 a
1323 2925 1552 2979 meridie
1607 2940 1801 2980 versus
1855 2927 2280 2997 septemtriones

709 3015 930 3080 accidit,
958 3029 1067 3085 quo
1096 3017 1260 3071 tellus
1297 3016 1554 3072 universa
1575 3017 1679 3072 fuit
1721 3018 2062 3074 collustrata.
2091 3020 2280 3088 Neque

707 3123 908 3177 magno
937 3109 1200 3177 temporis
1253 3108 1544 3178 interiecto
1603 3111 1802 3179 spatio,
1844 3126 1964 3180 qua:
2020 3112 2281 3166 Romanis

2382 1928 2442 1980 τὸ
2474 1927 2714 1996 ὑπήκοον
2752 1928 2846 1980 καὶ
2878 1925 3136 1988 κακώσας
3169 1926 3228 1979 ἐν
3257 1926 3379 1984 ταῖς
3417 1924 3524 1976 τῶν
3551 1923 3693 1976 ὑλῶν
3725 1942 3954 1991 μετακο-

2385 2020 2590 2090 μιδαῖς.
2628 2017 3104 2088 Καταλαμπρύνει
3148 2016 3205 2070 δὲ
3248 2017 3345 2068 καὶ
3387 2015 3454 2068 τά
3488 2016 3828 2084 κιονάκρανα
3862 2019 3955 2082 τῆς

2384 2111 2630 2180 μεγάλης
2658 2107 2983 2178 Ἐκκλησίας
3012 2109 3106 2161 καὶ
3136 2107 3243 2160 τῶν
3269 2105 3589 2178 Βλαχερνῶν
3621 2106 3847 2177 ἀργύρῳ
3871 2111 3957 2158 καὶ

2383 2202 2589 2273 χρυσῷ.

2453 2295 2608 2348 Μετὰ
2649 2294 2706 2346 δὲ
2744 2293 2918 2346 ταῦτα
2955 2287 3086 2363 ἦλθε
3122 2290 3257 2362 πρὸς
3291 2292 3383 2345 τὸν
3425 2291 3650 2361 βασιλέα
3679 2290 3960 2361 Ῥωμανὶν

2388 2386 2524 2453 μετά
2561 2384 2748 2455 δώρων
2787 2385 2998 2437 πολλῶν
3037 2385 3065 2437 ὁ
3112 2383 3207 2436 τοῦ
3257 2384 3566 2436 Χαλεπίτου
3603 2383 3721 2445 υίὶς
3757 2385 3957 2451 Ἃμερ,

2385 2475 2612 2541 ἐξαιτῶν
2675 2475 2975 2526 άνανεῶσαι
3010 2473 3109 2544 τήν
3141 2474 3371 2543 εἰρήνην
3405 2473 3498 2526 καὶ
3546 2473 3673 2535 τοὺς
3727 2474 3961 2542 πρόσθεν

2385 2566 2645 2636 παρέχειν
2683 2569 2903 2635 φόρους.
2957 2565 3066 2617 Καὶ
3120 2565 3186 2632 δὴ
3237 2563 3519 2617 στέλλεται
3580 2564 3960 2630 Θεοφύλακτος

2387 2657 2879 2730 πρωτοσπαοάριος
2900 2660 2928 2710 ὁ
2950 2657 3267 2725 ’Δθηναϊος,
3300 2658 3396 2710 καὶ
3432 2657 3528 2720 τάς
3563 2658 3800 2716 σπονδὰς
3843 2659 3958 2709 ἐϐε-

2386 2750 2612 2804 6αίωσε.
2652 2751 2787 2803 Κατ’
2819 2751 2994 2802 έκεῖνο
3020 2750 3076 2802 δὲ
3105 2747 3303 2818 καιροῦ
3341 2751 3472 2819 περὶ
3503 2749 3769 2821 δευτέραν
3809 2749 3958 2820 ῶριν

2384 2845 2482 2911 τῆς
2517 2844 2708 2905 νυκτὸς
2740 2843 2898 2912 χύσις
2941 2841 3156 2908 ἐγένετο
3195 2841 3426 2910 ἀστέρος
3457 2841 3564 2894 ἀπὸ
3609 2841 3958 2911 μεσημϐρίας

2390 2936 2526 3004 πρὸς
2563 2933 2766 3003 ἄρκτον
2795 2935 2974 2989 πᾶσαν
3005 2932 3104 3004 τὴν
3131 2934 3235 3002 γῆν
3262 2934 3799 3005 περιαστράψαντος.
3845 2934 3958 3003 Ἐφ’

2386 3019 2430 3095 ᾧ
2457 3026 2550 3078 καὶ
2587 3026 2724 3094 μετὰ
2759 3025 2954 3095 μικρὸν
2983 3024 3340 3093 ἀγγέλλονται
3368 3027 3434 3078 τὰ
3473 3027 3823 3096 κατασχόντα
3865 3027 3959 3096 τὴν

2398 3118 2687 3189 Ῥωμαίων
2730 3118 3077 3187 ἀτυχήματα,
3098 3113 3335 3188 ’Λραὸες
3375 3117 3692 3189 ληϊσάμενοι
3725 3117 3826 3188 τὴν
3849 3119 3960 3171 Με-

707 3199 1068 3253 ralamitates
1091 3198 1442 3267 adversa-que
1489 3215 1577 3254 res
1611 3201 1988 3272 contigissent,
2037 3203 2273 3274 impera-

2391 3211 2733 3280 σοποταμίαν
2795 3210 2924 3279 άχρι
2989 3207 3325 3278 Μελιτηνῆς,
3380 3210 3727 3274 Πατζινάκαι
3765 3213 3822 3266 δὲ
3870 3214 3959 3266 τὸν

707 3289 814 3342 tori
861 3289 1181 3342 nuntiatum
1243 3288 1365 3342 fuit.
1401 3289 1608 3345 Arabes
1647 3291 1792 3344 enim
1832 3291 2279 3362 Mesopotamiam

710 3386 1027 3455 drpopttlati
1078 3395 1208 3439 sunt
1271 3384 1339 3438 ad
1391 3386 1561 3455 ipsam
1611 3401 1789 3455 usque
1849 3387 2192 3455 Melitenam;
2227 3399 2283 3446 et

717 3475 1018 3528 l‘atzinacm
1047 3475 1276 3545 trajecto
1320 3475 1460 3529 lstro
1491 3476 1716 3546 Mysiam
1762 3475 2118 3530 inclementer
2160 3493 2282 3532 om-

715 3566 846 3619 nino
907 3573 1236 3619 tractarunt.
1286 3564 1458 3619 Allata
1515 3580 1732 3634 quoque
1771 3574 1900 3620 tunc
1945 3576 2030 3621 est
2067 3567 2281 3622 Domini

716 3654 888 3708 nostri
923 3653 1054 3708 Jesu
1086 3652 1290 3708 Christi
1324 3655 1573 3723 epistola,
1610 3654 1771 3727 314
1793 3666 1964 3710 manu
1998 3657 2285 3727 ipsiusmet

713 3747 916 3816 scripta
963 3756 1018 3800 et
1064 3747 1130 3800 ad
1181 3749 1459 3818 Augarum
1506 3747 1612 3800 lOl'i
1661 3749 1946 3818 cujusdam
2000 3749 2282 3806 dominum

717 3836 903 3891 missa.
937 3836 1067 3892 Erat
1091 3846 1271 3891 autem
1302 3837 1602 3907 imperator
1629 3835 1717 3892 hic
1759 3838 2010 3907 inprlmts
2040 3841 2283 3895 omnium

718 3928 986 3980 honorum
1021 3941 1258 3993 operum
1296 3926 1598 3981 studiosus.
1659 3924 1911 3981 Aidiflcia
1953 3929 2286 3999 pauperibus

713 4017 924 4072 alendis
956 4018 1253 4082 destinata,
1290 4032 1409 4088 qua:
1432 4032 1460 4071 a
1496 4027 1654 4072 terra:
1697 4027 1847 4075 motu
1877 4033 2134 4076 suecussa
2165 4036 2284 4092 gra-

717 4111 969 4180 viterque
1027 4109 1152 4165 laesa
1191 4110 1406 4163 fuerant
1433 4147 1446 4170 .
1479 4125 1707 4179 prorsus
1759 4111 2109 4168 instauravit.
2139 4111 2280 4168 Tan-

714 4201 840 4254 dem
895 4200 1088 4255 morbo
1123 4201 1274 4254 lento
1318 4189 1648 4269 corripitur,
1682 4217 1793 4271 quo
1830 4201 2066 4257 durante
2105 4204 2285 4273 capilli

715 4292 915 4362 capitis
945 4293 1067 4362 ejus
1095 4301 1149 4346 et
1181 4291 1364 4346 barbae
1399 4291 1772 4356 defluxerunt,
1796 4294 2022 4362 petitus,
2054 4295 2134 4348 uti
2169 4296 2290 4364 qui-

719 4386 843 4440 dem
869 4385 1171 4447 ferebatur,
1197 4398 1409 4437 veneno
1439 4384 1506 4436 ab
1538 4383 1769 4449 Joanne,
1798 4385 1891 4454 qui
1921 4396 2034 4440 tum
2054 4387 2290 4456 pupillo-

719 4493 838 4530 rum
873 4477 1079 4529 alumni
1110 4491 1338 4529 munere
1369 4475 1722 4541 fungebatur.
1755 4477 1888 4531 Nam
1918 4477 2160 4534 Joannes
2196 4481 2290 4536 ille

2390 3303 2608 3374 Ἵστρον
2649 3301 2933 3364 διαόάντες
2973 3301 3068 3356 καὶ
3097 3301 3195 3373 τὴν
3225 3301 3445 3356 Μυσίαν
3489 3305 3679 3366 κακῶς
3708 3303 3961 3373 διαθέμε-

2385 3413 2489 3450 νοι.
2545 3395 2861 3465 Τηνικαῦτα
2892 3395 2949 3448 δὲ
2991 3395 3086 3448 καὶ
3131 3396 3164 3464 ἡ
3218 3395 3529 3466 [διόγραφος
3573 3397 3835 3468 ἐπιστολὴ
3866 3399 3958 3451 τοῦ

2392 3487 2667 3541 Δεσπὸτου
2710 3487 2869 3557 ἡμῶν
2913 3483 3088 3555 Ἰησοῦ
3131 3486 3391 3556 Χριστοῦ,
3437 3490 3468 3558 ή
3525 3491 3663 3558 πρὸς
3710 3488 3962 3560 Αῦγαρον

2386 3576 2698 3644 πεμφθεῖσα
2724 3574 2817 3626 τὸν
2843 3574 3151 3642 τοπάρχην,
3185 3573 3386 3645 ἐστάλη
3422 3575 3560 3644 πρὸς
3588 3575 3681 3628 τὸν
3715 3576 3958 3645 βασιλέα.

2385 3657 2553 3725 Οὗτος
2599 3662 2698 3733 μὲν
2742 3661 2835 3714 οὖν
2877 3663 2905 3714 ὁ
2951 3646 3203 3731 βασιλεὺς
3235 3662 3453 3718 πάντων
3501 3664 3826 3733 ἐπεμελεῖτο
3856 3666 3960 3718 τῶν

2388 3755 2629 3823 ἀγαθῶν,
2660 3754 2728 3806 τά
2761 3753 2864 3807 ὑπὸ
2893 3752 3121 3824 σεισμοῦ
3152 3753 3339 3818 κακῶς
3381 3753 3620 3808 παθόντα
3652 3771 3960 3828 πτωχοτροξ

2388 3845 2516 3913 φεῐα
2552 3842 2906 3896 παντάπασιν
2959 3843 3381 3912 ἀνανεούμενος.
3418 3838 3551 3898 Εἶτα
3591 3843 3738 3914 νόσῳ
3773 3845 3962 3916 χρονῐᾳ

2389 3936 2642 4008 βάλλεται
2694 3935 2788 3988 καὶ
2822 3935 3140 4007 τριχορρυεῐ
3191 3934 3354 4004 γένυν
3395 3950 3456 3988 τε
3489 3935 3582 3988 καὶ
3630 3937 3730 4006 τὴν
3757 3936 3957 4008 κόμην,

2390 4027 2807 4100 κατεργασθεὶς,
2869 4027 2943 4092 ὥς
2987 4045 3175 4098 φασιν,
3213 4029 3318 4083 ὑπὸ
3358 4026 3606 4085 Ἰωάννου
3659 4029 3754 4086 τοῦ
3807 4048 3960 4104 τηνι-

2390 4123 2564 4179 καῦτα
2590 4123 3020 4193 ὀρφανοτρόφου.
3053 4116 3218 4187 Οὗτος
3256 4122 3366 4194 γὰρ
3388 4123 3682 4195 ὀἸωάννης
3723 4126 3818 4179 atat
3858 4126 3962 4193 πρὸ

2387 4215 2488 4284 τῆς
2515 4214 2792 4284 βασιλείας
2821 4215 3086 4284 ὑπηρέτει
3114 4215 3192 4284 τῷ
3223 4213 3514 4286 Ῥωμανῷ.
3537 4214 3728 4289 Ταύτῃ
3760 4233 3845 4268 τοι
3872 4219 3965 4269 καὶ

2389 4304 2483 4357 τοῦ
2543 4304 2778 4373 κράτους
2842 4302 3134 4364 meam;
3198 4301 3366 4354 αὑτοῦ
3439 4303 3683 4372 μεγάλην
3737 4303 3966 4372 δύναμιν

2391 4396 2567 4464 ἔσχεν.
2600 4390 2782 4446 Ἦσαν
2821 4392 2877 4445 δὲ
2931 4393 3009 4461 τῷ
3057 4391 3279 4463 Ἰωάννῃ
3336 4393 3432 4447 καὶ
3481 4394 3662 4466 ἕτεροι
3717 4395 3964 4464 ἀδελφοὶ,

2393 4486 2631 4555 Μιχαὴλ,
2654 4486 2922 4553 Νικήτας,
2948 4485 3357 4548 Κωνσταντῖνος
3381 4488 3477 4540 καὶ
3507 4487 3806 4556 Γεώργιος.
3825 4488 3966 4540 Ἀλλ’

718 4569 846 4638 quia
869 4569 1022 4638 prius
1053 4568 1219 4621 etiam
1255 4582 1418 4636 quam
1458 4567 1737 4622 Romanus
1764 4567 1994 4638 imperio
2021 4571 2291 4639 potiretur

2394 4577 2422 4628 ὁ
2459 4575 2558 4645 μὲν
2602 4577 3006 4637 Κωνσταντίνος
3040 4574 3135 4627 καὶ
3165 4573 3440 4644 Γεὼργιος
3472 4575 3570 4628 σὺν
3619 4575 3699 4647 τῷ
3742 4577 3964 4648 Ἰωάννῃ

720 4664 972 4716 minister
1016 4661 1191 4730 ipsius
1240 4661 1444 4721 fuerat,
1482 4674 1732 4728 magnam
1770 4661 1914 4730 apud
1942 4676 2067 4715 eum
2097 4673 2290 4733 poten-

718 4754 845 4806 tiam
880 4760 932 4805 et
970 4749 1358 4804 auctoritatem
1413 4745 1688 4811 habebat,
1731 4761 1799 4801 ex
1853 4761 1964 4816 quo
2015 4749 2289 4817 imperare

718 4852 992 4914 cmpcrat.
1051 4842 1218 4893 Erant
1270 4841 1345 4894 illi
1405 4839 1604 4893 fratres
1637 4838 1866 4907 aliquot,
1899 4839 2158 4895 nimirum
2196 4841 2290 4893 Mi-

718 4937 966 5000 chaelus,
991 4933 1233 4997 Nicetas,
1266 4931 1658 4987 Constantinus
1705 4939 1759 4985 et
1788 4928 2077 5002 Georgius.
2117 4933 2190 4986 lix
2226 4935 2292 4988 iis

719 5027 1122 5082 Constantinus
1183 5037 1247 5078 ac
1275 5019 1547 5092 Georgius
1591 5021 1807 5087 itidem,
1846 5029 1907 5076 ut
1933 5030 1986 5076 et
2012 5021 2248 5080 Joannes
2272 5063 2288 5085 ,

716 5117 940 5174 castrati
974 5109 1386 5170 circulatoriam
1413 5123 1589 5168 artem
1618 5112 1968 5167 exercebant.
1997 5111 2104 5168 Sed
2136 5112 2292 5166 dein-

718 5227 850 5281 ceps
886 5223 1084 5264 omnes
1143 5207 1196 5260 in
1247 5205 1676 5259 familiaritatem
1737 5204 2080 5274 imperatoris
2125 5219 2290 5274 opera

719 5302 952 5357 Joannis
1010 5297 1197 5353 fratris
1249 5305 1647 5366 pervenerunt.
1686 5295 1822 5349 Cum
1855 5305 2037 5350 autem
2073 5295 2179 5349 Zoe
2215 5297 2294 5350 vi-

719 5397 879 5450 deret
921 5393 1232 5447 Romannm
1273 5403 1331 5442 se
1363 5403 1462 5456 pro
1499 5386 1719 5440 homine
1750 5396 1900 5440 casto
1931 5402 2144 5456 gerere,
2177 5403 2291 5440 tuo-

725 5489 865 5541 leste
903 5482 1148 5538 studium
1188 5480 1292 5532 hoc
1345 5478 1491 5531 illius
1537 5478 1958 5546 institutumque
1995 5479 2204 5544 ferens,
2238 5489 2295 5533 ut

719 5594 842 5648 qva,-
867 5574 1088 5630 carneis
1125 5569 1432 5642 pruritibus
1465 5569 1844 5634 incalesceret,
1878 5571 1931 5623 iu
1969 5571 2289 5626 Micliaelutu

716 5669 945 5725 Joannis
979 5666 1226 5726 fratrem,
1253 5661 1320 5716 de
1349 5675 1456 5730 quo
1489 5661 1748 5720 diximus.
1789 5678 1897 5715 non
1929 5667 2045 5717 sine
2089 5666 2293 5717 amoris

719 5761 1014 5814 ali-'ctiouc
1063 5757 1254 5810 oculos
1311 5753 1587 5822 conjici-re
1643 5754 1846 5822 coepit,
1879 5755 2022 5822 quod
2073 5767 2216 5808 esset
2252 5757 2294 5810 is

719 5855 856 5907 tutis
923 5845 1309 5902 venuStissima
1365 5842 1669 5911 praditus;
1723 5857 1960 5912 cumque
2000 5848 2290 5900 clandesti-

2393 4667 2638 4735 εὐνοῦχοι
2667 4667 2822 4727 ὅντες
2845 4664 3150 4736 ἀγυρτικὴν
3177 4665 3452 4736 μετῄεσαν
3476 4666 3696 4738 τέχνην.
3720 4669 3860 4722 ἀλλά
3881 4669 3966 4723 διά

2392 4759 2485 4812 τοῦ
2513 4760 2760 4812 Ἰωάννου
2815 4760 3014 4819 πάντες
3045 4752 3192 4810 οὗτοι
3223 4755 3300 4827 τῷ
3345 4757 3556 4824 βασιλεῖ
3585 4758 3968 4830 ᾠκειὼτθησα-.

2404 4852 2467 4903 Ἥ
2503 4850 2688 4920 μέντοι
2719 4849 2838 4919 Ζωὴ
2881 4847 2972 4901 τὸν
3008 4848 3294 4914 Ῥωμανὸν
3343 4847 3530 4914 ὁρῶσα
3587 4847 3704 4914 βίον
3740 4849 3969 4918 ὑπερχό-

2397 4959 2557 5011 μενον
2601 4941 2876 5009 σιῦφρονα,
2922 4939 3015 4992 καὶ
3063 4938 3500 5008 ἀπαρεσκομένη
3551 4938 3626 5010 τῷ
3680 4943 3968 5010 πράγματι

2397 5029 2733 5098 σφαδασμοῖς
2768 5027 2861 5081 άτε
2903 5028 3185 5096 σαρκικοῖς
3211 5027 3754 5096 ὑποθερμαινομὲνη,
3785 5031 3969 5100 ἐρωτιο

2395 5119 2490 5172 κάν
2527 5120 2685 5189 ἐνορᾷ
2725 5119 2861 5188 πρὸς
2891 5117 2982 5170 τὸν
3019 5115 3386 5185 διαληφθέντα
3416 5118 3662 5187 Μιχαὴλ,
3701 5120 3968 5190 εὐπρεπέ-

2397 5228 2591 5264 στατον
2614 5211 2709 5280 τὴν
2743 5209 2862 5278 ὖψιν
2887 5210 3224 5279 ὑπάρχοντα,
3255 5209 3350 5260 καὶ
3374 5207 3517 5260 οὕτω
3542 5211 3803 5280 κρυφίως
3829 5210 3969 5280 αὐτῷ

2399 5303 2756 5373 ὲπεμίγνυτο.
2800 5301 2916 5369 Ἐφ’
3041 5300 3134 5352 καὶ
3184 5302 3591 5368 κατεργάζεται
3639 5305 3666 5352 ὁ
3722 5301 3969 5370 βασιὶεᾳς

2397 5390 2490 5443 ἆτε
2525 5389 2622 5458 τῆς
2652 5387 2925 5457 βασιλίδος
2958 5389 3046 5439 τὸν
3087 5386 3298 5455 Μιχαὴλ
3323 5391 3401 5445 εἰς
3425 5387 3514 5437 τὸν
3544 5387 3831 5454 βασιλικὸν
3859 5392 3973 5460 θρῖ-

2398 5501 2487 5537 νον
2531 5481 2867 5548 σπευδούσης
2915 5482 3231 5548 ἀναγαγεῖν.
3265 5480 3696 5548 Βραδυθλνάτοις
3723 5482 3781 5534 δὲ
3835 5501 3941 5551 φαρ

2401 5576 2595 5644 μάκοις
2639 5570 3058 5641 κατεργασθεὶξ,
3102 5571 3196 5623 καὶ
3247 5572 3441 5640 χρόνον
3491 5572 3684 5638 συχνον
3727 5575 3970 5640 κείμεης

2399 5666 2742 5735 κλινοπετὴς,
2778 5665 2873 5734 ὅλῃ
2901 5666 3048 5732 ψυχῇ
3077 5662 3397 5714 ἐπεκαλεῖτο
3420 5663 3511 5713 τον
3544 5661 3804 5716 θάνατον.
3829 5668 3970 5715 Κατὰ

2396 5760 2449 5811 δέ
2495 5775 2556 5825 γε
2594 5758 2692 5826 τὴν
2734 5756 2979 5824 μεγάλην
3028 5755 3290 5822 πέμπτην
3341 5756 3438 5814 τὰς
3489 5755 3657 5822 ρὁας
3692 5755 3806 5806 τῶν
3854 5772 3947 5820 συγ

2401 5847 2672 5917 κλητικῶν
2710 5849 3103 5917 ποιησάμενος,
3153 5847 3248 5896 καὶ
3288 5843 3637 5914 ἐπιθυμήσας
3683 5845 3968 5897 λούσασθαι
