4198 6444
310 363 414 423 εδδ

1568 368 1841 428 ΛΝΝΑΙΛ
1859 369 1968 429 UM
2006 371 2195 428 mus
2242 372 2336 427 ιν.

3428 364 3530 425 εεδ

2991 443 3009 465 ο

310 477 449 527 κατὰ
486 478 546 527 τὸ
574 478 631 528 ἐν
663 475 742 547 τῷ
775 481 1000 546 μεγάλῳ
1030 480 1274 548 παλατίῳ
1307 481 1607 549 βαλανεῖον,
1635 483 1727 533 καὶ
1758 484 1869 535 εἱσ-

1994 499 2098 535 Iam
2128 498 2251 536 cum
2276 497 2343 537 eo
2369 482 2825 537 consuetudinem
2856 480 3157 542 habuisset,
3188 494 3406 547 operam
3441 479 3535 531 dc-

308 569 476 621 ελθὼν
523 572 757 640 οτκτρῶς
790 572 1157 639 ἀποπνίγετκι
1204 574 1307 627 ὑπὸ
1334 574 1443 628 τῶν
1476 576 1603 644 περὶ
1631 574 1721 627 τὸν
1762 575 1869 627 Μι-

308 660 447 728 χαὴλ
480 662 537 711 ἐν
559 665 623 730 τῇ
662 661 1018 734 κολυμϐήθρα
1054 664 1147 715 τοῦ
1183 663 1429 731 λουτροῦ.
1482 664 1634 715 Κατά
1666 662 1871 731 ταύτην

315 751 412 816 μὲν
439 751 531 803 οῦν
553 751 651 821 τὴν
675 754 845 807 νύκτα
887 754 1157 823 μηνύεται
1201 758 1228 808 6
1261 754 1602 825 πατριάρχης
1636 754 1872 818 Ἀλέξιος

309 839 416 891 ὑπὸ
439 841 534 891 τοῦ
567 841 832 909 βασιλέως
858 845 1020 913 δῆθεν
1049 844 1351 916 Ῥωμανοῦ.
1385 846 1526 898 Ἀλλ’
1547 846 1574 895 6
1604 846 1873 913 πατριάρ-

308 948 408 1001 λης
435 933 604 986 ἐλθὼν
632 936 794 987 αύτῖν
837 935 936 1004 μὲν
968 936 1213 1004 εὑρίσκει
1248 936 1461 1005 νεκρὸν,
1508 937 1540 1003 ἡ
1577 936 1631 986 δὲ
1661 933 1881 1003 βασιλὶς.

305 1025 425 1093 Ζωὴ
454 1027 511 1077 ἐν
551 1027 629 1094 τῷ
670 1028 1124 1097 χρυσοτρικλινίῳ
1158 1027 1537 1096 προκαθίσασα
1569 1025 1750 1092 ἐξάγει
1782 1026 1872 1079 τὸν

305 1116 540 1185 Μιχαὴλ,
573 1119 666 1170 καὶ
703 1119 1108 1185 καταναγκάξῖι
1143 1119 1233 1169 τὸν
1271 1117 1615 1186 πατριάρχην
1653 1115 1864 1185 ἱερολο-

306 1208 473 1274 γῆσαι
512 1208 699 1262 τοῦτον
728 1210 886 1281 αὐτῇ.
920 1211 978 1263 ’0
1003 1210 1060 1261 δὲ
1107 1210 1449 1278 πατριάρχης
1483 1210 1572 1261 ἐπὶ
1615 1208 1692 1277 τῷ
1724 1207 1867 1275 πρά-

306 1314 480 1365 γματι
514 1300 811 1368 ἐκπλαγεὶς
842 1302 938 1372 τὴν
972 1302 1295 1371 ἱερολογίαν,
1324 1303 1398 1363 ὡς
1431 1302 1599 1364 εἰκὸς,
1637 1301 1871 1353 ἐνεδοία-

307 1389 418 1452 ζενζ
450 1393 641 1443 Ἐνοεν
676 1411 760 1446 τοι
797 1396 891 1446 καὶ
926 1397 953 1446 ὁ
991 1394 1246 1464 Ἰωάννης
1279 1395 1376 1445 σὺν
1430 1395 1495 1462 τῇ
1540 1394 1658 1461 Ζωῇ
1696 1391 1736 1442 ν’
1774 1391 1874 1459 μὲν

305 1482 510 1550 χρυσυῦ
532 1483 717 1553 λίτρας
738 1483 814 1553 τῷ
837 1485 1173 1556 πατριάρχῃ,
1202 1481 1246 1537 ν’
1271 1484 1327 1537 δὲ
1357 1484 1556 1552 ὁμοίως
1588 1482 1664 1550 τῷ
1686 1482 1874 1551 κλήρῳ

305 1573 522 1635 ἐπιδοὺς
569 1574 751 1627 ἔπεισε
791 1576 1094 1646 ίερολογίας
1144 1576 1376 1640 ἀξιῶσαι
1427 1577 1644 1637 αὐτούς.
1694 1575 1801 1626 Καὶ
1846 1576 1874 1626 6

309 1666 410 1729 μὲν
448 1665 724 1735 Ῥωμανὸς
757 1668 814 1721 ὲν
842 1671 910 1737 τῇ
939 1667 1033 1720 ὑπ’
1059 1668 1228 1723 αὑτοῦ
1259 1668 1651 1738 νεουργηθεὶσῃ
1677 1667 1874 1734 ἐκκλη-

307 1755 398 1824 ait}
429 1757 695 1811 θάπτεται
718 1758 816 1825 τῆς
853 1758 1077 1827 περισ>.έ
1091 1775 1246 1813 πτου.

1973 575 2132 629 ditttt
2158 576 2455 644 imperator
2494 590 2522 629 c
2554 576 2735 629 medio
2783 577 3086 629 tolleretur.
3125 574 3177 625 in
3210 573 3311 624 hoc
3358 572 3532 625 solum

1974 665 2205 729 intenta,
2237 676 2294 721 ut
2319 666 2641 720 Micltaclum
2663 665 2729 719 ad
2768 664 3171 734 imperatoriam
3216 662 3534 731 dignitatem

1973 758 2252 813 et'eheret.
2292 758 2574 813 Romanus
2607 756 2833 811 venenis
2880 757 3091 810 lentum
3139 756 3363 808 exitium
3403 753 3535 805 all}:-

1974 845 2226 903 rentibus
2248 848 2552 914 confectus,
2579 848 2673 902 ubi
2692 850 2956 902 diuturno
2985 855 3231 916 tempore
3251 848 3304 899 in
3333 846 3537 900 lectqu

1974 937 2373 1005 decubuissct,
2430 947 2544 994 toto
2575 948 2801 1009 pectore
2854 938 3323 1006 nihil_expelehat
3390 936 3535 989 aliud

1974 1045 2137 1099 quam
2162 1041 2223 1087 ut
2246 1030 2351 1086 hac
2375 1029 2488 1086 vita
2517 1031 2856 1101 fungeretur.
2876 1030 3122 1099 Denique
3140 1045 3331 1099 magna
3347 1028 3535 1098 quinta

1976 1123 2113 1179 feria
2144 1122 2458 1178 distributis
2488 1122 2543 1177 in
2576 1132 2759 1192 patres
2788 1121 3130 1191 conscriptos
3179 1120 3502 1175 muneribus
3527 1160 3539 1180 .

1974 1229 2112 1284 quas
2172 1228 2331 1284 rogas
2379 1224 2608 1276 vocant,
2641 1227 2767 1269 cum
2803 1213 2982 1283 magni
3032 1213 3222 1268 Palatii
3282 1213 3539 1267 balneum

1974 1305 2189 1359 lavandi
2228 1320 2392 1359 causa
2423 1305 2699 1375 ingressus
2750 1304 2978 1370 fuisset,
3022 1319 3051 1357 a
3083 1304 3333 1358 Michacli
3377 1305 3543 1357 sociis

1976 1396 2030 1449 in
2061 1395 2246 1459 balnei
2300 1396 2457 1450 labro
2512 1394 2904 1450 miserabiliter
2956 1394 3277 1449 suffocatur.
3342 1392 3540 1447 Eadem

1977 1496 2138 1540 nocte
2188 1486 2414 1541 Alexius
2441 1487 2752 1557 patriarcha
2792 1486 3021 1541 Romani
3059 1484 3404 1551 imperatoris
3449 1500 3541 1536 no-

1977 1580 2124 1634 mine
2168 1581 2223 1635 in
2256 1580 2458 1650 regiam
2498 1578 2821 1643 arcessitur,
2850 1594 3013 1648 quam
3065 1578 3345 1648 ingressus
3372 1577 3539 1643 impe-

1977 1680 2212 1726 ratorem
2242 1671 2572 1727 exstinctum
2608 1671 2852 1735 invenit;
2883 1670 2990 1724 Zoe
3042 1685 3172 1723 vero
3228 1666 3542 1737 imperatrix

1978 1762 2031 1815 in
2062 1775 2228 1816 aureo
2278 1762 2516 1816 triclinio
2569 1761 2765 1816 sedens
2813 1761 3135 1815 Michaelum
3171 1757 3453 1827 producit,
3490 1767 3546 1809 et

306 1848 674 1910 patriarcham
730 1850 901 1921 adigit
952 1860 1013 1905 ut
1064 1867 1188 1906 eum
1245 1853 1351 1907 sibi
1397 1854 1655 1927 maritum
1699 1852 1874 1907 sacris
1907 1854 2166 1923 precibus
2222 1854 2509 1924 conceptis
2542 1856 2816 1926 iungeret.
2890 1853 3204 1908 Patriareha
3269 1852 3348 1907 rei
3391 1850 3542 1903 novi-

308 1950 414 1995 tate
451 1943 763 2010 perculsus,
794 1960 1053 2000 sacrasne
1083 1961 1278 2015 preces
1337 1947 1458 2001 illas
1511 1947 1593 2001 eis
1660 1947 2054 2017 impcrtiretur,
2084 1964 2191 2003 non
2233 1948 2333 2003 abs
2365 1962 2423 2003 re
2488 1944 2796 2002 dubitabat.
2843 1946 3187 2015 Quapropter
3217 1944 3455 1999 Joannes
3489 1951 3542 1992 et

304 2035 413 2089 Zoe
446 2036 843 2108 quinquaginta
877 2040 1036 2095 libris
1076 2040 1196 2094 auri
1253 2040 1576 2110 patriarcha:
1648 2040 1988 2109 totidemque
2022 2041 2170 2095 clero
2233 2040 2452 2096 donatis
2522 2047 2916 2110 persuaserunt
2966 2037 3172 2091 homini
3231 2046 3289 2089 ut
3351 2036 3538 2088 rnatu-3

307 2130 552 2184 monium
599 2131 842 2197 ipsorum
900 2144 1274 2189 consecraret.
1311 2136 1591 2190 Romanus
1625 2136 1679 2190 in
1716 2134 1966 2189 dedicata
2000 2135 2067 2189 ab
2089 2151 2145 2191 se
2170 2135 2583 2204 spectatissima
2612 2134 2842 2189 ecclesia
2870 2132 3157 2202 sepelitur.

374 2224 581 2291 Κρατεί
612 2223 669 2276 δὲ
696 2227 723 2277 6
762 2225 983 2296 Μιχαὴλ
1016 2228 1113 2278 σὺν
1147 2228 1213 2296 τῇ
1246 2227 1363 2295 Ζωῇ
1403 2227 1496 2298 ἐτη
1547 2229 1613 2292 ζ’.
1655 2228 1796 2280 Ἀλλ’
1831 2228 1864 2296 ἡ

2044 2228 2175 2299 Ejus
2200 2229 2320 2283 loco
2352 2228 2647 2283 Michaelus
2685 2226 2954 2295 imperare
2986 2224 3290 2291 cmpitcum
3317 2225 3549 2294 Ctttljugc

303 2314 424 2382 Ζωὴ
471 2314 608 2383 αῦτη
646 2316 942 2380 ἐλπίζουσα
993 2317 1073 2386 τῷ
1118 2318 1337 2386 Μιχαὴλ
1385 2320 1506 2371 ἀντὶ
1553 2320 1742 2373 δούλου
1786 2337 1877 2372 κε-

302 2404 538 2473 χρῆσθαι
597 2406 816 2476 ἀστοχει
874 2407 969 2461 τοῦ
1030 2408 1259 2463 σκοποῦ.
1329 2407 1389 2463 Ὀ
1440 2409 1547 2478 γὰρ
1627 2409 1878 2478 Ἰωάννης

303 2494 634 2565 δραστήριοξ
664 2497 761 2563 ὣν,
794 2500 890 2553 καὶ
923 2499 1111 2562 δεδιὼς
1146 2502 1273 2569 περὶ
1298 2501 1389 2552 τοῦ
1414 2499 1647 2568 ἀδελφοῦ
1685 2499 1877 2565 αὐτοῦ,

308 2588 520 2649 πάντας
580 2588 678 2655 μὲν
728 2590 858 2652 τοὺς
903 2592 1206 2660 προσύντας
1259 2593 1398 2661 αὐτῇ
1436 2592 1878 2663 θαλαμηπόλους,

308 2680 399 2728 ναὶ
436 2678 543 2748 μὴν
574 2682 669 2735 καὶ
702 2681 800 2744 τὰς
831 2684 1173 2747 οἰκειοτάτας
1206 2683 1595 2752 θεραπαινίδας
1622 2685 1679 2751 ἐξ
1709 2685 1879 2754 αὐτῆς

307 2769 562 2838 ἀποσπᾷ,
592 2771 689 2823 καὶ
737 2772 857 2826 οὐδὲ
895 2774 956 2824 τὸ
987 2774 1149 2843 τυχὸν
1185 2774 1318 2844 παρ’
1364 2776 1531 2845 αὐτῆς
1576 2777 1881 2843 ἐνεργεῖται

310 2862 358 2909 εἰ
392 2861 466 2930 μή
502 2878 565 2929 γε
589 2865 728 2915 κατά
764 2862 990 2933 γνώμην
1025 2867 1299 2918 Ἰωάννου.
1325 2859 1492 2929 Οὗτος
1527 2865 1626 2935 μὲν
1654 2862 1748 2918 οῦν
1786 2868 1883 2917 καὶ

307 2953 367 3004 τὺ
395 2952 634 3021 ὑπήκοον
666 2953 937 3024 έξημέρου
980 2957 1251 3018 παντοίως
1293 2958 1388 3010 καὶ
1420 2956 1597 3010 πάντα
1636 2974 1883 3027 μετεχει-

310 3044 511 3112 ρίζετο.
550 3048 674 3099 ὀτι
704 3047 760 3099 δὲ
786 3050 854 3100 τὰ
880 3050 1139 3116 γεγονότα
1168 3050 1271 3102 οὒκ
1296 3051 1501 3119 ἀρεστά
1528 3044 1597 3120 ἦν
1632 3049 1709 3119 τῷ
1741 3051 1880 3121 Θεῷ,

309 3134 581 3189 δέδεικται
622 3139 716 3190 καὶ
751 3139 813 3190 ἐκ
847 3139 1153 3209 προοιμίων
1182 3140 1403 3193 αὐτῶν·
1458 3142 1600 3196 κατά
1646 3142 1756 3213 γάρ
1784 3144 1884 3212 τὴν

312 3227 380 3279 ια’
401 3230 552 3298 ὤραν
579 3231 680 3300 τῆς
708 3232 869 3300 ἁγίας
896 3233 1141 3303 μεγάλης
1178 3236 1464 3305 Κυριικῆς
1494 3236 1707 3305 χάλαζα
1751 3254 1883 3291 κατι

307 3322 513 3391 ηνέχθη
560 3324 833 3394 ἀφόρητος
880 3327 974 3380 καὶ
1010 3326 1255 3394 γενναία,
1301 3328 1378 3391 ὡς
1422 3328 1775 3399 συντριϐῆναι
1808 3328 1885 3397 μὴ

315 3417 451 3484 μόνα
510 3419 577 3472 τά
608 3418 825 3487 δένδρα,
855 3419 924 3473 τά
975 3437 1036 3472 τε
1094 3421 1352 3491 κάρπιμα
1396 3422 1493 3475 καὶ
1535 3421 1604 3475 τά
1637 3423 1884 3492 ἄκαρπα,

1979 2318 2087 2372 Zoc
2118 2317 2277 2372 annis
2327 2327 2559 2386 septem,
2593 2333 2714 2387 quae
2744 2332 2869 2371 cum
2903 2330 2960 2369 se
2996 2314 3259 2369 Mit‘ltaeln
3294 2316 3548 2368 mancinii

1978 2410 2103 2464 loco
2130 2419 2375 2477 speraret
2406 2423 2650 2470 usuram,
2687 2408 2936 2463 instituto
2966 2424 3029 2461 ac
3047 2423 3139 2475 spe
3168 2422 3261 2459 sua
3291 2408 3547 2461 frustrata

1981 2502 2348 2556 cst.Joanncs
2376 2501 2521 2553 enim
2562 2499 2806 2555 Michaeli
2831 2500 3017 2555 frater.
3054 2500 3133 2550 ιιι·
3169 2501 3467 2553 indum-"zz
3496 2510 3551 2549 ei

1983 2604 2168 2644 rerum
2197 2588 2560 2659 gerendarum
2585 2589 2814 2657 peritus,
2849 2588 2943 2658 qui
2974 2595 3152 2641 fratris
3183 2607 3253 2640 εις(
3351 2588 3545 2639 ι’νςιῖητίί

1981 2682 2143 2753 315
2198 2690 2488 2745 metueret.
2519 2696 2709 2735 omnes
2731 2682 2853 2735 Zore
2885 2681 3252 2735 cubicularius
3289 2698 3389 2732 ιιιετι
3426 2699 3545 2731 νει-ετ

1982 2774 2318 2845 ancillisipsi
2342 2776 2576 2829 maxime
2613 2773 2975 2828 familiaribus
3007 2773 3074 2827 ah
3105 2789 3165 2827 ea
3201 2775 3449 2828 reuexit.
3506 2794 3551 2825 ια

1985 2867 2274 2922 minimum
2308 2868 2530 2937 quidem
2567 2866 2774 2935 aliquid
2815 2867 2950 2921 citra
3001 2869 3333 2920 voluntatem
3374 2878 3425 2915 et
3467 2883 3555 2919 ar-

1984 2957 2212 3013 bitrium
2254 2972 2413 3011 suum
2445 2956 2513 3011 ab
2538 2972 2600 3011 ea
2633 2955 2745 3026 geri
2777 2954 3118 3025 permittens.
3160 2954 3303 3008 Idem
3362 2955 3554 3007 subdi-

1987 3058 2168 3103 torum
2196 3047 2412 3103 anitnos
2440 3047 2611 3125 variis
2637 3047 2815 3101 modis
2858 3046 3053 3101 hlande
3089 3046 3370 3102 tractando
3399 3047 3554 3100 fratri

1985 3140 2364 3205 conciliabat,
2413 3150 2470 3194 et
2510 3139 2756 3193 omnium
2814 3137 3347 3193 administrationem
3395 3139 3447 3191 in
3499 3156 3558 3191 se

1986 3230 2342 3299 suscipiebat.
2375 3230 2495 3285 Non
2530 3239 2710 3283 tamen
2738 3244 2802 3284 ea
2836 3244 2957 3298 qua:
2991 3228 3045 3281 in
3078 3229 3381 3281 Rtilttantlm
3411 3243 3560 3282 com-

1988 3319 2155 3375 missa
2194 3319 2434 3383 fuerant,
2468 3330 2619 3390 grata
2658 3319 2772 3373 Deo
2824 3318 3015 3382 fuisse,
3073 3318 3142 3373 de
3196 3320 3329 3388 ipsis
3385 3318 3559 3374 initiis

1990 3410 2207 3481 imperii
2240 3410 2491 3465 Michaeli
2526 3411 2693 3465 certis
2721 3410 3056 3479 argumentis
3089 3409 3268 3480 colligi
3323 3420 3556 3479 poterat.

310 3510 448 3562 ἀ)λά
472 3509 536 3581 δὴ
561 3510 657 3564 καὶ
690 3513 871 3574 οίκίας
901 3515 1235 3565 καταπεσεῖν
1266 3513 1356 3566 καὶ
1396 3512 1579 3577 ναούς.
1612 3512 1807 3581 Γέγονε
1829 3509 1885 3564 δὲ

1994 3501 2126 3557 Nam
2169 3502 2302 3556 liora
2345 3502 2635 3557 undecima
2674 3512 3034 3556 sacrosanctae
3084 3517 3292 3571 magna:
3319 3504 3559 3556 Domini-

313 3604 408 3655 καὶ
458 3602 612 3671 χύσις
660 3605 889 3672 ἀστέρος
951 3606 1093 3657 κατὰ
1128 3604 1228 3675 τὴν
1282 3605 1417 3676 μετὰ
1447 3606 1507 3658 τὸ
1548 3605 1737 3674 Πάσχα
1769 3606 1882 3657 Κυ-

313 3694 533 3765 ριακὴν,
572 3696 698 3764 περὶ
730 3694 880 3765 ὤραν
907 3697 1096 3767 τρίτην
1131 3697 1231 3766 τῆς
1255 3694 1469 3761 νυκτὸς,
1505 3698 1569 3766 τῇ
1601 3694 1879 3766 ὑπερὸολῇ

312 3789 410 3855 τῆς
438 3788 823 3858 λαμπρότητος
846 3792 973 3852 τοὺς
1006 3790 1243 3859 ἀστέρας
1272 3789 1477 3851 πάντας
1500 3788 1883 3857 ἀποκαλύψαν-

313 3894 403 3937 τος
436 3875 509 3939 ὡς
560 3878 656 3928 καὶ
693 3877 841 3948 ἥλιον
870 3878 1147 3929 ἀνατεῖλαι
1193 3877 1404 3930 δοκεῖν·
1438 3879 1466 3931 6
1494 3878 1675 3946 μέντοι
1728 3874 1883 3944 βασι-

311 3965 437 4028 λεὺς
472 3966 678 4036 ἐλήφθη
706 3968 988 4037 δαιμονίῳ,
1018 3969 1046 4021 ὃ
1077 3970 1171 4021 καὶ
1197 3968 1649 4038 σεμνολογοῦντες
1674 3967 1723 4018 οἱ
1757 3984 1818 4018 πε
1831 3968 1885 4035 pi.

310 4056 502 4109 τοῦτον
535 4058 764 4125 μανικὸν
809 4060 1119 4112 ἀπεκάλουν
1160 4060 1397 4129 νόσημα.
1437 4060 1545 4113 Καὶ
1585 4057 1887 4128 παρέμεινε

312 4149 372 4199 τὸ
408 4148 651 4200 τοιοῦτον
678 4148 806 4218 ἄχρι
832 4151 1020 4213 τέλους
1049 4153 1144 4217 τῆς
1185 4150 1352 4203 αὑτοῦ
1378 4150 1585 4219 βιοτῆς.

1992 3607 2069 3646 cae
2096 3591 2363 3662 grandine
2396 3601 2504 3646 tam
2538 3590 2871 3646 intolerabili
2904 3590 3061 3660 pluit,
3098 3604 3155 3644 ut
3187 3606 3295 3644 non
3333 3592 3560 3646 arbores

1993 3691 2202 3737 tantum
2238 3682 2518 3749 frugifera:
2564 3682 2889 3750 sterilesque
2936 3682 3436 3753 cunfringerentur,
3465 3685 3558 3734 sul

1990 3777 2187 3831 domus
2252 3760 2419 3830 etiam
2489 3790 2614 3830 cum
2658 3775 2893 3845 templis
2952 3776 3176 3846 deiectae
3216 3785 3560 3829 corruerent.

1991 3869 2262 3923 Prmtcrea
2297 3867 2495 3923 sideris
2514 3867 2783 3938 traiectio,
2821 3868 3101 3922 Dominica
3131 3877 3252 3937 post
3282 3869 3563 3922 Paschalis

1990 3961 2216 4024 festum,
2251 3959 2384 4013 hora
2421 3959 2578 4013 tertia
2624 3960 2798 4014 noc:is
2829 3959 3061 4023 accidit;
3101 3976 3221 4013 cum
3254 3959 3473 4027 quidem
3512 3960 3559 4010 i.l

1986 4053 2138 4108 sidus
2165 4051 2530 4122 amplitudine
2582 4050 2809 4119 fulgoris
2853 4049 2937 4103 sui
2969 4060 3291 4104 cunctorum
3329 4050 3560 4103 aliorum

1987 4145 2235 4201 siderum
2275 4143 2576 4199 luminibus
2605 4141 2850 4195 officeret
2880 4156 2941 4196 ac
2976 4141 3056 4196 sol
3090 4142 3203 4212 ipse
3238 4140 3370 4195 oriri
3414 4140 3565 4194 vidu-

311 4252 485 4296 retur.
524 4242 712 4295 Itidem
746 4243 1045 4311 imperator
1080 4244 1220 4297 malo
1250 4254 1539 4313 correptus
1603 4250 1689 4298 cst
1730 4240 1912 4312 genio,
1954 4253 2119 4309 quam
2168 4252 2282 4292 rem
2345 4235 2645 4290 familiares
2692 4233 2867 4304 ipsius
2941 4233 3254 4289 honestiore
3297 4233 3563 4288 vocahnio

314 4349 566 4409 tegentes
606 4340 874 4394 insaniam
927 4342 1221 4410 quamdam
1259 4341 1426 4394 animi
1493 4338 1784 4393 vocabant.
1851 4335 2045 4408 Neque
2103 4332 2454 4390 malum'hoc
2517 4330 2694 4401 ipsum
2760 4338 2888 4383 ante
2940 4328 3103 4383 finem
3162 4329 3283 4383 \‘itm
3337 4328 3563 4381 missum

308 4429 464 4484 fecit.

384 4518 520 4571 Κατ’
550 4520 726 4572 έκεῖνο
770 4520 833 4589 δὴ
867 4519 1060 4591 καιροῦ
1108 4522 1202 4573 καὶ
1232 4520 1476 4573 τοιοῦτόν
1508 4539 1561 4574 τι
1603 4519 1799 4591 συνέϐη
1831 4520 1891 4573 ὲν

308 4609 391 4680 τῷ
413 4610 609 4679 θέματι
636 4609 744 4663 τῶν
766 4609 1113 4681 Θρᾳκησίων.
1141 4610 1445 4680 Βαράγγων
1472 4611 1890 4683 διεσπαρμένων

256 4754 272 4773 ο
312 4702 550 4769 γυναῖκά
579 4720 658 4764 τις
706 4702 979 4773 ἐγχωρίαν
1012 4703 1189 4772 εὑρὼν
1218 4704 1305 4754 ἐπ’
1336 4704 1574 4773 ἐρημίας
1625 4704 1891 4773 ἐπειρᾶτο

2067 4513 2283 4571 Accidit
2336 4528 2405 4570 eo
2455 4514 2759 4585 imperante
2807 4511 3202 4568 Thracensium
3255 4514 3311 4570 in
3361 4514 3565 4567 finibus

1995 4607 2311 4678 hujusmudi
2348 4604 2640 4676 quiddam.
2682 4603 2956 4673 Dispersis
2984 4618 3084 4674 per
3107 4604 3253 4657 illam
3288 4605 3564 4674 regionem

1994 4702 2051 4756 in
2092 4700 2325 4755 hiberna
2357 4697 2640 4769 Barangis,
2674 4697 2812 4752 forte
2849 4695 3071 4766 quidam
3104 4696 3391 4749 mulierem
3424 4697 3569 4749 indi-

315 4794 420 4862 τῆς
462 4794 822 4864 σωφροσύνης
855 4795 1047 4863 αὐτῆς,
1090 4795 1162 4857 ὡς
1192 4795 1248 4847 δὲ
1277 4796 1376 4847 ούκ
1408 4794 1614 4857 ἔπειθε,
1648 4795 1739 4849 καὶ
1765 4794 1887 4865 βίαν

1998 4805 2193 4861 genam
2222 4790 2277 4844 in
2312 4788 2614 4844 solitudine
2650 4796 2844 4842 nactus
2872 4787 2922 4840 ei
2953 4796 3203 4855 stuprum
3243 4785 3443 4840 inferre
3479 4804 3571 4838 cu-

311 4887 415 4956 ἧδη
464 4887 690 4956 ἐπῆγεν.
730 4888 793 4939 Ἡ
845 4886 902 4940 δὲ
946 4888 1039 4938 τὸν
1094 4887 1366 4954 ἀκινάκην
1413 4888 1738 4955 σπασαμένη
1794 4886 1888 4938 τοῦ

311 4979 508 5046 ἀνδρὸς
541 4980 692 5032 παίει
736 4983 879 5033 κατά
918 4979 1145 5051 καρδίαν
1188 4980 1281 5034 τὸν
1319 4981 1629 5052 Βάραγγιν,
1677 4981 1770 5034 καὶ
1800 4979 1889 5032 εύ-

312 5072 414 5134 θῦς
445 5071 679 5143 ἀναιρεῖ.
714 5071 821 5125 Τοῦ
850 5071 905 5124 δὲ
937 5073 1100 5144 ἔργον
1146 5072 1483 5133 διαδοθέντος
1528 5075 1586 5125 ὲν
1624 5074 1690 5141 τῇ
1732 5088 1890 5141 περι-

314 5165 500 5236 χώρῳ,
529 5164 1011 5234 συναθροισθέντες
1038 5167 1085 5219 οί
1118 5166 1527 5236 Βάραγγοιτήν
1560 5182 1618 5218 τε
1648 5168 1884 5234 γυναῖκα

316 5254 647 5321 στεφανοῦσι
691 5255 787 5309 καὶ
835 5255 933 5325 τὴν
979 5253 1200 5308 ἅπασαν
1250 5257 1444 5308 οὐσίαν
1498 5254 1595 5308 τοῦ
1667 5254 1890 5326 βιαστοῦ

316 5342 493 5416 ταύτῃ
517 5344 746 5408 διδόασι,
778 5345 1030 5397 κάκεῖνον
1061 5344 1270 5410 ἀταξον
1303 5345 1576 5413 ῥίπτουσι.

387 5521 523 5575 Τότε
559 5522 624 5593 δὴ
657 5524 754 5576 καὶ
788 5523 1015 5592 σεισμοῦ
1060 5523 1358 5594 γενομένου
1406 5523 1593 5586 κακῶς
1620 5523 1789 5577 ἔπαθε
1824 5525 1893 5579 τά

325 5616 701 5686 Ἰεροσόλυμα,
733 5617 1078 5687 τεθνηκότων
1111 5617 1415 5688 ἀνθρώπων
1443 5618 1656 5670 πολλῶν
1688 5618 1746 5670 ὲν
1777 5619 1894 5681 τοῖς

320 5708 432 5761 τῶν
461 5709 768 5777 ἐκκλησιῶν
805 5711 897 5764 καὶ
942 5711 1130 5763 οἰκιῶν
1164 5711 1557 5778 συμπτιῖλμςσι,
1604 5711 1894 5778 σειομένης

317 5804 416 5873 τῆς
455 5805 553 5875 γῆς
613 5804 772 5875 ἄχρις
807 5805 1027 5876 ἡμερῶν
1074 5811 1147 5875 μ’.
1207 5805 1297 5875 ’Ϊῴ
1342 5805 1396 5858 δέ
1434 5822 1494 5873 γε
1535 5805 1896 5878 Σεπτεμϐρίῳ

1999 4896 2160 4940 natus
2186 4888 2293 4939 est.
2340 4882 2415 4937 Ea
2454 4897 2586 4936 vero
2634 4880 2925 4949 ipsiusmet
2964 4880 3181 4934 acinace
3225 4890 3480 4946 correpto
3518 4879 3568 4931 in

1998 4992 2096 5032 cor
2121 4971 2430 5048 Barangum
2484 4973 2610 5028 ferit
2641 4987 2705 5027 ac
2732 4972 2915 5027 statim
2946 4969 3241 5024 interficit.
3300 4969 3454 5033 Quod
3496 4970 3573 5023 la-

1996 5078 2148 5124 etum
2185 5066 2276 5121 ubi
2306 5081 2400 5136 per
2430 5064 2687 5119 viciniam
2711 5062 3066 5127 innotuisset,
3089 5062 3308 5116 coivere
3340 5061 3569 5130 Berangi

1991 5160 2200 5224 caeteri.
2227 5160 2556 5228 mulierique
2578 5163 2854 5212 coronata:
2874 5154 3161 5210 facultates
3184 5154 3329 5208 illius
3352 5168 3563 5213 omnes,

1990 5254 2086 5325 qui
2130 5251 2411 5323 pudicitiae
2466 5249 2641 5315 ipsius
2681 5247 2878 5302 aﬂ‘erre
2928 5247 3038 5301 vim
3071 5246 3359 5301 voluerat.
3399 5244 3569 5297 duna-

1994 5356 2149 5409 runt,
2200 5343 2469 5401 cadavere
2506 5342 2698 5397 militis
2752 5342 2893 5397 citra
2952 5339 3248 5409 sepulturae
3304 5338 3566 5391 honorem

1991 5438 2224 5510 ahjecto.
2487 5447 2493 5451 '
3362 5477 3375 5485 .

2068 5529 2226 5583 Tunc
2252 5538 2309 5581 ct
2353 5526 2725 5598 Hierosolyma
2762 5535 2921 5580 teme
2953 5534 3103 5577 motu
3138 5522 3332 5574 misere
3375 5522 3569 5574 afflicta

1999 5620 2142 5683 fuit,
2176 5617 2323 5690 quod
2383 5618 2437 5671 in
2500 5616 2633 5686 ipsis
2670 5617 2997 5685 templorum
3033 5614 3344 5682 miliumque
3398 5616 3571 5665 l’ll:lli~

2005 5711 2197 5781 ingens
2253 5710 2556 5778 hominum,
2598 5708 2894 5762 multitudo
2948 5706 3372 5777 opprimeretur.
3416 5716 3571 5758 terra

2002 5805 2147 5861 diem
2184 5804 2250 5858 ad
2311 5801 2790 5875 quadragesimum
2858 5814 3030 5871 usque
3089 5812 3368 5854 succussu.
3419 5798 3590 5850 Amm
