4198 6444
241 348 349 409 SS9

1475 354 1748 413 ANNALi
1768 353 1874 412 υλι
1916 356 2103 412 PARS
2150 360 2238 417 iV.

3373 355 3479 417 590

242 460 418 529 Ζωήν.
461 461 608 530 Αὕτη
635 460 690 514 δὲ
738 461 1166 533 διαλογισαμένη
1207 464 1279 526 ὡς
1311 465 1407 515 οὐκ
1437 465 1503 518 ἀν
1549 483 1679 517 ποτε
1738 468 1804 519 τὰ

1927 469 2092 521 'cdiit.
2127 468 2200 521 Ea
2243 483 2372 523 vero
2398 482 2518 523 cum
2540 468 2926 525 deliberatione
2953 482 3136 522 secum
3162 466 3342 521 habita
3368 481 3477 521 non

241 552 397 605 κοινά
429 552 703 620 διεξάγειν
759 553 891 624 μόνη
955 555 1194 617 δύναιτο,
1245 556 1336 608 τὸν
1395 556 1489 609 τοῦ
1537 557 1802 626 βασιλέως

243 642 462 710 Μιχαὴλ
499 641 792 714 ὁμώνυμον
828 644 1071 710 ἀνεψιὸν,
1108 647 1359 716 Καίσαρα
1383 647 1531 710 ὄντα,
1557 649 1692 716 πρὸς
1746 649 1803 702 δὲ

246 733 338 785 καὶ
383 734 711 803 δραστήριον
762 731 901 790 εἶναι
935 737 1219 801 δοκοῦντα,
1271 740 1586 808 εἰσποιητὸν
1634 754 1804 810 προσ-

247 825 515 893 )αμὸάνει
542 827 681 890 υἱὸν,
715 830 808 881 καὶ
835 829 1055 896 βασιλέα
1087 831 1642 901 τοῦτονᾱναγορεύει,
1671 850 1807 903 κρα-

245 917 486 984 τήσαντα
510 917 564 970 δέ
587 918 721 972 ὡσεὶ
763 920 940 989 μῆνας
996 921 1058 985 δ’,
1089 921 1273 992 ὅρκοις
1321 923 1587 992 πρότερον
1640 925 1808 978 αὑτὸν

246 1009 706 1081 καταδεσμήσασα
761 1013 834 1074 ὡς
881 1014 1079 1081 κυρίαν
1148 1015 1290 1084 ἔχειν
1329 1016 1498 1087 αὐτὴν
1551 1020 1646 1070 καὶ
1702 1037 1809 1088 μη-

247 1099 381 1168 τέρα
412 1099 505 1150 καὶ
556 1100 631 1169 μὴ
650 1102 1085 1169 παρεμποδὶζειν
1127 1103 1213 1172 ἐφ’
1248 1097 1330 1166 οἷς
1387 1104 1452 1157 ἂν
1505 1107 1598 1159 καὶ
1661 1107 1811 1171 ὅπως

246 1187 676 1258 διαπράττεσθαι
737 1191 1003 1258 βούλοιτο.
1067 1194 1180 1246 Καὶ
1239 1194 1403 1248 αὑτὸν
1437 1194 1492 1248 δὲ
1546 1196 1811 1265 πρότερον

248 1279 651 1350 ὀρζανοτρᾶφον
681 1283 924 1336 ἐκποδὼν
958 1286 1274 1356 ἐποιήσατο,
1331 1288 1427 1340 καὶ
1461 1288 1811 1342 Κωνσταντῖ-

251 1393 339 1427 νον
367 1376 628 1438 ὡσαύτως
672 1377 763 1429 τὸν
795 1378 1116 1446 δομέστικον
1139 1381 1248 1435 τῶν
1292 1382 1500 1451 σχολῶν
1521 1384 1619 1454 τῆς
1637 1385 1812 1456 ἀρχῆς

249 1467 615 1536 ἀπεστέρησε.
655 1470 791 1521 Κατ’
832 1471 1000 1540 αὐτὴν
1034 1471 1133 1542 τὴν
1193 1471 1343 1543 ὥραν
1399 1474 1521 1527 καθ’
1575 1477 1639 1546 ἣν
1690 1481 1814 1530 ἀνε-

249 1558 391 1610 δεῖτο
439 1559 514 1626 τῷ
543 1560 836 1630 διαῗήματι
890 1565 918 1615 ὁ
963 1565 1205 1636 Μιχαὴλ,
1243 1566 1504 1621 σκοτώσει
1548 1569 1640 1622 καὶ
1678 1567 1814 1638 ῑλῖγ-

251 1665 334 1715 γῳ
371 1649 598 1717 ληφθεὶς
629 1652 796 1718 ἐγγὺς
830 1648 960 1724 ἦλθέ
990 1673 1092 1708 που
1145 1661 1352 1724 πεσεῖν,
1394 1660 1547 1728 μόλις
1593 1661 1649 1714 δὲ
1683 1664 1815 1715 ἀνα-

254 1741 500 1793 καλεῖται
574 1743 765 1810 μύροις
829 1747 923 1799 καὶ
984 1748 1269 1816 ἀρώμασι.
1329 1752 1439 1804 Καὶ
1503 1753 1561 1816 ὃς
1614 1755 1812 1810 αὐτίκα

254 1830 485 1896 δωρεαῖς
521 1839 892 1903 περιποιεῖται
946 1838 1044 1906 τὴν
1072 1840 1394 1910 σύγκλητον.
1448 1841 1818 1915 Μεταπέμπε-

260 1940 348 1975 ται
375 1924 429 1977 δὲ
455 1925 548 1994 τῆς
585 1928 804 1997 ἐξορίας
835 1931 928 1982 καὶ
962 1933 1373 1986 Κωνσταντῖνον
1432 1937 1522 1988 τὸν
1569 1939 1818 2007 δομέστιε

259 2034 372 2078 κον,
444 2017 536 2070 καὶ
590 2019 730 2072 οὕτω
788 2021 946 2081 δῆΟεν
999 2025 1056 2076 ἐν
1111 2023 1314 2096 βεϐαίῳ
1376 2026 1534 2091 δόξας
1597 2029 1819 2085 ἑστάναι

260 2108 541 2176 παρευοὺς
574 2111 781 2167 πίπτει.
814 2113 1111 2183 Γράμμασι
1153 2115 1261 2186 γὰρ
1291 2117 1384 2170 τοῦ
1409 2119 1819 2191 ὁρφανοτρόςρου

260 2200 358 2252 καὶ
389 2199 605 2269 βουλαῖς
631 2203 723 2254 τοῦ
749 2202 1089 2271 δομεστὶκον,
1129 2206 1395 2274 λεγόντων
1424 2210 1496 2278 μὴ
1540 2212 1820 2265 πιστεύειν

257 2295 322 2360 τῇ
352 2292 611 2361 βασιλίδι,
647 2295 720 2358 ὠς
751 2296 815 2348 ἂν
851 2296 925 2366 μὴ
959 2299 1120 2352 πάθοι
1180 2303 1279 2354 ὅσα
1338 2302 1401 2372 δὴ
1455 2306 1551 2357 καὶ
1601 2305 1821 2377 Μιχαὴλ

259 2383 355 2434 καὶ
395 2380 674 2451 Ῥωμανὸς
707 2387 981 2455 γοητείαις
1029 2388 1125 2442 iu
1154 2393 1281 2457 παρ’
1321 2393 1497 2463 αὐτῆς
1546 2411 1820 2465 κατεργα-

262 2471 500 2536 σθέντες,
563 2474 890 2545 διεγείρεται
955 2481 1048 2532 καὶ
1103 2481 1394 2553 ἐπιϐουλὴν
1475 2487 1595 2538 κατ’
1652 2489 1820 2557 αὐτῆς

264 2564 484 2634 μελετᾷ.
523 2565 704 2617 Θὲλων
739 2568 792 2617 δὲ
823 2570 917 2621 καὶ
958 2571 1050 2622 τὸν
1080 2570 1206 2624 λαὸν
1255 2574 1401 2638 ἰδεῖν,
1457 2577 1617 2647 εἰπερ
1649 2580 1823 2633 εὐνοϊ-

262 2657 374 2718 κῶς
409 2657 556 2725 ,πρὸς
588 2660 750 2711 αὑτὸν
809 2660 1098 2728 διάκειται,
1133 2665 1226 2716 καὶ
1258 2666 1432 2730 οὕτως
1463 2669 1821 2740 ἐπιχειρῆσαι

261 2748 329 2816 τῇ
357 2747 644 2819 ἐπιϐουλῇ,
675 2750 889 2804 κελεύει
930 2753 1183 2818 γενέσθαι
1235 2758 1577 2824 προέλευσιν.
1632 2764 1745 2832 Ἐφ’
1789 2759 1822 2840 ᾖ

263 2837 362 2891 καὶ
428 2840 640 2902 πάντας
690 2840 814 2892 Ξδὼν
865 2841 940 2902 ὼς
994 2845 1043 2896 si
1090 2847 1314 2898 δυνατὸν
1362 2850 1456 2901 καὶ
1498 2851 1595 2914 τάς
1647 2837 1826 2923 ψυχὰξ

263 2931 514 3000 προϊέναι
575 2933 734 3002 χάριν
797 2935 963 3002 τιμῆς
1021 2934 1186 2989 αὑτοῦ
1262 2938 1358 2991 καὶ
1420 2940 1824 3012 λαμπρότητος,

156 3028 163 3032 ’
261 3021 494 3075 ἅπτεται
537 3024 636 3093 τῆς
675 3025 990 3095 ἐπιϐουλῆς.
1041 3029 1252 3090 Νυκτὸς
1302 3029 1396 3084 οὖν
1443 3036 1704 3106 κατασπᾷ
1733 3037 1826 3091 τοῦ

262 3110 456 3183 θρόνου
475 3114 570 3167 καὶ
594 3115 833 3185 ἐξορίζει
865 3116 1036 3189 αὐτὴν
1073 3119 1154 3183 εἰς
1189 3121 1514 3191 Πρίγκιπον,
1553 3126 1822 3192 κελεύσας

261 3203 375 3265 τοῖς
398 3203 799 3274 ἀποκομίζουσι
832 3209 923 3261 καὶ
954 3209 1054 3273 τάς
1085 3209 1280 3281 τρίχας
1331 3213 1498 3284 αὐτῆς
1530 3217 1823 3288 ἀποκεῖραι

263 3294 523 3365 καὶπρὸς
555 3298 718 3352 αὐτὸν
752 3299 924 3363 αὑτὰς
954 3303 1206 3368 ἀγαγεῖν.
1242 3304 1458 3360 Γίνεται
1501 3308 1696 3374 ταῦτα,
1732 3312 1827 3364 καὶ

264 3386 516 3455 ἀναφορὰ
549 3387 637 3441 διά
669 3388 761 3441 τοῦ
818 3390 1058 3461 ἐπάρχου
1111 3392 1186 3463 τῷ
1243 3395 1356 3466 λαῷ
1393 3398 1825 3466 ἀναγινώσκεται

266 3478 326 3529 ἐν
386 3476 464 3546 τῷ
509 3477 603 3530 τοῦ
650 3480 1065 3536 Κωνσταντίνον
1112 3485 1288 3555 φόρῳ,
1363 3489 1694 3560 περιέχουσα
1745 3492 1828 3546 ὅτι

270 3566 549 3629 Κακόνους
573 3569 607 3638 η
638 3569 759 3638 Ζωὴ
793 3571 921 3639 περὶ
965 3573 1065 3642 τὴν
1093 3572 1373 3643 βασιλείαν
1409 3595 1510 3647 μου
1533 3581 1830 3650 εὑρεθεῖσα

266 3657 568 3726 ἐξορίζεται
621 3662 750 3730 παρ’
795 3663 968 3730 ἐμοῦο
1022 3665 1180 3733 ὑμεῖς
1227 3666 1284 3719 δὲ
1337 3666 1497 3737 εἴπερ
1572 3672 1829 3736 εὐνοϊκῶς

267 3749 544 3810 διάκεισθε
589 3753 725 3822 πρός
777 3771 865 3821 με,
899 3755 1104 3824 μᾶλλον
1157 3759 1424 3828 ἀξιωθῆτε
1474 3762 1671 3830 τιμῶν.
1720 3765 1831 3818 Καὶ

265 3845 615 3914 παραχρῆμα
701 3847 854 3918 φωνὴ
932 3848 1256 3912 ἐξακούεται
1336 3851 1478 3907 οὕτω
1550 3855 1826 3923 λέγουσα’

272 3956 291 3987 ι
348 3937 541 4003 Ἡμεῖς
576 3943 966 4008 σταυροπάτην
998 3942 1333 4011 Καλαφάτην
1370 3945 1598 4012 βασιλέα
1629 3948 1690 4000 οὐ
1745 3947 1832 4000 θέ-

265 4024 455 4095 λομεν,
514 4028 648 4082 ἀλλά
699 4029 798 4098 τὴν
848 4029 1182 4100 κληρονόμον
1257 4034 1350 4084 καὶ
1407 4037 1617 4106 μητέρα
1677 4039 1833 4107 ἡμῶν

267 4115 449 4184 Ζωήν.
493 4135 512 4168 ο
564 4117 725 4170 Ἀλλὰ
758 4121 850 4170 καὶ
880 4118 1039 4171 τοῦτο
1072 4120 1208 4188 πρὸς
1237 4123 1351 4183 τοῖς
1398 4122 1575 4187 ἄλλοις
1622 4127 1792 4181 ἐϐόων
1815 4144 1829 4157 ⁸

275 4223 294 4256 ε
343 4207 710 4276 Ἀνασκαφείη
745 4211 810 4262 τὰ
846 4211 981 4263 ὀστᾶ
1023 4211 1117 4263 τοῦ
1145 4213 1501 4281 Καλαιράτου.
1541 4234 1559 4266 ι
1594 4218 1702 4270 Καὶ
1737 4222 1834 4273 λα-

269 4294 454 4358 ὀὸντες
509 4297 575 4349 τὰ
636 4301 1018 4367 παρατυχόντα
1056 4301 1188 4364 ξύλα
1236 4306 1387 4373 παρά
1437 4304 1532 4359 τοῦ
1585 4309 1830 4378 ἐπάρχου

1912 573 2149 628 possese
2175 560 2345 614 solam
2376 559 2758 612 administrare
2789 575 2900 612 rem
2935 559 3207 628 publicam
3231 558 3482 612 animad-

1911 657 2168 715 verteret,
2201 649 2540 718 imperatoris
2570 649 2810 704 Michaeli
2842 649 3217 718 cognominem
3249 658 3299 701 et
3333 663 3484 702 soro-

1914 740 1991 796 ris
2020 740 2189 794 lilium
2219 781 2233 805 ,
2270 746 2362 810 qui
2401 742 2579 796 Caesar
2601 743 2916 809 designatus
2942 750 3059 794 eral.
3089 750 3144 794 et
3177 739 3482 794 industrius

1911 846 2179 902 aptusque
2206 834 2366 887 rebus
2389 834 2643 904 gerendis
2682 850 2802 888 esse
2831 834 3136 898 videbatur,
3165 833 3480 901 adeplatnm

1915 922 2018 975 sibi
2048 923 2314 993 adjnngil,
2342 941 2404 978 ac
2447 924 2612 977 tilium
2645 927 3141 994 imperatoremque
3177 922 3481 977 renuntiari

1915 1023 2090 1066 curat.
2120 1013 2340 1067 Prmt‘uit
2375 1015 2535 1066 rebus
2553 1028 2766 1068 menses
2790 1014 2854 1067 ad
2883 1023 3136 1082 quatuor.
3161 1013 3481 1080 Priusquam

1917 1103 2147 1171 imperio
2175 1105 2467 1169 potiretur,
2492 1105 2601 1159 Zoe
2629 1107 2986 1159 sacramentis
3007 1119 3131 1158 eum
3169 1103 3483 1167 obstrinxit,

1917 1204 1975 1247 ut
2005 1193 2363 1262 polliceretur
2401 1209 2460 1249 se
2500 1195 2621 1250 loco
2648 1193 2886 1249 dominae
2918 1211 2979 1251 ac
3011 1197 3197 1252 matris
3238 1210 3354 1247 eam
3390 1193 3488 1246 ba-

1917 1284 2310 1351 biturum,!nec
2353 1286 2458 1342 ulla
2495 1302 2553 1340 re
2610 1286 2854 1341 futurum
2903 1287 3297 1355 impedimento
3349 1301 3488 1355 quu-

1920 1376 2103 1431 minus
2146 1377 2238 1435 illa
2277 1393 2399 1447 quae
2431 1377 2616 1442 vellet,
2651 1378 2814 1448 317
2841 1393 3056 1447 quoque
3085 1387 3241 1447 pacto
3279 1377 3490 1432 collibi-

1923 1477 2037 1522 tum
2071 1478 2240 1535 essct,
2275 1470 2458 1522 omnia
2499 1480 2735 1538 gereret.
2795 1469 3061 1523 Praeterea
3096 1468 3360 1523 Joannem
3392 1484 3492 1537 pu-

1921 1560 2175 1630 pillorum
2200 1559 2480 1614 alumnum
2512 1560 2580 1614 ab
2615 1559 3084 1615 administratione
3104 1575 3223 1614 mox
3243 1558 3309 1612 ab
3336 1558 3491 1613 initio

1923 1653 2191 1717 removit,
2217 1653 2575 1707 Constantino
2601 1668 2818 1723 quoque
2853 1653 3154 1708 domestico
3183 1653 3492 1707 scholarum

1925 1741 2246 1808 magistratu
2274 1742 2555 1812 abrogato.
2589 1740 2889 1796 Michaelus
2913 1757 2976 1796 ea
3011 1743 3146 1811 ipsa,
3175 1756 3280 1810 qua
3306 1742 3493 1799 diade-

1849 1815 2064 1885 Bmate
2123 1831 2469 1900 cingebatur,
2533 1831 2666 1887 hora
2723 1833 3007 1888 oculorum
3052 1834 3373 1904 caligatione
3430 1852 3495 1892 ac

1923 1922 2188 1992 vertigine
2217 1932 2509 1993 correptus
2534 1939 2727 1995 parum
2755 1926 2931 1981 abluit
2957 1927 3086 1996 quin
3111 1927 3492 1990 eollaberetur.

1920 2013 2121 2083 vixque
2157 2013 2373 2068 tandem
2421 2016 2714 2084 unguentis
2770 2026 2828 2072 et
2880 2017 3215 2072 aromatibus
3259 2023 3496 2074 reiectus

1921 2113 2025 2158 est.
2057 2105 2268 2159 Corona
2303 2106 2508 2175 potitus
2539 2121 2663 2160 mox
2692 2106 3076 2177 largitionibus
3103 2109 3206 2162 sibi
3245 2119 3492 2164 senatum

1923 2192 2202 2250 coneiliaf.
2233 2195 2485 2267 Cumque
2531 2196 2953 2253 Constantinum
3005 2199 3364 2256 domesticum
3427 2204 3495 2257 ab

1925 2288 2125 2342 exsilio
2161 2299 2509 2354 revocasset,
2559 2305 2729 2360 seque
2779 2292 2890 2362 jam
2925 2293 2978 2346 in
3033 2302 3149 2347 tuto
3195 2295 3495 2349 consistere

1924 2384 2166 2447 putaret,
2219 2381 2403 2436 subito
2458 2382 2694 2437 corruit.
2736 2383 3039 2438 Persuasus
3074 2385 3218 2439 enim
3271 2386 3496 2442 Joannis

1925 2471 2260 2540 pupillorum
2313 2473 2516 2527 alumni
2556 2474 2756 2529 litteris
2795 2486 2848 2530 et
2879 2476 3164 2532 domestici
3219 2478 3495 2542 consiliis,

1928 2563 2021 2632 qui
2076 2564 2326 2619 dicerent
2362 2564 2519 2619 ﬁdem
2556 2566 2890 2634 imperatrici
2918 2583 3025 2621 non
3059 2569 3385 2634 habendam,
3429 2586 3499 2624 ne

1929 2656 2293 2711 usuvenirent
2320 2657 2511 2712 eadem
2544 2658 2644 2728 ipsi
2670 2674 2790 2729 qua:
2817 2659 3114 2714 Michaelus
3139 2670 3194 2715 et
3223 2662 3501 2717 Romanus

1929 2745 2172 2812 perpessi
2217 2745 2485 2810 fuissent,
2535 2762 2672 2817 quos
2719 2748 2807 2803 illa
2837 2749 3120 2804 veneﬁciis
3169 2753 3498 2812 sustulisset.

1929 2833 2158 2886 excitari
2207 2848 2266 2888 se
2323 2844 2512 2888 contra
2545 2835 2689 2889 illam
2722 2852 2915 2906 passus
2944 2848 3063 2900 est,
3113 2849 3172 2894 ut
3206 2841 3325 2908 ejus
3374 2842 3501 2893 vita:

1932 2924 2287 2978 insidiaretur
2320 2942 2333 2978 :
2370 2941 2604 2996 cumque
2639 2929 2824 2997 pepuli
2850 2945 3065 2998 quoque
3097 2940 3306 2986 tentare
3331 2933 3496 2987 vellet

1933 3014 2167 3079 animos,
2205 3024 2263 3070 ut
2294 3030 2655 3086 cognosceret
2696 3035 2764 3074 an
2797 3021 2942 3075 illius
2972 3021 3153 3090 aliqua
3188 3023 3328 3077 foret
3357 3023 3408 3077 in
3442 3039 3502 3078 se

1933 3105 2342 3174 benevolentia,
2373 3125 2478 3180 qua
2507 3116 2806 3181 pe‘rspecta‘
2832 3122 3044 3166 struere
3071 3123 3322 3182 pergeret
3367 3116 3502 3169 insi-

1930 3197 2070 3265 dias,
2109 3214 2429 3268 processum
2471 3202 2749 3272 publicum
2808 3204 3020 3257 institui
3058 3205 3251 3275 jubet,
3299 3206 3352 3260 in
3397 3223 3504 3276 quo

1930 3305 2057 3346 cum
2085 3306 2206 3347 eam
2239 3294 2294 3347 in
2345 3295 2602 3349 omnibus
2647 3295 2986 3350 alacritatem
3023 3308 3304 3362 cerneret,
3359 3310 3416 3352 ut
3458 3301 3504 3354 si

1933 3377 2052 3432 ﬁeri
2104 3389 2310 3448 posset,
2347 3382 2512 3436 etiam
2571 3384 2781 3438 animas
2842 3400 2906 3438 ac
2964 3385 3133 3440 vitam
3188 3401 3289 3456 pro
3332 3388 3507 3453 ipsius

1932 3470 2143 3527 honore
2176 3472 2552 3544 dignitateque
2591 3476 2991 3544 profunderent
3021 3517 3035 3542 ,
3096 3478 3162 3530 ad
3201 3479 3506 3535 moliendas

1939 3561 2166 3618 insidias
2228 3579 2349 3619 sese
2410 3577 2712 3636 comparat.
2749 3567 2938 3637 Itaque
2977 3578 3142 3624 noctu
3195 3571 3331 3624 solio
3359 3571 3509 3640 deje-

1934 3658 2077 3705 ctam
2113 3652 2429 3722 principum
2471 3655 2690 3725 ablegat
2744 3657 2839 3711 ubi
2884 3659 3178 3727 exsularet,
3241 3661 3508 3731 imperato

1935 3740 2359 3812 deportantibus
2393 3754 2453 3801 ut
2481 3747 2706 3816 capillos
2728 3749 2778 3802 ei
2807 3749 3068 3804 raderent
3097 3760 3152 3808 et
3183 3752 3405 3809 eosdem
3441 3757 3508 3811 ad

1938 3849 1998 3889 se
2035 3835 2335 3892 deferrent.
2365 3837 2461 3894 His
2495 3839 2568 3894 ita
2596 3842 2786 3909 gestis,
2826 3844 3116 3915 prmfcctus
3151 3847 3308 3902 urbis
3361 3858 3511 3902 acto-

1937 3941 2060 3980 rum
2113 3929 2437 3985 relationem
2492 3947 2555 3987 ac
2608 3933 2872 4002 populum
2916 3935 2984 3989 de
3038 3936 3242 4006 scripto
3291 3941 3514 3995 nomine

1937 4015 2288 4084 imperatoris
2323 4021 2375 4074 in
2404 4019 2751 4079 Constantini
2803 4024 2925 4078 {oro
2961 4025 3146 4082 verbis
3196 4027 3513 4098 huiusmodi

1938 4109 2134 4162 recitat
2169 4128 2182 4163 :
2227 4129 2245 4163 ι
2282 4111 2450 4178 Zoen,
2493 4115 2641 4183 quod
2671 4129 2788 4168 eam
2826 4115 3061 4186 imperio
3095 4130 3217 4174 meo
3245 4121 3516 4178 malitiose

1938 4201 2253 4255 insidiatam
2309 4219 2429 4260 esse
2481 4206 3003 4274 deprehenderem‘,
3056 4209 3231 4264 solum
3294 4221 3517 4268 vertere

1933 4294 2097 4364 jussi.
2121 4294 2252 4359 Vos,
2293 4297 2568 4366 siquidem
2603 4297 2658 4350 in
2693 4297 3076 4354 benevolentia
3110 4316 3238 4372 erga
3271 4319 3356 4358 me
3393 4321 3515 4373 per-

269 4387 571 4456 φέρονται·
600 4391 695 4440 καὶ
723 4389 778 4451 ὃς
836 4394 979 4460 φυγῇ
1039 4394 1394 4462 χρησάμενος
1451 4396 1605 4465 μόλις
1644 4399 1826 4453 διεσώ-

1939 4385 2196 4439 stiteritis
2217 4423 2234 4448 ,
2264 4387 2502 4443 honores
2533 4391 2974 4461 consequemini.
3021 4411 3038 4444 ›
3076 4392 3214 4446 Tum
3257 4409 3383 4450 vero
3413 4411 3516 4451 vox

269 4479 412 4542 ζετο.
461 4479 517 4532 'U
547 4481 600 4532 δὲ
632 4482 760 4543 λαὸς
788 4485 862 4544 εἰς
895 4485 989 4554 τὴν
1022 4485 1322 4555 ἐκκλησίαν
1354 4488 1682 4543 καταλαϐὼν
1709 4493 1830 4544 ἐδν-

273 4573 597 4640 σφήμεικαὶ
638 4575 781 4642 μάλα
835 4577 928 4628 τὸν
981 4576 1226 4646 βασιλέα,
1270 4580 1587 4636 ἀνεκαλεῖτο
1641 4584 1832 4655 δὲτὴν

270 4665 423 4739 Ζωῂν
462 4668 555 4737 ὅλῃ
587 4668 753 4738 ψυχῇ.
787 4655 1024 4723 Μετὰδὲ
1069 4670 1242 4724 ταῦτα
1296 4673 1432 4744 πρὸς
1464 4674 1526 4726 τὸ
1571 4677 1833 4730 παλάτιον

269 4756 545 4826 ῑρχονται,
585 4764 920 4830 καταγαγεῖν
953 4763 1043 4814 τὸν
1087 4763 1316 4830 βασιλέα
1361 4765 1704 4833 βουλόμενοι.
1738 4771 1832 4831 Ὃς

270 4852 366 4901 καὶ
407 4851 661 4918 πτοηθεὶς
684 4853 858 4921 ἦγαγε
909 4853 1005 4923 τὴν
1052 4855 1226 4923 Ζωὴν,
1276 4857 1370 4908 καὶ
1424 4858 1700 4921 ἀποδύσας
1737 4861 1835 4911 αύ-

269 4943 373 5011 ⁴τὴν
405 4942 474 4994 τὰ
512 4943 780 5012 μοναχικά
820 4943 1120 5013 βασιλικοῖς
1153 4947 1427 5015 ἐκόσμησε
1486 4950 1836 5018 περιϐλήμαε

275 5050 381 5086 σιν.
419 5032 535 5084 Εἶθ’
576 5032 750 5096 οὕτως
800 5035 877 5103 τῷ
909 5034 1023 5104 λαῴ
1083 5037 1478 5107 δημηγορήσας
1534 5041 1627 5091 καὶ
1670 5042 1836 5110 μηδὲν

272 5126 478 5186 ἀνύσας
510 5124 724 5193 (ὕϐρεσι
757 5125 864 5192 γὰρ
895 5127 1092 5194 μᾶλλον
1116 5128 1385 5181 ὲπλύνετο
1413 5132 1507 5182 καὶ
1535 5130 1705 5194 λίθοις
1740 5133 1836 5186 καὶ

274 5213 452 5280 τόξοις
508 5212 808 5279 ἐϐάλλετο),
863 5213 1003 5279 ἔγνω
1055 5215 1162 5267 δεῖν
1208 5217 1265 5267 ἐν
1307 5218 1372 5283 τῇ
1409 5221 1540 5286 μονῇ
1586 5219 1837 5273 Στουδὶου

275 5303 557 5358 ἀπελθεῖν.
603 5303 660 5354 Ὀ
691 5303 745 5355 δὲ
779 5303 1097 5371 δομέστικος
1132 5304 1230 5356 οὐκ
1266 5307 1475 5373 ἀφῆκεν
1493 5307 1678 5371 αὐτὸν,
1705 5309 1839 5362 ἀλλά

277 5395 541 5463 γενναίως
576 5395 891 5462 ἀντιστῆναι
923 5395 1227 5466 παρέπεισε
1273 5397 1420 5465 καὶῆ
1477 5397 1838 5468 ὑπερισχῦσαι

277 5489 310 5554 ἢ
339 5487 630 5555 βασιλικῶς
668 5486 986 5540 ἀποθανεῖν.
1032 5486 1444 5554 Ἐτοιμάζονται
1476 5488 1551 5551 ὡς
1576 5485 1723 5560 εἶχον
1749 5492 1840 5544 δυ·-

277 5580 516 5645 νάμεως.
559 5576 732 5648 Τριχῇ
756 5577 847 5630 οὖν
872 5579 920 5630 οἱ
952 5577 1046 5630 τοῦ
1093 5578 1267 5647 δήμου
1319 5581 1707 5649 διαιρεθέντες,
1737 5583 1842 5635 ὦσ-

280 5687 389 5736 περ
420 5669 482 5738 δὴ
514 5670 607 5720 καὶ
631 5671 678 5720 οἱ
702 5670 830 5738 περὶ
869 5669 960 5721 τὸν
1008 5669 1248 5736 Μιχαὴλ,
1285 5670 1404 5722 κατ’
1434 5669 1675 5738 ἀλλήλων
1710 5672 1843 5738 ἐγώ-

283 5777 433 5832 ριινν.
472 5761 662 5814 Ἔνθεν
697 5778 777 5812 τοι
822 5763 910 5811 καὶ
949 5764 1010 5813 ἐκ
1055 5760 1145 5811 τοῦ
1179 5760 1351 5828 δήμου
1387 5762 1569 5810 πίπτει
1595 5759 1718 5822 λαὸς
1744 5763 1841 5812 οὐξι

1939 4478 2190 4544 quaedam
2254 4477 2574 4546 hujusmodi
2630 4481 2814 4536 subito
2874 4483 3133 4536 exaudita
3183 4493 3269 4538 cst
3303 4502 3315 4538 :
3348 4503 3367 4538 t
3407 4487 3518 4545 Nos

1941 4568 2382 4634 proculcatorem
2417 4572 2598 4627 crucis
2618 4572 2970 4643 Calaphatem
3004 4576 3390 4646 imperatorem
3422 4579 3519 4634 ba-

1941 4657 2070 4714 bcre
2101 4661 2381 4727 nolumus,
2409 4664 2503 4717 sed
2536 4664 2681 4719 Zoen
2715 4675 2948 4722 matrem
2984 4677 3224 4724 nostram
3252 4679 3308 4724 et
3347 4671 3519 4742 impc-

1941 4748 2008 4801 rii
2069 4752 2362 4806 lnrredem.
2429 4772 2446 4805 ι
2523 4754 2827 4811 Clamatum
2894 4759 3060 4816 etiam
3139 4763 3280 4816 inter
3348 4765 3512 4819 alia:

1945 4857 1965 4891 ι
2000 4841 2329 4898 livertantur
2357 4862 2479 4900 ossa
2507 4848 2840 4919 Calaphatae.
2865 4869 2885 4903 ›
2923 4853 3045 4909 Mox
3076 4855 3343 4925 correptis
3371 4857 3516 4912 saxis

1942 4942 1999 4986 et
2053 4935 2342 5002 quibusvis
2375 4939 2539 5009 lignis
2574 4939 2895 5009 pru'fectum
2948 4945 3105 4999 urbis
3138 4955 3372 5015 petunt;
3420 4947 3513 5017 qui

1943 5037 2162 5096 arrepta
2219 5029 2337 5100 iuga
2372 5048 2459 5084 Vix
2498 5034 2657 5088 saluti
2691 5049 2803 5088 sum
2830 5037 3118 5092 consulere
3149 5039 3346 5108 potuit.
3386 5040 3517 5095 lude

1947 5130 2216 5187 occupato
2265 5123 2467 5190 templo
2520 5126 2789 5180 conviciis
2838 5130 3070 5196 populus
3129 5130 3512 5200 imperatorem

1945 5211 2277 5276 gravissimis
2306 5213 2710 5280 proscindebat,
2750 5227 2972 5286 totoque
3001 5221 3166 5273 animi
3191 5223 3370 5276 studio
3396 5222 3517 5275 Zo.e

1948 5314 2148 5357 nomen
2190 5301 2544 5360 inclamabat.
2584 5304 2758 5374 thue
2810 5308 3168 5364 deturbarent
3225 5311 3518 5381 imperato;

1950 5407 2089 5456 rem,
2123 5394 2188 5448 ad
2225 5397 2485 5463 palatium
2517 5401 2943 5455 contendebant.
2976 5402 3026 5457 ls
3058 5418 3189 5456 vero
3217 5415 3363 5458 metu
3393 5422 3517 5474 pcr-

1947 5485 2134 5537 culsus
2189 5485 2334 5538 Zoen
2402 5488 2454 5540 in
2492 5489 2681 5557 populi
2728 5501 3084 5559 conspectum
3133 5493 3418 5546 adductam
3466 5503 3520 5548 et

1950 5579 2258 5631 monastico
2295 5577 2487 5633 habitu
2536 5590 2753 5635 exulam
2788 5583 3143 5651 imperatorio
3176 5599 3362 5638 rursus
3387 5588 3520 5640 am?-

1949 5679 2036 5723 ctu
2071 5673 2381 5724 exornavit.
2411 5673 2612 5726 Deinde
2632 5675 2695 5724 ad
2722 5674 2984 5742 pupulum
3012 5675 3275 5730 concione
3311 5676 3516 5742 habita,

1951 5779 2071 5818 tum
2137 5762 2270 5828 nihil
2331 5763 2656 5832 obtinuisset
2708 5765 2899 5832 (μηθεὶς
2942 5769 3092 5816 enim
3149 5782 3308 5829 quam
3364 5781 3514 5819 ante;-
