4198 6444
313 412 414 474 593

1567 420 1961 484 ANNALIUM
2011 421 2202 481 PARS
2246 423 2341 484 IV.

3435 418 3536 480 59$

316 527 450 592 μετὰ
479 526 595 587 ἔτος
619 527 677 579 ἓν
698 530 794 595 τῆς
829 529 990 582 αὑτοῦ
1028 529 1303 599 βασιλείας
1350 533 1541 599 φανεὶς
1606 534 1703 594 τὰς
1741 533 1867 601 μελ-

1979 549 2089 586 rum
2125 533 2293 588 fuisse
2325 531 2639 602 perhibent,
2681 531 2776 587 sed
2814 542 2990 586 tamen
3024 531 3301 586 liberalem
3337 540 3394 582 nt
3423 548 3540 584 om—

237 633 240 636 ’
313 614 510 678 λούσας
540 618 785 682 γενέσθαι
816 622 1089 686 κοσμικὰς
1124 622 1435 689 συμφοράς.
1485 622 1625 688 Ὅρα
1652 625 1758 691 γὰρ
1788 624 1868 675 ὅτι

318 706 436 773 μετ’
469 708 529 758 ού
565 708 916 771 πολὺστάσις
944 711 1001 763 ἐν
1026 711 1226 780 Σερὸίᾳ
1260 713 1470 778 γέγονε.
1528 713 1733 782 Γράφει
1779 709 1870 766 οὖν

313 798 341 848 ό
372 799 622 865 βασιλεὺς
659 800 734 867 τῷ
762 803 982 871 ἄρχοντι
1023 804 1350 873 Δυρραχίου.
1381 805 1489 856 Kal.
1522 805 1577 866 ὃς
1609 806 1870 857 ἐπισυνά-

315 888 408 948 Ea:
459 888 590 939 ὡσεὶ
626 891 873 956 χιλιάδας
919 891 960 955 ξ’
1010 893 1087 954 εἰς
1140 893 1423 962 Τριϐαλῶν
1471 894 1711 962 ἔρχεται,
1777 895 1873 946 καὶ

314 979 759 1047 ἀνεπιστημόνως
797 983 935 1034 πάνυ
969 985 1081 1044 τοῖς
1111 982 1355 1052 ιΣέρὸοις
1388 983 1712 1050 προσϐαλὼν
1739 983 1874 1034 ὡσεὶ

314 1068 558 1136 χιλιάδας
592 1087 630 1132 μ,
705 1074 850 1122 ποιεί
880 1073 1056 1123 ἐκεῖσε
1098 1075 1288 1123 πεσεῖν
1311 1073 1406 1123 καὶ
1435 1073 1772 1139 στρατηγοὺς
1802 1071 1869 1134 ζ’.

327 1159 487 1211 Ἀλλὰ
521 1162 611 1210 καὶ
649 1161 677 1210 ὸ
725 1161 1010 1229 Μανιάκης
1039 1160 1314 1230 Γεώργιος
1341 1163 1397 1213 ὲν
1437 1161 1640 1232 Ἰταλίᾳ
1667 1162 1872 1226 διάγων

316 1254 490 1322 (παρὰ
522 1256 626 1323 γὰρ
665 1256 756 1308 τοῦ
788 1257 1068 1308 Βασιλείου
1101 1259 1280 1308 ἐκεῖσε
1337 1257 1717 1325 προπεμφθεὶς
1748 1256 1874 1307 ἔτυ-

316 1351 459 1420 χεν),
502 1344 581 1402 είς
620 1344 958 1395 ἀποστασίαν
983 1347 1150 1412 χωρεῖ
1199 1345 1289 1396 καὶ
1327 1346 1395 1396 τὰ
1421 1348 1726 1413 παράσημα
1774 1342 1876 1412 τῆς

316 1431 594 1501 βασιλείας
631 1433 877 1486 ἐνδύεται
912 1435 1003 1487 καὶ
1035 1437 1116 1496 είς
1162 1434 1396 1504 Σερδίαν
1446 1435 1689 1504 ἔρχεται.
1719 1436 1872 1490 Μαν-

315 1526 463 1576 οτὶνει
493 1525 620 1593 περὶ
648 1525 843 1578 τούτου
870 1529 897 1579 ό
943 1527 1218 1594 βασιλεὺς,
1252 1530 1348 1580 καὶ
1379 1529 1452 1596 μὴ
1506 1527 1753 1597 δυνηθεὶς
1788 1527 1877 1579 διὰ

316 1619 662 1686 γραμμάτων
692 1621 1057 1686 μεταποιῆσαι
1085 1620 1268 1684 αὑτὸν,
1310 1623 1462 1690 χεῖρα
1493 1619 1716 1688 βαρεῖαν
1748 1621 1880 1671 ἀπο-

323 1707 531 1760 στέλλει
555 1707 676 1760 κατ’
714 1708 904 1762 αὐτοῦ·
945 1712 1194 1780 ποδάγρα
1225 1715 1330 1779 γὰρ
1373 1715 1401 1764 ό
1432 1712 1686 1781 βασιλεὺς
1722 1728 1877 1763 συνε-

315 1803 544 1872 χόμενος
593 1799 688 1858 καὶ
735 1806 885 1874 παρὰ
928 1805 1165 1873 δεμνίοις
1209 1806 1436 1866 ἁπαλοῖς
1489 1804 1762 1871 κείμενοι,
1809 1803 1875 1854 δι’

1971 639 2070 678 nes
2097 624 2452 693 benignitatis
2483 623 2657 691 ipsius
2691 623 2930 678 fructum
2970 623 3333 692 perciperent.
3391 623 3536 673 (Jon-

1971 726 2194 784 spectns
2227 724 2312 769 est
2366 716 2420 770 id
2480 716 2745 785 temporis
2792 725 3026 778 cometa,
3075 715 3166 782 qui
3215 715 3283 767 ab
3327 716 3540 768 oriente

1971 818 2167 860 versus
2217 805 2564 860 occidentem
2617 814 2766 859 motu
2825 819 2924 858 suo
2968 803 3249 857 ferebatur
3316 812 3539 870 totoque

1973 913 2160 951 mense
2208 898 2446 960 lucebat,
2491 898 2665 952 altero
2709 906 2833 966 post
2884 896 3076 949 initum
3121 911 3149 948 a
3185 895 3539 948 Monomacho

1972 988 2261 1057 imperium
2315 1004 2481 1042 anno.
2545 989 2917 1043 Portendebat
2965 997 3146 1041 autem
3199 988 3537 1040 calamitates

1976 1078 2098 1132 illas
2143 1078 2358 1144 mundi,
2395 1093 2516 1147 qua:
2549 1088 2680 1133 tunc
2727 1078 3108 1131 imminebant.
3169 1077 3382 1145 Quippe
3429 1092 3536 1129 non

1975 1170 2046 1224 ita
2099 1171 2272 1224 multo
2320 1180 2446 1239 post
2495 1170 2548 1223 in
2611 1170 2797 1223 Set-via
2850 1170 3049 1222 seditio
3095 1170 3361 1223 concitata
3415 1169 3538 1226 fuit.

1973 1261 2128 1329 cujus
2170 1261 2585 1330 compescendae
2647 1262 2818 1330 gratia
2870 1261 3082 1315 litteras
3132 1261 3428 1328 imperator
3468 1261 3534 1312 ad

1975 1351 2297 1418 Dyrrhachii
2340 1353 2627 1420 praesidem
2659 1352 2831 1405 dedit.
2903 1351 2972 1404 Iis
3012 1353 3252 1416 acceptis
3280 1351 3369 1403 illc
3403 1352 3544 1404 mili-

1976 1451 2090 1496 tum
2120 1444 2184 1496 ad
2211 1447 2487 1514 sexaginta
2509 1443 2680 1497 millia
2704 1443 2873 1513 cogit,
2906 1454 2960 1496 et
2989 1458 3112 1495 cum
3144 1442 3249 1495 illis
3275 1442 3546 1494 Triballo-

1976 1548 2096 1586 rnm
2148 1535 2424 1603 regionem
2473 1536 2762 1604 ingressus
2813 1536 3145 1602 Serviosque
3181 1548 3370 1600 parum
3409 1549 3541 1600 pru-

1977 1625 2170 1679 denter
2209 1626 2432 1679 adortus
2463 1626 2820 1695 quadraginta
2867 1625 3151 1678 hominum
3203 1623 3370 1676 millia
3413 1638 3539 1676 cum

1977 1727 2182 1784 Septem
2211 1717 2440 1770 ducibus
2465 1717 2686 1769 amittit.
2742 1717 3009 1770 Praeterea
3035 1713 3302 1783 Georgius
3328 1713 3539 1766 Mania-

1977 1822 2089 1863 eos.
2127 1807 2219 1875 qui
2267 1807 2496 1875 degebat
2547 1808 2598 1859 in
2639 1807 2811 1862 Italia.
2851 1804 3051 1860 missus
3101 1821 3168 1858 eo
3205 1805 3533 1873 jampridem

318 1891 514 1945 ἑαυτοῦ
546 1896 658 1956 τοῖς
687 1895 950 1956 τοιούτοις
1007 1895 1337 1962 ἐφίστασθαι
1370 1899 1468 1948 οὐκ
1493 1878 1747 1964 ἠδύνατο.
1775 1897 1873 1950 Πό-

1983 1900 2050 1950 ab
2106 1899 2436 1967 imperatore
2476 1900 2696 1964 Basilio,
2751 1899 3116 1952 defectionem
3153 1900 3374 1953 molitus
3407 1909 3529 1962 est;

314 1983 371 2034 λε
382 2000 481 2051 μσς
510 1984 606 2037 οὖν
631 1987 689 2038 ὲν
715 1986 793 2054 τῷ
835 1987 1106 2058 Ὀστροδῴ
1132 1986 1538 2056 συγκροτεῖται.
1576 1993 1672 2044 καὶ
1698 1993 1877 2058 αἰφνί-

316 2076 436 2129 διον
467 2077 653 2130 πίπτει
686 2078 780 2130 τοῦ
813 2080 984 2131 ἵππου
1024 2083 1050 2131 ό
1078 2081 1387 2147 Μανιάκης,
1420 2081 1588 2133 πολλὰ
1610 2082 1879 2152 πρότερον

314 2161 409 2218 τοῦ
444 2167 678 2237 στρατοῦ
713 2170 1086 2238 κατατρέχων.
1135 2171 1405 2239 Τέμνεται
1462 2170 1562 2240 τὴν
1611 2172 1880 2240 κεφαλήν.

1982 2006 2047 2044 ac
2107 1991 2344 2060 sumptis
2397 1991 2704 2058 insignibus
2762 1988 2979 2060 imperii
3029 2003 3092 2044 ao
3147 1989 3370 2044 Servios
3420 2005 3540 2045 sese

1978 2081 2229 2137 contulit.
2259 2081 2357 2136 His
2387 2082 2552 2136 rebus
2591 2082 2822 2152 cognitis
2865 2082 3183 2151 imperator,
3215 2080 3309 2153 qni
3348 2084 3549 2137 litteris

1983 2174 2049 2228 ad
2093 2173 2392 2227 Maniacem
2440 2174 2765 2242 perscriptis
2816 2173 2883 2227 ab
2916 2173 3172 2228 instituto
3218 2190 3325 2228 non
3363 2184 3550 2242 posset

316 2257 407 2327 Τῷ
439 2257 650 2328 βασιλεῖ
674 2261 976 2327 στέλλεται,
1007 2265 1098 2314 καὶ
1151 2263 1322 2331 μέγας
1361 2262 1451 2315 ἐπὶ
1483 2262 1656 2334 τούτῳ
1684 2263 1873 2332 θρίαμ-

1984 2266 2264 2319 hominem
2297 2274 2571 2329 avertere,
2600 2264 2834 2318 validam
2879 2279 3098 2320 manum
3128 2266 3390 2319 adversus
3422 2280 3546 2318 eum

333 2351 422 2412 ίος
447 2350 678 2418 γίνεται.

1989 2357 2166 2412 misit.
2196 2355 2407 2411 Etenim
2436 2343 2728 2426 imperator
2773 2355 3027 2427 podagra:
3056 2355 3247 2409 morbo
3283 2354 3550 2424 praepedi-

323 2456 410 2496 tus
446 2452 500 2497 et
548 2445 689 2498 lecto
722 2445 916 2500 a'ﬁxus
947 2445 1108 2500 rebus
1149 2444 1301 2501 hisce
1345 2447 1601 2517 gerendis
1645 2447 1875 2516 ipsemet
1917 2449 2109 2504 adesse
2138 2464 2249 2505 non
2294 2456 2532 2518 poterat.
2582 2448 2851 2503 Conserto
2899 2457 3082 2502 autem
3153 2447 3219 2500 ad
3289 2447 3548 2502 Strobum

317 2539 503 2608 praelio
533 2539 803 2593 Maniaces
858 2554 923 2592 ex
992 2553 1135 2607 equo
1169 2541 1352 2594 subito
1398 2540 1585 2608 lapsus
1614 2552 1715 2604 est,
1762 2552 1816 2595 et
1853 2542 1943 2610 qui
1981 2550 2142 2595 antea
2177 2543 2358 2610 copias
2395 2540 2621 2594 hostiles
2654 2550 2989 2609 pervaserat,
3019 2539 3196 2608 capite
3229 2546 3548 2606 truncatus;

317 2635 461 2702 quod
505 2633 824 2701 imperatori
864 2647 988 2686 cum
1031 2632 1256 2685 missum
1288 2631 1515 2694 fuisset,
1557 2647 1785 2700 magnus
1813 2646 1879 2685 eo
1918 2632 2112 2686 nuntio
2141 2630 2455 2699 triumphus
2494 2630 2779 2684 institutus
2811 2637 2914 2683 est.

387 2725 549 2776 Ἀλλὰ
580 2719 675 2775 καὶ
711 2722 964 2788 Θεόφιλος
1008 2724 1036 2773 ὀ
1083 2721 1380 2792 Ἐρωτικὸς
1435 2721 1757 2789 στρατηγῶν
1818 2722 1875 2772 ἐν

295 2813 553 2884 Κύπρῳ,
612 2815 707 2866 καὶ
760 2812 945 2880 μαθὼν
981 2813 1048 2864 τὰ
1083 2813 1212 2882 περὶ
1267 2812 1358 2865 τον
1401 2813 1737 2881 Καλαφάτην
1783 2815 1879 2865 καὶ

318 2907 402 2958 ὅτι
450 2904 713 2972 σύγχυσιν
763 2901 874 2970 ἔχει
920 2901 989 2953 τὰ
1037 2902 1358 2972 πράγματα,
1411 2902 1537 2963 τοὺς
1599 2900 1881 2971 Κυπρίους

319 2993 628 3047 ύπανάπτει
661 2992 754 3045 καὶ
797 2993 878 3052 είς
924 2991 1269 3043 ἀποστισίαν
1299 2993 1486 3059 χωρεῖ.
1551 2989 1692 3042 Ἀλλ’
1732 2993 1758 3041 ό
1791 2989 1886 3058 βα-

322 3089 503 3149 σιλεὺς
533 3084 856 3145 ἀποστείλας
889 3084 1169 3154 χειροῦται
1223 3083 1410 3142 αὐτὸν,
1475 3085 1568 3135 καὶ
1618 3085 1676 3132 ὲν
1721 3083 1883 3132 ίππο-

2042 2719 2233 2773 ltidem
2267 2719 2606 2787 Theophilus
2636 2719 2912 2780 Eroticus.
2939 2727 3157 2788 praetor
3189 2717 3381 2788 Cypri,
3424 2732 3548 2772 eum

1977 2825 2042 2864 ea
2104 2810 2394 2864 didicisset
2443 2825 2565 2879 qua:
2611 2807 2922 2879 Calaphata:
2972 2810 3310 2875 acciderant,
3352 2825 3552 2880 resque

1976 2899 2130 2969 Cpoli
2167 2915 2272 2954 non
2307 2915 2502 2968 parum
2541 2900 2745 2954 habere
2776 2901 3059 2954 turbarum
3088 2900 3452 2971 cognovisss‘t.
3482 2898 3572 2952 ad‘

1988 2991 2319 3045 scdiliorwm
2369 2991 2599 3062 Cyprios
2667 2991 3144 3060 defectionemqne
3212 2990 3554 3045 sollicitando

1992 3083 2254 3151 perpulit.
2319 3083 2755 3152 Adversuseum
2792 3083 2959 3137 misso
2984 3084 3281 3152 imperator
3303 3084 3551 3137 exercitu

321 3179 522 3246 δρομίᾳ
567 3177 946 3246 Θριαμὸεύσας
1006 3175 1196 3242 στολὴν
1244 3174 1590 3238 ἐνδεδυμένον
1643 3173 1873 3241 θήλειαν.

1992 3176 2173 3226 vivum
2208 3174 2486 3228 hominem
2519 3175 2687 3243 cepit,
2733 3183 2786 3228 et
2831 3175 2935 3230 sub
2971 3175 3232 3244 triumphi
3286 3175 3464 3244 specie
3499 3175 3551 3227 in
3597 3180 3606 3192 '

320 3269 415 3321 καὶ
448 3269 666 3321 πάντων
692 3265 957 3334 ψιλώσας,
996 3264 1251 3316 ἀπέλυσε.
1287 3264 1360 3314 Τό
1374 3280 1419 3315 τε
1453 3264 1539 3331 δὴ,
1591 3265 1709 3315 τότε
1738 3265 1830 3314 καὶ
1855 3265 1881 3314 ὁ

320 3357 668 3427 τατριάρχης
703 3355 943 3419 Ἀλέξιος
967 3353 1230 3407 καταλύει
1259 3354 1350 3406 τὸν
1392 3353 1526 3423 βίον,
1559 3352 1885 3417 ἀναδιδάξε-

320 3469 410 3503 ut
448 3451 504 3502 δὲ
556 3448 867 3502 ἀντάύτοῦ
931 3445 1149 3516 Μιχαὴλ
1204 3448 1231 3499 ὁ
1285 3446 1673 3516 Κηρουλάρης,
1721 3461 1885 3514 μονα-

321 3544 411 3611 χδς
444 3540 539 3595 ὢν.

393 3721 550 3774 Κατὰ
581 3720 771 3772 τοῦτον
804 3719 868 3790 δὴ
901 3718 996 3771 τὸν
1030 3718 1223 3789 καιρὸν
1259 3719 1352 3771 καὶ
1377 3718 1426 3771 οί
1455 3715 1686 3783 Σκύθαι,
1736 3715 1884 3770 τοῦτ’

323 3814 473 3871 ἔστιν
509 3815 557 3866 oi
596 3813 818 3874 Ῥωσοὶ,
851 3812 941 3864 διά
973 3827 1093 3863 τινα
1157 3811 1362 3879 μικρὰν
1419 3811 1694 3879 πρόφασιν
1745 3809 1886 3862 κατὰ

321 3907 424 3974 τῆς
471 3903 743 3975 βασιλίδος
781 3902 997 3972 ὁρμῶσι
1049 3902 1222 3970 στόλῳ
1282 3902 1462 3971 βαρεῖ.
1503 3902 1613 3954 Καὶ
1649 3903 1677 3955 ὁ
1730 3901 1886 3971 βασι-

321 3998 446 4060 λεὺς
484 3994 805 4057 ὑπαντιάζει
843 3993 1028 4053 αὐτοῖς
1057 3992 1114 4044 ἐν
1141 4009 1205 4059 γε
1237 3992 1315 4061 τῷ
1345 3992 1518 4061 φόρῳ,
1559 3991 1654 4044 καὶ
1679 3992 1728 4044 oi
1754 4008 1886 4061 τρα-

321 4092 514 4149 πέντες
540 4086 995 4155 ἐπαλινόστησαν,
1031 4086 1309 4153 συμὸολῆς
1349 4083 1648 4151 γενομένης
1682 4082 1884 4134 πλοίων

322 4178 705 4240 κατεαγέντων
747 4176 841 4228 καὶ
876 4174 1008 4225 ὡσεὶ
1038 4173 1273 4241 χιλιάδες
1302 4172 1602 4224 δεκαπέντε
1630 4175 1758 4242 περὶ
1786 4171 1886 4240 τὴν

323 4273 427 4336 γῆν
449 4269 882 4338 ἐκϐρασθέντων,
914 4267 962 4339 εἰ,
995 4265 1087 4317 καὶ
1113 4267 1254 4317 κατά
1279 4281 1402 4315 τινα
1434 4263 1883 4334 κόλποντριήρεις

332 4358 951 4431 Ῥωμαῖκαὶδώκουσιι
988 4358 1056 4413 τὰ
1082 4357 1223 4408 αὐτὰ.
1247 4354 1574 4421 πεπόνθασι,
1610 4354 1702 4407 τὸν
1729 4354 1886 4424 ἀριθ-

328 4457 425 4523 μ“.ν
453 4461 501 4508 κ’
537 4456 632 4509 καὶ
650 4450 698 4506 δ’
726 4448 908 4506 οὖσαι.

404 4729 493 4780 Ἐν
527 4726 637 4778 ἔτει
690 4726 894 4794 ,ςφνβ¹,
930 4726 1061 4797 μηνὶ
1097 4725 1332 4793 Μαρτίῳ
1360 4724 1452 4788 .θ’,
1501 4723 1818 4792 βουλεύεται
1859 4726 1888 4777 ὁ

322 4817 582 4885 βασιλεὺς
613 4816 868 4868 ἀπελθεῖν
909 4815 988 4874 είς
1038 4813 1407 4883 προσκύνησιν
1465 4814 1575 4865 τῶν
1610 4814 1780 4881 ἁγίων
1811 4813 1884 4882 μ’.

321 4907 536 4958 Γίνεται
567 4900 660 4957 οὗν
689 4905 928 4972 δημοσία
987 4901 1315 4971 προπομπὴ.
1370 4901 1590 4970 ἔρχεται
1621 4903 1750 4968 περὶ
1796 4901 1888 4951 τὸν

316 4999 555 5067 Χριστὶν
591 4997 684 5050 τὸν
739 4995 995 5065 χαλκοῦν.
1067 4995 1176 5045 Καὶ
1245 4992 1547 5062 τηνικαῦτα
1589 4991 1649 5042 τὸ
1679 4990 1888 5059 πλῆθος

318 5095 402 5152 εἰς
429 5089 770 5143 ἀποστασίαν
824 5089 1025 5156 χωρεῖ’
1069 5087 1220 5154 φωνὴ
1261 5086 1369 5154 γὶρ
1406 5086 1469 5136 ὲκ
1513 5085 1680 5151 μέσου
1718 5081 1885 5136 αὑτοῦ

320 5180 550 5250 ἐξεχύθη
590 5179 858 5246 λέγουσα’
900 5195 920 5228 ε
974 5177 1168 5244 Ἡμεῖς
1208 5175 1304 5246 τὴν
1347 5175 1689 5245 Σκλήραιναν
1729 5174 1888 5244 βασί-

317 5275 514 5326 λισσαν
543 5271 605 5325 ού
654 5270 910 5339 θέλομεν,
937 5269 1060 5322 οὑδὲ
1093 5268 1161 5321 δι’
1185 5269 1357 5336 αὐτὴν
1392 5268 1446 5319 αἱ
1483 5269 1682 5337 μάνναι
1726 5267 1886 5338 ἡμῶν

316 5363 374 5415 αἱ
410 5360 913 5430 πορφυρογέννητοι
941 5358 1062 5427 Ζωὴ
1086 5360 1177 5409 καὶ
1197 5359 1231 5426 ή
1257 5356 1507 5423 Θεοδώρα
1535 5357 1879 5410 οανοῦνται.»

314 5453 605 5523 Ταραχοὲν
653 5451 748 5505 οὖν
811 5453 909 5503 ἐπὶ
961 5450 1124 5503 πλέον
1170 5450 1230 5502 τὸ
1290 5449 1492 5519 πλῆθος
1567 5449 1752 5516 ἐζήτει
1793 5449 1884 5501 τὸν

319 5545 548 5615 βασιλέα
605 5544 1068 5614 διαχειρίσισεηι,
1119 5543 1215 5597 καὶ
1285 5541 1483 5611 φθόρος
1545 5541 1612 5594 ἂν
1681 5541 1886 5603 εὐθέως

320 5637 424 5688 οὐκ
458 5634 640 5700 ὀλίγος
679 5635 944 5702 ἐγεγόνει,
981 5637 1029 5687 εἰ
1063 5636 1137 5703 μή
1182 5650 1244 5701 γε
1285 5633 1636 5703 προκύψασαι
1673 5633 1883 5686 ἀνωθεν

317 5727 377 5779 αἱ
417 5725 726 5795 βασίλισσαι
758 5727 856 5793 τὴν
887 5714 986 5777 τού
1042 5725 1282 5792 πλήθους
1336 5724 1508 5793 ὀργὴν
1558 5725 1884 5794 κατεστόρεο

319 5835 441 5877 σαν.
488 5818 606 5887 Ἐφ’
646 5811 687 5886 ᾧ
719 5819 806 5872 καλ
847 5819 1044 5873 ἀκωνὸ
1069 5817 1320 5885 βασιλεὺς
1349 5819 1406 5866 ἐν
1437 5817 1723 5885 βασιλείοις
1755 5820 1882 5873 ὑπο-

1989 3267 2136 3319 circo
2160 3265 2409 3325 due'um.
2438 3266 2692 3318 muliebri
2740 3266 2943 3319 amictu
2988 3265 3262 3330 indutum,
3299 3267 3556 3319 omnibus

1989 3355 2229 3424 denique
2262 3355 2618 3409 facultatibus
2667 3355 2930 3408 nudatum
2980 3356 3208 3409 dimisit.
3273 3355 3387 3408 lloc
3422 3364 3558 3408 tem-

1989 3463 2122 3516 pore
2158 3447 2382 3500 Alcxius
2410 3447 2717 3515 patriarcha
2751 3456 2958 3500 natura:
2993 3446 3235 3500 debitum
3270 3447 3554 3515 persolvit.

1991 3540 2044 3592 in
2080 3539 2236 3603 cujus
2268 3539 2446 3591 locum
2487 3537 2784 3592 Michaelus
2817 3549 3181 3609 cognomento
3216 3536 3554 3599 Cerularius,

1989 3630 2246 3685 solitaria:
2271 3629 2398 3683 vitae
2427 3637 2685 3693 sectator,
2724 3637 2808 3683 est
2833 3629 3184 3682 substitutus.

2063 3721 2175 3774 Sub
2225 3719 2420 3773 eodem
2477 3719 2815 3789 imperatore
2872 3718 3086 3789 Scythae
3152 3733 3406 3788 quoque,
3463 3719 3556 3787 qui

1991 3813 2148 3868 Rossi
2206 3821 2357 3873 sunt,
2414 3810 2488 3892 de.
2538 3811 2834 3881 perexigua
2880 3824 3014 3865 sane
3044 3810 3330 3864 occasione
3362 3823 3558 3878 magna

1992 3905 2164 3960 classe
2194 3903 2388 3958 urbem
2423 3903 2838 3973 imperatoriam
2865 3901 3042 3956 adorti
3075 3910 3224 3957 sunt.
3265 3901 3357 3955 Eis
3388 3901 3561 3969 impe-

1993 4005 2142 4050 rator
2179 3996 2234 4050 in
2264 3994 2385 4049 foro
2416 4009 2543 4050 cum
2572 3995 2928 4060 occurrisset,
2983 3993 3038 4048 in
3091 3992 3275 4062 fugam
3325 3991 3558 4061 coniecti
3589 4017 3593 4021 -

1993 4085 2152 4140 Rossi
2188 4100 2340 4140 suam
2369 4085 2422 4138 in
2452 4084 2681 4154 patriam
2710 4093 3086 4139 reverterunt.
3117 4082 3333 4138 Etenim
3353 4082 3405 4135 in
3431 4096 3561 4135 con-
3587 4089 3593 4094 '

1990 4175 2138 4230 ﬂictu
2170 4191 2359 4235 eorum
2382 4191 2505 4230 cum
2532 4176 2797 4231 Romanis
2824 4191 2991 4231 naves
3016 4175 3220 4230 fractas
3251 4175 3393 4228 haud
3431 4189 3562 4242 pau-

1992 4283 2085 4335 cas
2140 4285 2247 4323 una
2290 4284 2412 4323 cum
2461 4268 2776 4337 quindecim
2824 4267 2939 4322 fere
2979 4267 3220 4320 millibus
3275 4267 3557 4320 hominum

1992 4359 2312 4413 amiserant.
2363 4358 2511 4412 idem
2537 4366 2716 4411 tamen
2751 4356 3078 4412 incommodi
3109 4356 3367 4410 Romanis
3391 4356 3558 4410 etiam

1995 4449 2586 4514 triremibus,numero
2606 4447 2798 4518 viginti
2819 4457 3075 4518 quatuor,
3103 4447 3156 4501 in
3177 4448 3296 4502 sinu
3323 4447 3556 4512 quodam

1923 4543 1965 4596 Ι)
1995 4541 2164 4596 maris
2213 4541 2440 4606 accidit,
2479 4540 2610 4595 dum
2659 4539 2876 4610 navigia
2929 4539 3230 4595 Bessorum
3287 4539 3563 4593 incautius

1994 4638 2424 4701 persequuntur.

2057 4720 2222 4790 320
2247 4721 2406 4774 Anno
2444 4719 2633 4773 mundi
2668 4719 2830 4783 6552,
2864 4719 2929 4774 ad
2961 4719 3106 4774 diem
3142 4719 3434 4789 septimum
3478 4719 3559 4773 Id.

1988 4812 2152 4866 Mart.
2189 4814 2488 4889 imperator
2523 4829 2625 4868 suo
2659 4813 2899 4882 quodam
2951 4813 3184 4867 consilio
3208 4812 3563 4880 supplicatio-

1987 4904 2076 4958 nis
2126 4917 2290 4958 causa
2347 4903 2428 4958 ire
2476 4904 2722 4959 decrevit
2757 4904 2824 4958 ad
2859 4914 3172 4958 sanctorum
3204 4905 3564 4972 quadraginta

1988 5005 2286 5066 martyrum
2315 4995 2507 5049 :rdem.
2561 4996 2638 5048 Eo
2680 4995 2898 5049 nomine
2940 4995 3156 5064 publica
3213 4996 3564 5063 processione

1989 5086 2262 5149 instituta,
2312 5101 2434 5141 cum
2492 5087 2559 5140 ad
2617 5085 2822 5141 Christi
2880 5086 3166 5154 templum.
3204 5085 3346 5154 quod
3390 5095 3475 5139 est
3506 5087 3560 5138 io

1990 5178 2213 5242 Chalce,
2248 5178 2612 5246 pervenisset,
2646 5177 2879 5246 populus
2925 5178 3250 5232 seditionem
3283 5176 3564 5231 concitare

1991 5268 2182 5336 erepit.
2214 5268 2527 5338 Auditaque
2556 5283 2660 5322 vox
2692 5278 2776 5323 est
2802 5268 2871 5323 de
2903 5269 3081 5324 media
3117 5268 3273 5339 plebe
3301 5284 3421 5338 qua:
3457 5269 3562 5322 hu-

1982 5359 2220 5429 jusmodi
2256 5360 2422 5414 verba
2453 5359 2722 5429 proferret
2751 5377 2764 5413 :
2791 5359 2932 5415 «Nos
2967 5361 3294 5416 Sclerzenam
3331 5361 3566 5429 impera-

1989 5451 2178 5505 tricem
2210 5465 2318 5506 non
2342 5449 2718 5514 tolerabimus,
2746 5465 2924 5520 neque
2962 5459 3165 5504 matres
3189 5460 3403 5502 nostras
3428 5465 3561 5518 pur-

1987 5545 2300 5612 purigenas,
2339 5524 2488 5596 Zoen
2520 5557 2585 5596 ac
2615 5541 2984 5606 Theodoram,
3011 5541 3130 5611 ejus
3160 5556 3324 5596 causa
3375 5540 3558 5593 necari

1989 5638 2315 5704 patiemur.»
2370 5635 2483 5691 lloc
2533 5637 2697 5692 modo
2732 5636 2966 5692 tumultu
3016 5637 3070 5690 in
3116 5636 3272 5706 plebe
3322 5636 3560 5689 maximo

1987 5728 2275 5791 concitato,
2321 5729 2386 5782 ad
2421 5744 2611 5784 necem
2665 5729 2967 5798 imperator
3012 5729 3428 5799 deposcebatur.
3492 5727 3567 5788 Et.

1988 5829 2172 5873 secula
2200 5837 2326 5875 sane
2352 5837 2472 5876 mox
2509 5822 2700 5877 (uisset.
2727 5822 3006 5876 hominum
3040 5821 3218 5879 caedes
3253 5819 3392 5874 haud
3443 5820 3556 5883 exi,-
