4198 6444
254 375 353 440 θοι

1487 370 1890 432 ΑΝΝΑΙΑΙῙΜ
1931 371 2015 430 ΓΑ
2030 371 2118 430 R5
2165 372 2258 431 IV.

3377 372 3486 434 609.

254 490 352 540 οὐκ
385 487 598 558 ἢθελεν,
636 487 719 555 ἐφ’
747 480 790 553 ᾧ
838 487 930 540 καὶ
980 487 1153 555 ἄρδην
1195 485 1512 540 ἀπόλλυται.
1561 487 1694 538 Ὑπὸ
1733 489 1824 538 τὸν

1927 487 2173 556 quaedam
2229 485 2584 540 Patzinacicre
2635 485 2815 555 gentis
2870 500 3064 540 manus
3112 485 3241 539 dare
3298 487 3493 548 noluit,

260 581 515 644 Λιϐιτζὸν
540 581 596 635 δὲ
634 583 825 650 σκηνοί
859 582 887 631 ὁ
913 579 1190 648 βασιλεὺς,
1224 580 1318 633 καὶ
1349 580 1506 632 ὑετοῦ
1539 580 1634 632 καὶ
1675 594 1824 645 νιφε-

255 672 348 726 τ-σῦ
379 672 575 725 πολλοῦ
599 673 1043 744 καταρραγέντος
1073 673 1205 741 μηνὶ
1233 671 1614 740 Σεπτεμϐρίῳ,
1636 670 1823 739 ἡμέρα

254 761 354 828 τῆς
416 760 882 831 πρωτομάρτυρος
935 758 1172 828 Θέκληςς
1218 759 1384 820 πολὺς
1443 758 1536 810 τοῦ
1589 756 1822 826 στρατοῦ

256 856 443 918 γέγονε
474 851 693 921 φθόρος.
737 850 800 904 ’0
829 851 885 903 δὲ
930 850 1186 921 βασιλεὺς
1216 850 1320 902 ὑπὸ
1354 847 1484 919 δρῦν
1530 850 1660 918 ἔστη
1700 848 1823 900 τινὰ

257 944 467 1011 σκέπης
500 944 706 1007 ἕνεκεν,
743 943 864 1011 μετ’
891 943 950 995 οὐ
999 943 1133 995 πολὺ
1165 943 1220 995 δὲ
1253 942 1394 1010 ὴχῆς
1425 925 1730 1011 γενομένης
1755 943 1818 993 ὲκ

254 1036 351 1103 τῆς
403 1035 560 1105 δρυὸς
612 1035 825 1104 πρόεισι
887 1034 1084 1103 μικρὸν
1131 1033 1160 1084 ὁ
1211 1031 1464 1103 βασιλεὺς
1511 1030 1584 1092 ὡς
1623 1031 1698 1100 μὴ
1744 1029 1820 1098 τῷ

259 1128 424 1192 μῆκει
471 1126 673 1195 ταύτης
721 1123 1262 1195 καταλαμϐάνεσθαι,
1291 1123 1388 1174 καὶ
1427 1121 1638 1191 ῥιζόθεν
1682 1121 1821 1190 αὐτὴ

256 1214 667 1268 άνασπσσθεῖσα
720 1215 889 1268 ὑπτία
925 1217 992 1284 τῇ
1043 1216 1112 1282 γῇ
1144 1212 1496 1266 καταπίπτει.
1532 1211 1694 1263 Ὅθεν
1740 1214 1824 1261 ὲνο

256 1305 373 1366 ν-δς
401 1309 427 1357 ὀ
453 1307 707 1371 βασιλεὺς
739 1306 983 1375 γέγονεν,
1019 1305 1143 1358 ίδὼν
1175 1304 1300 1358 ὅθεν
1324 1301 1588 1375 ὲρῤύσθη.
1626 1296 1735 1353 ἾΙν
1763 1301 1821 1354 δὲ

253 1395 356 1447 οὐκ
409 1398 611 1463 ἀγαθὸς
660 1397 850 1459 οίωνδς
898 1396 960 1448 τὸ
1007 1394 1244 1465 συμϐάν,
1285 1393 1570 1464 προοίμιον
1613 1391 1673 1444 δι
1711 1391 1822 1443 τῶν

255 1486 786 1558 ὲπισυμϐησομένων
819 1487 991 1558 αὐτῷ.

1927 592 2104 647 caque
2163 579 2464 646 pertinacia
2517 590 2615 632 sua
2669 588 2964 633 consecuta
3001 579 3104 632 fuit
3159 588 3218 631 ut
3271 595 3493 646 prorsus

1926 669 2360 722 exscinderetur.
2402 668 2537 722 llinc
2569 669 2899 739 imperatore
2931 669 3033 723 sub
3071 669 3286 722 Libitzn
3317 681 3492 722 castra

1923 755 2160 820 locante,
2184 771 2308 810 cum
2337 757 2531 824 pluviae
2557 758 2817 828 nivesque
2845 758 3234 812 delaberentur
3261 755 3495 826 inexpli—

1924 847 2085 900 cabili
2139 862 2263 900 cum
2315 848 2544 915 impetu,
2581 849 2745 918 idque
2799 848 3109 918 Septembri
3151 863 3360 911 mense,
3405 849 3494 901 dzc

1927 938 2144 993 Theclze
2168 949 2468 1009 martyrum
2496 939 2782 1008 principis,
2807 941 2999 1008 ingens
3019 941 3282 994 exercitui
3312 940 3496 994 clades

1927 1038 1982 1083 et
2011 1029 2271 1082 interitus
2301 1029 2521 1083 accidit.
2551 1027 2801 1098 Cumque
2831 1030 3046 1099 tegendi
3083 1030 3167 1084 sui
3195 1045 3359 1085 causa
3391 1030 3495 1082 sub

1926 1133 2130 1188 quercu
2172 1119 2474 1188 imperator
2501 1119 2847 1180 subsisteret,
2883 1135 2992 1173 non
3029 1121 3201 1174 multo
3233 1130 3355 1190 post
3395 1137 3492 1172 νοτ

1930 1208 2176 1277 quaedam
2204 1223 2236 1263 e
2263 1223 2468 1276 quercu
2504 1207 2606 1262 fuit
2634 1209 2924 1275 exaudita;
2957 1225 3064 1280 qua
3097 1221 3350 1280 percepta
3381 1219 3500 1265 tan-

1931 1309 2046 1355 tum
2101 1298 2227 1352 inde
2262 1299 2366 1351 fuit
2410 1297 2712 1369 digressus,
2743 1311 3011 1369 quantum
3050 1301 3186 1356 satis
3233 1311 3382 1356 esset
3427 1302 3494 1354 ad

1925 1389 2238 1444 evitandam
2275 1389 2423 1442 illius
2456 1389 2877 1458 longitudinem,
2903 1407 2969 1444 ne
3014 1391 3083 1445 ab
3113 1407 3175 1446 ea
3207 1393 3493 1462 continge-

1929 1489 2098 1534 retur.
2129 1479 2209 1532 Eo
2253 1479 2396 1533 facto
2427 1479 2692 1534 radicitus
2727 1483 2912 1536 evulsa
2945 1482 2998 1536 in
3053 1492 3254 1537 terram
3301 1485 3496 1552 supina

251 1578 805 1648 corruit.lmperator
828 1579 1020 1634 videns
1043 1586 1251 1647 quanto
1314 1575 1562 1645 periculo
1626 1575 1891 1629 liberatus
1928 1580 2098 1636 esset,
2138 1571 2218 1624 rei
2258 1571 2498 1624 novitate
2541 1571 2829 1639 perculsus
2874 1571 3182 1639 obmutuit;
3216 1584 3272 1628 et
3304 1588 3492 1628 revera

251 1671 611 1740 portendebat
655 1669 954 1724 infaustum
1003 1669 1214 1740 aliquid
1268 1667 1372 1723 hoc
1433 1667 1610 1736 ipsum
1669 1663 1816 1734 quod
1891 1661 2191 1726 acciderat,
2244 1659 2461 1714 initium
2546 1660 2758 1715 scilicet
2805 1676 3002 1716 eorum
3049 1664 3322 1717 exsistens
3373 1677 3498 1734 quae

250 1759 352 1829 ipsi
387 1770 651 1814 eventura
683 1769 860 1813 erant.

317 1850 470 1903 Min
499 1849 554 1902 δὲ
599 1848 775 1902 ταῦτα
827 1849 1176 1918 κυνηγεσίοις
1226 1847 1644 1917 ἐψυχαγωγείτο
1689 1845 1820 1914 ’περὶ⁵

1993 1840 2157 1912 324
2184 1821 2490 1896 Recreabat
2527 1849 2710 1896 autem
2751 1843 2819 1897 ab
2855 1857 2921 1896 eo
2958 1855 3206 1914 tempore
3233 1862 3293 1900 se
3333 1863 3496 1901 vena-

245 1941 417 2006 αὖτὴν
471 1941 569 2010 τὴν
608 1940 901 1995 Νεάποὶιν.
928 1941 1062 2010 Περὶ
1115 1941 1172 1993 δὲ
1229 1939 1379 2006 ὥραν
1428 1938 1655 2009 ἀρίστου
1702 1939 1819 2006 φῶς

245 2031 664 2102 άστραπηϐολον
690 2034 800 2095 τοῖς
832 2034 1019 2094 τόποις
1047 2032 1276 2094 ἐκείνοις
1301 2031 1589 2100 ἐνέσκηψε.
1623 2033 1821 2100 Χοῖρος

245 2122 302 2175 δέ
355 2123 518 2175 ποθεν
573 2123 760 2191 φανεὶς
790 2125 874 2192 ἐφ’
907 2123 1099 2176 ἑαυτὸν
1149 2123 1238 2176 τὸν
1285 2122 1512 2192 βασιλέα
1556 2122 1821 2176 ἐπεκαλέ-

247 2228 412 2266 σατο⁶
443 2214 500 2266 ὃν
528 2214 837 2268 ἐπιδιώκων
864 2215 894 2265 ὁ
934 2213 1190 2282 βασιλεὺς
1225 2214 1354 2284 ἄχρι
1399 2213 1494 2267 καὶ
1540 2213 1818 2282 θαλάσσης

239 2302 564 2372 ἐξήλαυνεν.
604 2306 692 2369 Ὠς
725 2305 819 2358 οὖν
866 2307 892 2358 ὁ
938 2307 1120 2375 χοῖρος
1169 2305 1266 2375 τὴν
1321 2305 1596 2359 Θάλασσαν
1639 2307 1820 2370 είσδὺς

248 2395 462 2466 ἀφανὴς
493 2396 730 2464 ἐγένετο,
760 2399 788 2449 ὁ
825 2396 1079 2466 βασιλεὺς
1115 2397 1276 2460 εὐθὺς
1303 2399 1382 2466 τῷ
1413 2397 1819 2468 άστραπηϐόλῳ

248 2490 389 2556 φωτὶ
449 2489 677 2558 ληφθεὶς
737 2489 831 2541 τοῦ
902 2489 1071 2542 ἵππου
1136 2506 1196 2541 τε
1257 2488 1667 2558 άπεσφσιρίσθη
1724 2492 1818 2541 καὶ

249 2582 496 2650 ἀφρίζων
523 2583 662 2635 κατὰ
687 2582 791 2651 γῆν
820 2582 1067 2635 ἐκυλίετο
1091 2596 1106 2610 ⁸
1145 2580 1442 2649 ἐμϐληθεὶς
1477 2576 1571 2634 οὖν
1601 2581 1812 2650 ἀκατίῳ

255 2674 394 2742 πρὸς
425 2673 492 2724 τὰ
539 2671 787 2740 βασίλεια
826 2671 1136 2736 διεσῖιζετο.
1172 2671 1363 2740 Τούτῳ
1412 2669 1468 2723 δὲ
1513 2669 1592 2739 τῷ
1631 2671 1817 2739 τρόπῳ
1852 2665 1856 2668 ’

251 2765 696 2834 κακουχοὺμένος
732 2766 823 2816 ἐπὶ
871 2767 1002 2816 πολὺ
1057 2763 1316 2832 μετανοίᾳ
1342 2763 1562 2832 χρᾶται,
1595 2762 1688 2814 καὶ
1723 2762 1819 2830 τῆς

254 2853 558 2923 βασιλείας,
601 2847 666 2921 ἦς
723 2851 923 2912 ἀδίκως
975 2849 1294 2912 ἐπελάϐετο,
1326 2847 1470 2902 ἑκὼν
1519 2848 1816 2913 ἐξίσταται,

251 2947 347 2994 καὶ
376 2940 580 3008 ταύτην
624 2939 796 3007 ἑτέρῳ
845 2937 1049 3000 δίδωσι,
1102 2936 1268 3006 ῥάκια
1315 2935 1683 3005 ἀμφιέννυται
1726 2936 1820 2986 καὶ

189 3038 194 3042 ’
251 3035 318 3104 τῇ
357 3036 490 3102 μονῇ
539 3031 632 3084 τοῦ
684 3029 934 3081 Στουδίου
985 3030 1176 3082 ἑαυτὸν
1228 3027 1528 3081 ἐπιδίδωσι.
1567 3026 1820 3097 Τοσαύτη

247 3125 580 3179 ταπεινώσει
631 3125 722 3174 καὶ
771 3123 906 3189 πρὸς
957 3137 1018 3189 γε
1066 3121 1156 3173 τὸν
1213 3120 1529 3188 προεστῶτα
1569 3119 1817 3188 ὑποταγῇ

1928 1933 2170 1987 tionibus
2208 1935 2352 1987 circa
2401 1933 2706 2002 Neapolim,
2749 1949 2986 2004 euntque
3021 1937 3232 2006 prandii
3280 1940 3494 1993 adesset

1925 2026 2085 2082 liora.
2121 2027 2350 2091 [ulgetra
2402 2025 2539 2079 locis
2582 2026 2650 2080 iis
2699 2029 2931 2090 exstitit,
2964 2037 3019 2082 et
3057 2045 3190 2100 aper
3237 2031 3494 2086 alicunde

1927 2130 2293 2186 prorumpens
2339 2116 2728 2185 imperatorem
2778 2127 2970 2173 contra
3033 2135 3090 2174 se
3152 2125 3490 2190 provocavit.

1928 2206 2061 2262 Eum
2089 2207 2178 2261 ille
2203 2222 2539 2277 persequens
2561 2210 2626 2262 ad
2652 2209 2827 2277 ipsum
2855 2225 3024 2279 usque
3049 2226 3197 2266 mare
3223 2216 3492 2282 pervenit.

1924 2304 2068 2368 Apro
2113 2308 2294 2353 autem
2346 2314 2494 2354 mare
2549 2300 2794 2368 ingresso
2835 2311 2890 2354 et
2939 2313 3319 2368 evanescente,
3365 2320 3491 2358 mox

1925 2390 2222 2460 imperator
2253 2390 2378 2445 luce
2407 2393 2642 2460 quadam
2676 2392 2949 2459 perfusus,
2976 2410 3096 2465 quae
3126 2395 3329 2466 fulguri
3361 2413 3494 2451 con-

1924 2483 2124 2538 similis
2151 2492 2314 2548 esset,
2349 2499 2415 2538 ex
2451 2500 2594 2553 equo
2629 2488 2834 2540 corruit
2863 2499 2913 2541 et
2954 2505 3048 2543 ore
3080 2505 3324 2559 spumam
3363 2494 3499 2565 reji-

1925 2575 2078 2630 ciens
2125 2575 2276 2628 humi
2309 2576 2499 2644 jacuit.
2538 2578 2669 2631 lude
2719 2579 3006 2647 conjectus
3037 2581 3090 2635 in
3141 2584 3492 2651 piscatoriam

1923 2665 2215 2734 quamdam
2242 2666 2549 2721 naviculam
2579 2669 2762 2722 salvus
2790 2670 2842 2722 in
2873 2672 3076 2740 regiam
3109 2673 3324 2728 delatus
3353 2675 3490 2740 fuit;

1924 2771 2088 2830 atque
2119 2761 2223 2815 hoc
2252 2762 2416 2816 modo
2446 2764 2686 2831 graviter
2716 2764 2964 2831 alnictus,
2997 2777 3051 2820 et
3107 2777 3483 2826 anteactorum

1925 2853 2248 2923 pa-nitentia
2276 2853 2497 2921 ductus,
2537 2857 2791 2924 imperio,
2827 2859 2977 2927 quod
3021 2859 3218 2930 injuste
3255 2877 3493 2932 occupa-

1925 2954 2100 3006 verat,
2143 2953 2339 3014 sponte
2385 2961 2482 3000 sua
2528 2948 2716 3012 cessit,
2769 2949 2999 3003 alterum
3041 2951 3145 3004 sibi
3183 2953 3491 3019 substituit,

1923 3035 2199 3091 laeernam
2227 3037 2426 3104 induit,
2449 3039 2502 3093 in
2529 3038 2707 3094 Studii
2739 3043 3130 3097 monasterium
3155 3057 3214 3100 se
3238 3047 3489 3102 contulit.

1924 3127 2004 3181 lbi
2057 3137 2164 3183 tam
2204 3130 2477 3186 submisse
2525 3128 2607 3188 ac'
2639 3134 2961 3190 obedienter
2995 3152 3121 3208 erga
3169 3140 3491 3194 monasterii

248 3218 448 3287 ιχρᾶτο
485 3215 560 3278 ὡς
598 3217 693 3268 καὶ
719 3214 962 3283 θυρωρ“,ν
995 3213 1158 3266 αὑτὸν
1193 3212 1468 3278 γενέσθαι.
1493 3211 1726 3279 Λέγεται
1765 3209 1821 3261 δὲ

1925 3218 2244 3290 praefectum
2274 3235 2333 3275 se
2359 3223 2602 3290 gerebat,
2634 3233 2690 3277 ut
2723 3224 2891 3279 etiam
2920 3226 3131 3281 ostiarii
3160 3243 3360 3281 munus
3385 3229 3492 3282 sibi

248 3308 698 3378 σωφρονέστατον
743 3306 906 3358 αὑτὸν
952 3301 1116 3357 εἶναι.
1168 3305 1652 3374 Στρατοπεδάρχου
1709 3303 1818 3372 γὰρ

248 3403 402 3454 ϐντοε
436 3397 603 3452 αὑτοῦ
637 3402 728 3451 καὶ
776 3399 1039 3468 νεφρίτιδι
1090 3397 1446 3466 συσχεθέντος
1490 3397 1562 3458 ὡ,
1593 3397 1688 3449 καὶ
1717 3396 1822 3449 πά-

251 3508 408 3563 ρετον
435 3491 607 3560 πάντη
644 3490 920 3555 γενέσθαι,
954 3489 1346 3542 συνεϐούλευον
1372 3490 1421 3542 οί
1454 3489 1634 3558 ἰατροὶ
1681 3487 1823 3557 μετὰ

253 3581 454 3650 μυρίας
483 3581 648 3643 ἄλλας
683 3580 982 3648 ἐπαγωγὰς
1015 3582 1106 3634 καὶ
1139 3582 1354 3647 γυναικὶ
1383 3581 1711 3650 χρήσασθαι.
1758 3581 1819 3632 Ὀ

243 3672 294 3724 δ’
335 3673 435 3725 οὐκ
464 3671 730 3725 ἐπείθετο.
755 3669 1041 3723 Εἱπόντων
1080 3670 1160 3737 δὲ,
1200 3689 1217 3722 ι
1254 3672 1314 3724 Εἰ
1350 3669 1425 3741 μὴ
1470 3671 1630 3722 τοῦτο
1665 3670 1822 3740 ποιή-

251 3780 387 3827 σεις,
447 3765 660 3832 ἀνάγκη
712 3778 794 3816 σοι
843 3762 1121 3835 καυτηρίᾳ
1164 3763 1474 3834 χρήσασθαι
1525 3762 1822 3816 κάντεῦθεν

250 3855 480 3926 ἀπαιδία
523 3855 870 3926 συσχεθῆναι,
905 3873 922 3906 ι
960 3881 1029 3894 —-
1069 3872 1087 3905 ι
1113 3853 1367 3925 Ἀρκοῦσί
1403 3872 1515 3924 μοι,
1548 3873 1564 3905 ι
1607 3853 1814 3922 ἔλεγεν,

257 3961 276 3994 ε
314 3946 341 3998 ὁ
369 3942 618 4015 Μανουὴλ
650 3943 798 4013 καὶὴ
830 3943 1041 4014 Μαρία,
1076 3944 1123 3998 οἱ
1175 3944 1273 4015 ἠδη
1327 3959 1417 4013 μοι
1461 3943 1647 4015 χάριτι
1684 3942 1821 3998 Θεοῦ

249 4040 571 4106 γενόμενοι·
607 4034 813 4088 τούτων
853 4033 952 4106 μὶν
990 4036 1099 4105 γὰρ
1155 4035 1285 4090 ἄνευ
1337 4039 1520 4106 τυχεῖν
1568 4034 1683 4089 εστι
1723 4034 1822 4105 τῆς

249 4128 532 4200 βασιλείας
589 4125 685 4180 τοῦ
746 4125 906 4193 Θεοῦ,
942 4128 1300 4197 σωφροσύνης
1355 4128 1411 4182 δὲ
1461 4129 1584 4198 δίχα
1646 4128 1822 4191 οὐδεὶς

246 4224 443 4294 stara:
476 4223 569 4273 τὸν
598 4219 755 4273 Θεόν.
799 4237 819 4272 ι
863 4219 985 4272 Ἐπὶ
1033 4219 1242 4283 τούτοις
1278 4220 1334 4274 δὲ
1375 4223 1470 4276 καὶ
1511 4204 1552 4291 ’ἠ
1605 4220 1822 4290 βασιλὶς

248 4313 582 4382 Αίκατερίνα
641 4310 736 4362 καὶ
769 4311 800 4380 ὴ
833 4309 1079 4381 θυγάτηρ
1120 4312 1306 4380 Μαρία
1360 4311 1514 4381 παρὰ
1560 4314 1630 4381 τῇ
1686 4315 1820 4382 μονῇ

247 4402 346 4456 τοῦ
379 4401 689 4472 Μυρελαίου
715 4400 902 4469 διῆγον
935 4403 1232 4470 ἀσκητικὸν
1267 4401 1382 4471 βίον
1431 4401 1659 4471 βιοῦσαι.
1687 4401 1826 4471 Θνή-

252 4511 377 4548 σκει
424 4496 451 4546 ὁ
483 4493 756 4562 βασιλεὺς.
790 4493 942 4563 Σορῷ
976 4495 1357 4555 κατατίθεται,
1388 4495 1508 4564 ἥτις
1541 4499 1636 4548 καὶ
1687 4495 1824 4564 πλη-

1925 3311 2244 3368 mandatum
2268 3314 2565 3370 obire'non
2596 3315 2944 3374 detrectaret.
2973 3319 3301 3375 Perbibetur
3329 3322 3492 3377 etiam

1923 3406 2267 3461 castissimus
2293 3406 2484 3463 fuisse.
2510 3409 2646 3464 Nam
2673 3425 2795 3464 cum
2823 3411 3000 3466 adhuc
3026 3413 3308 3483 c0piarum
3337 3415 3496 3471 ducis

1925 3513 2152 3552 munere
2184 3498 2526 3570 fungeretur.
2560 3513 2616 3557 et
2653 3518 2847 3557 renum
2881 3503 3169 3559 doloribus
3210 3515 3495 3576 tanIOpcrc
3571 3571 3577 3577 _

1922 3588 2264 3642 cruciaretur
2286 3596 2346 3641 ut
2367 3591 2592 3644 omnino
2609 3591 2824 3646 viribus
2844 3593 3062 3647 amissis
3087 3594 3491 3663 languesceret.

1925 3686 2047 3745 post
2085 3675 2331 3731 adhibita
2365 3677 2577 3733 inlinita
2614 3679 2857 3736 remedia
2884 3682 3249 3737 consulebant
3277 3683 3330 3738 ei
3375 3699 3492 3737 me.-

1923 3767 2031 3823 dici
2063 3777 2122 3822 ut
2146 3767 2394 3824 mulieris
2417 3770 2763 3841 amplexibus
2791 3781 3054 3835 uteretur.
3075 3790 3186 3845 quo
3215 3775 3332 3848 ipso
3357 3792 3493 3833 con-

1923 3867 2219 3916 secuturus
2241 3867 2388 3915 essct
2419 3870 2477 3916 ut
2511 3862 2676 3918 etiam
2711 3863 2923 3920 orbitas
2954 3865 3191 3921 liberum
3229 3868 3412 3924 minus
3439 3871 3489 3923 ci

1924 3951 2357 4024 pertimescenda
2386 3951 2545 4008 foret.
2567 3952 2706 4008 Tum
2736 3954 2825 4011 ille
2854 3973 2868 4010 :
2903 3977 2920 4008 ς
2953 3956 3265 4023 Sumciunt,
3291 3959 3493 4030 inquit,

1925 4043 2059 4099 mibi
2087 4042 2374 4100 Manuelus
2397 4052 2453 4100 et
2475 4044 2661 4110 Maria,
2686 4061 2825 4116 quos
2851 4045 2946 4102 Dei
2977 4049 3148 4119 gratia
3175 4063 3494 4121 procreatos

1924 4135 2120 4191 habeo.
2171 4133 2305 4190 Nam
2345 4137 2552 4205 absque
2598 4136 2790 4192 liberis
2837 4137 2930 4194 Del
2985 4155 3214 4210 regnum
3262 4142 3492 4211 adipisci

1925 4227 2094 4282 licet:
2131 4237 2186 4282 at
2220 4229 2339 4281 sine
2384 4231 2636 4282 eaStitate
2681 4243 2844 4283 nemo
2887 4228 3054 4284 Deum
3093 4244 3495 4301 conspecturus

1924 4327 2027 4374 est.
2069 4337 2088 4370 ι
2126 4319 2488 4388 Posteaquam
2526 4320 2763 4374 lsaacius
2790 4323 3185 4376 monaSterium
3216 4325 3496 4394 ingressus

1925 4409 2140 4477 fuisset,
2184 4411 2351 4464 etiam
2398 4411 2718 4479 imperatrix
2767 4411 3107 4466 Hzecaterina
3158 4428 3284 4468 cum
3324 4414 3494 4468 Maria

1931 4497 2039 4551 lilia
2071 4513 2129 4552 se
2163 4500 2216 4552 in
2253 4499 2592 4580 mansionem
2624 4501 2856 4572 Myrelari
2893 4499 3271 4568 contulerunt,
3306 4503 3496 4572 ibique

250 4587 441 4639 σθείσα
492 4585 686 4648 ὓδατος
736 4588 984 4638 ὑπονοεῖν
1045 4587 1220 4640 ἅπασι
1266 4585 1497 4638 δέδωκεν
1544 4587 1626 4638 ὅτι
1667 4585 1822 4656 δίκην

1928 4591 2093 4645 vitam
2130 4592 2399 4662 religiosis
2425 4593 2702 4648 exercitiis
2734 4592 2976 4648 deditam
3005 4606 3324 4664 exegerunt.
3355 4596 3491 4650 Cum

247 4677 484 4732 ἐνταῦθα
531 4675 678 4728 ἔτισε
725 4676 814 4728 διά
869 4692 931 4741 γε
962 4676 1054 4728 τὸν
1111 4676 1374 4745 ἐμφύλιον
1435 4675 1820 4742 πόλεμον,τὰς

244 4771 347 4836 τῆς
400 4770 707 4838 συγκλήτου
760 4769 1182 4838 άποστερήσεις,
1221 4771 1321 4831 τὰς
1379 4769 1486 4821 τῶν
1545 4784 1824 4837 μοναστη-

248 4865 407 4934 ρίων,
438 4864 511 4924 ὡς
575 4861 782 4914 ἄνωθεν
839 4862 1082 4932 εἴρηται,
1134 4860 1521 4933 καθαρπαγάς.
1571 4861 1666 4914 καὶ
1719 4859 1821 4913 ὅσα

244 4956 388 5010 ἄλλα
415 4951 657 5007 τοιαῦτα.
689 4951 968 5005 Θάπτεται
1013 4952 1072 5006 δὲ
1110 4954 1174 5022 τῇ
1215 4955 1351 5024 μονῇ
1401 4952 1494 5005 τοῦ
1543 4951 1818 5016 Στουδίου,

246 5047 347 5100 καὶ
383 5047 709 5116 Αίκατερίνα
739 5043 1207 5114 μετονομασθείσα
1238 5044 1397 5114 Ξένη.

1925 4691 2112 4736 autem
2140 4692 2346 4737 natura:
2373 4684 2615 4737 debitum
2648 4683 3000 4754 persolvisset
3031 4687 3323 4753 imperator
3353 4695 3410 4739 et
3441 4687 3494 4739 in

1924 4771 2237 4840 sepulcrum
2265 4770 2476 4828 't’uisset
2518 4771 2798 4836 conditus,
2836 4773 3034 4828 accidit
3087 4783 3146 4828 ut
3179 4774 3308 4827 illud
3355 4789 3495 4842 aqua

1924 4862 2184 4933 deinceps
2227 4865 2494 4933 repletum
2530 4863 2898 4933 suspicionem
2937 4863 3260 4917 mortalibus
3292 4865 3496 4933 praebe-

1925 4962 2010 5007 ret
2041 4967 2166 5006 eum
2199 4967 2387 5021 poenas
2433 4953 2486 5007 in
2524 4955 2623 5007 hac
2655 4953 2765 5008 vita
2816 4953 2983 5007 luisse
3037 4963 3265 5023 pr0pter
3309 4969 3496 5008 susce-

1926 5053 2082 5113 ptum
2137 5043 2337 5097 bellum
2375 5043 2718 5109 intestinum,
2770 5044 3173 5113 adcmptionem
3203 5060 3494 5099 munerum

242 5139 468 5194 senatui
500 5137 841 5195 debitorum.
896 5137 1375 5199 monasteriorum,
1412 5145 1510 5191 .ut
1574 5151 1736 5208 supra
1805 5134 2103 5190 indicatum
2145 5144 2250 5200 est,
2302 5136 2646 5206 direptorum
2695 5137 3054 5206 spoliationes
3099 5138 3315 5207 aliaque
3367 5141 3494 5194 talia

245 5231 515 5284 facinora.
545 5227 805 5299 Sepultus
835 5236 920 5284 est
949 5228 1002 5282 in
1039 5230 1325 5284 mansione
1357 5228 1815 5294 Studiana,~uxor
1854 5238 2036 5282 autem
2104 5228 2442 5284 Hrecaterina
2483 5230 2538 5284 in
2604 5245 2668 5284 ea
2701 5244 2821 5300 quae
2854 5239 3064 5283 mutato
3101 5232 3321 5285 notuine
3350 5234 3494 5284 dicta

245 5336 341 5381 est
371 5324 544 5380 Xene.
1407 5375 1419 5384 .

323 5421 530 5488 Κρατεί
573 5417 631 5472 δὲ
697 5419 836 5489 μετὰ
891 5417 982 5470 τὸν
1052 5418 1337 5489 Κομνηνδν
1411 5422 1818 5482 Κωνσταντίνος

240 5512 511 5580 πρόεδρος
556 5513 584 5562 ὁ
626 5511 834 5574 Δούκσς
873 5511 966 5582 ἐτη
1021 5509 1089 5574 ζ’,
1127 5512 1380 5582 ἐπιεικὴς
1426 5513 1564 5582 ἀνὴρ
1597 5515 1690 5565 καὶ
1727 5513 1796 5578 μέ

237 5623 423 5677 τριος,
465 5605 565 5676 τὴν
613 5604 921 5673 σύγκλητόν
961 5621 1020 5657 τε
1079 5606 1171 5657 καὶ
1209 5605 1271 5657 τὸ
1308 5605 1603 5674 δημοτικὸν
1650 5606 1824 5674 τιμῶν

237 5698 506 5762 ἀξιώσας.
553 5696 876 5766 Ἐπανορθοί
919 5697 976 5750 δὲ
1021 5700 1114 5751 καὶ
1165 5698 1291 5760 τοὺς
1337 5700 1674 5760 ἐκπεσόντας
1715 5699 1824 5751 τῶν

235 5792 468 5847 οίκοείων
517 5791 694 5857 τιμῶν
726 5791 877 5861 παρὰ
923 5791 1016 5844 τοῦ
1071 5793 1381 5860 Κομνηνοῦ.
1423 5791 1660 5861 Ἀπῆλθέ
1690 5808 1820 5844 ποτε

2001 5419 2127 5474 Post
2173 5417 2517 5473 Contnenum
2569 5416 2960 5474 Constantinus
3013 5435 3239 5488 praeses,
3293 5435 3492 5489 COgnO°

1933 5520 2119 5566 mento
2152 5511 2292 5575 Dux,
2324 5510 2486 5563 annis
2515 5518 2724 5578 septem
2763 5511 2995 5579 imperio
3035 5513 3243 5580 potitus
3276 5521 3381 5575 est,
3419 5513 3497 5565 sir

1929 5607 2206 5676 aequitatis
2239 5607 2522 5661 studiosus
2551 5619 2605 5663 et
2640 5608 2974 5675 moderatus,
3008 5611 3101 5678 qui
3134 5619 3242 5664 tam
3277 5623 3495 5664 senato-

1931 5700 2042 5752 rios
2072 5713 2234 5766 quam
2270 5699 2515 5767 plebeios
2548 5699 2800 5754 homines
2833 5701 2898 5752 ad
2945 5702 3182 5756 honores
3225 5705 3491 5771 pro~cxit.

1929 5790 2075 5845 Idem
2109 5790 2348 5845 restituit
2375 5805 2470 5846 eos
2497 5790 2554 5843 in
2578 5791 2844 5860 integrum
2877 5795 2967 5861 (ιιτί
3001 5795 3356 5864 dignitatibus
3385 5799 3495 5857 suis
