4198 6444
246 336 352 400 609

1471 314 1872 375 ANNAIJUM
1921 313 2108 372 PARS
2153 311 2241 369 ιν.

3372 297 3476 357 G10

245 449 426 500 άκούω
473 444 553 497 ὅτι
601 441 692 494 καὶ
736 440 763 491 6
797 437 1062 507 ὑμέτερος
1115 429 1347 504 Χριστὸς
1392 433 1618 500 εἰρήνην
1652 445 1843 497 νομοε

1926 431 2108 478 statem
2158 424 2325 484 venit,
2359 431 2410 475 et
2455 420 2669 474 vinctus
2721 419 2787 472 ad
2840 418 3116 472 snltanum
3159 413 3473 466 deducitur.

245 538 390 589 θετεῖ
422 535 514 586 καὶ
543 530 856 601 ἀμνηστίαν
887 527 1095 587 κακῶν,
1126 524 1262 578 ἀλλὰ
1305 522 1398 574 καὶ
1432 520 1806 588 ὑπερηφάνοις

245 624 716 678 ἀντικαθίσταται.
765 638 784 670 ο
827 617 982 672 Μετὰ
1005 616 1063 669 δὲ
1091 614 1264 667 ταῦτα
1306 610 1538 675 σπονδὴν
1581 607 1809 674 ποιησὰ-

249 731 397 783 pavor.
436 714 529 764 καὶ
559 709 833 771 συνθήκας
873 704 1155 776 εἰρηνικὰς
1196 703 1491 772 διηνεκεῖς,
1527 700 1620 752 καὶ
1650 699 1810 758 κῆδος

246 807 339 858 ἐπὶ
363 807 473 866 τοῖς
514 805 670 856 παισὶ
716 798 1139 868 συστησάμενοι,
1178 794 1480 846 διίστανται
1515 788 1608 869 ἀπ’
1648 789 1812 856 ἀλλή-

247 900 352 949 λων
409 899 505 949 σὺν
555 896 725 964 πολιῇ
791 890 1099 960 περιπλοκῇ
1169 888 1262 939 καὶ
1322 882 1599 951 εὐκτηρίῳ
1651 882 1810 949 τιμῇ.

258 989 651 1056 Ἐπανέρχεται
695 987 724 1036 6
775 981 1047 1054 βασιλεύς.
1079 980 1292 1032 Γίνεται
1345 976 1504 1029 τοῦτο
1557 974 1648 1026 καὶ
1700 974 1813 1033 τοῖς

247 1077 504 1138 ἐνταῦθα,
553 1075 777 1144 Ἰωάννῃ
823 1089 882 1124 τε
937 1072 1014 1140 τῷ
1064 1069 1308 1135 Καίσαρι
1345 1064 1438 1116 καὶ
1467 1065 1580 1125 τιίς
1622 1059 1812 1112 τούτου

245 1173 378 1230 υἱοῖς
429 1171 522 1219 καὶ
573 1169 688 1228 τοῖς
743 1165 977 1225 λοιποῖς,
1006 1163 1118 1212 ὅσοι
1184 1158 1254 1210 τὰ
1301 1155 1438 1209 αύτᾶ
1474 1153 1809 1222 ἐφρόνησαν.

247 1262 356 1312 Καὶ
383 1255 683 1327 τηνικαῦτα
715 1255 813 1323 μὲν
839 1255 937 1322 τὴν
968 1249 1216 1321 βασιλίδα
1247 1248 1340 1301 καὶ
1375 1245 1452 1316 μὴ
1477 1244 1814 1313 βουλομένην

247 1327 538 1419 ὑπερθύριον
584 1348 860 1409 τίθενται,
912 1343 1304 1413 ἀποκείραντες
1363 1339 1558 1406 αὐτὴν,
1607 1336 1700 1388 τὸν
1756 1335 1815 1386 δὲ

245 1441 463 1510 Μιχαὴλ
493 1438 915 1510 ἀναγορεύουσιν
949 1434 1348 1503 αὐτοκράτορα.
1380 1429 1574 1482 Ἔνθεν
1607 1444 1690 1480 τοι
1720 1425 1817 1478 καὶ

247 1533 551 1599 γράφουσιν
603 1526 918 1596 ἁπανταχοῦ
969 1525 1060 1577 τὸν
1103 1521 1361 1591 Διογένην
1407 1515 1702 1602 ἐπανιόντα
1738 1513 1815 1585 μὴ

249 1620 628 1685 ὑποδέξασθαι.
659 1618 903 1686 Ἤρξατο
926 1615 982 1667 δὲ
1008 1614 1106 1683 τῆς
1130 1611 1388 1679 τοιαύτης
1423 1607 1818 1678 ἀποκηρύξεως

247 1714 276 1764 6
304 1713 609 1780 ὑπέρτιμος
657 1708 871 1777 πρῶτον
900 1705 1133 1766 Ψελλός.
1167 1703 1352 1754 Ταῦτα
1381 1699 1436 1752 δὲ
1482 1699 1510 1750 6
1559 1697 1818 1766 Διογένης

253 1802 462 1870 μαθὼν,
496 1799 592 1850 καὶ
623 1798 704 1850 ὅτι
733 1795 926 1857 κοινῶς
965 1793 1440 1860 ἀποκεκήρυκται,
1477 1787 1738 1857 φρούριόν
1761 1801 1816 1836 τι

250 1889 537 1960 κατασχὼν
609 1890 788 1941 ἐκεῖσε
853 1886 1080 1938 Δόκειαν
1153 1882 1451 1952 λεγόμενον
1516 1893 1820 1948 στρατοπε-

250 1977 423 2041 δεύειν
457 1977 678 2047 ἢρξατο.
717 1974 860 2027 Ἀλλ’
890 1977 917 2027 ὁ
946 1976 1162 2042 Καῖσαρ
1194 1971 1285 2024 τὸν
1323 1969 1664 2040 βραχύτατον
1699 1966 1815 2021 υίὸν

252 2070 394 2123 κατὰ
445 2071 728 2138 Διογένους
787 2068 1086 2136 ἐκπέμπει.
1156 2063 1496 2117 Συνάπτεται
1558 2063 1818 2131 πόλεμος.

251 2163 434 2228 cum
467 2165 497 2216 6
549 2161 807 2229 Διογένης
847 2159 1087 2231 οἴχεται.
1127 2157 1322 2210 Ἔνθεν
1371 2155 1625 2210 κάκεῖθεν
1659 2170 1821 2223 περι-

254 2254 459 2306 νοστῶν
487 2253 622 2323 πρὸς
655 2252 908 2306 Κιλικίαν
949 2249 1334 2321 παραγίνεται.
1387 2245 1752 2316 ’Υποστρέφει
1794 2247 1822 2297 6

255 2347 661 2406 Κωνσταντῖ.ος
709 2345 800 2396 ἐπὶ
845 2341 1078 2402 τούτοις.
1135 2341 1425 2393 Στὲλλιται
1479 2339 1601 2391 ἀντ’
1655 2335 1820 2390 abso}

254 2440 397 2493 κατὰ
440 2439 722 2504 Διογένους
756 2435 784 2486 6
825 2433 917 2487 τοῦ
969 2433 1248 2502 Καίσαρος
1293 2430 1408 2493 υίὸς
1460 2429 1820 2497 Ἀνδρόνικος,

258 2533 537 2600 πολιορκεῖ
567 2531 657 2583 τὸν
688 2530 938 2593 Ἃδανον,
974 2527 1238 2598 συνθῆκαι
1269 2525 1534 2594 γίνονται.
1569 2525 1678 2575 Καὶ
1711 2523 1826 2576 κεί-

257 2643 412 2698 ρεται
452 2625 551 2695 τὴν
593 2623 757 2692 τρίχα
795 2623 822 2674 6
852 2621 1133 2688 Διογένης,
1161 2617 1329 2684 ἔξεισι
1358 2634 1416 2669 τε
1455 2614 1555 2668 τοῦ
1586 2615 1824 2686 κάστρου

258 2716 686 2790 μελανειμονῶν.
711 2713 906 2767 Λαϐὼν
937 2713 993 2766 δὲ
1031 2711 1149 2780 μεθ’
1183 2710 1380 2763 ἑαυτὸν
1412 2709 1503 2762 τὸν
1534 2710 1767 2778 Διογένη
1797 2709 1826 2761 ὁ

268 2811 609 2881 ’Δνδρδνικος
640 2808 829 2861 νόστου
860 2807 1144 2876 μέμνηται
1174 2803 1313 2873 (9|),
1336 2802 1515 2855 ἕλκων
1563 2802 1726 2855 αὑτὸν
1767 2804 1826 2854 ἐν

180 2967 186 2973 _
255 2904 467 2957 εὐτελεῖ
500 2899 782 2968 ὑποζυγίῳ
829 2899 918 2951 διὰ
948 2897 1057 2950 τῶν
1099 2896 1293 2966 χωρῶν
1336 2893 1560 2948 ἐκείνων
1597 2888 1685 2956 αἷς
1717 2895 1826 2947 ἰσό-

254 2996 378 3056 θεος
430 2991 778 3062 ὲγνωρίζετο.
836 2989 1046 3059 Μέχρις
1107 2986 1203 3041 οὖν
1261 2985 1357 3040 τοῦ
1412 2986 1680 3040 Κοτυαίου
1729 2985 1828 3057 τὴν

250 3088 566 3156 ὁδοιπορίαν
621 3085 893 3154 ὀδυνηρὰν
953 3083 1321 3152 ποιησάμενος
1368 3077 1457 3152 (ἦν
1507 3079 1618 3150 γάρ
1665 3092 1899 3154 νοση-(ς

252 3181 544 3249 λευόμενος
591 3179 656 3231 ὲκ
710 3174 992 3229 κοιλιακοῦ
1041 3177 1106 3227 ἐκ
1164 3173 1393 3226 κωνείου
1452 3171 1826 3241 προποθὲντος

253 3275 427 3343 αὐτῷ)
449 3275 624 3325 ἐκεῖσε
657 3269 980 3337 κατεσχέθη,
1004 3267 1111 3330 ἕως
1144 3256 1204 3317 οὗ
1233 3264 1291 3316 τὸ
1335 3267 1588 3336 ποιητέον
1629 3265 1824 3335 ὁρισθῇ

254 3365 349 3420 ἐπ’
407 3365 578 3434 αὐτῷ.
627 3361 1052 3430 Καταλαμὸάνει
1105 3361 1138 3430 ἡ
1196 3359 1493 3426 ἀπόφασις.
1553 3359 1662 3412 Καὶ
1718 3360 1827 3413 τῶν

255 3458 562 3528 ἀρχιερέων
602 3457 710 3508 τῶν
754 3454 847 3506 ἐπὶ
891 3453 968 3521 τῷ
1013 3451 1232 3520 δοθῆναι
1286 3451 1442 3518 λόγον
1483 3450 1828 3519 συμπαθείας

251 3550 532 3620 ὶπαρῆξαι
560 3548 636 3618 μὴ
653 3545 988 3615 δυνηθέντων
1013 3542 1291 3613 (ὠμησταὶ
1315 3542 1425 3611 γὰρ
1455 3542 1550 3594 καὶ
1597 3543 1828 3609 ἀπηνεῖς

252 3643 446 3712 ἄνδρες
487 3639 820 3710 ἀφήρπαξαν
872 3636 1053 3706 αὑτὸν)
1085 3635 1399 3703 ὀφθαλμοὺς
1444 3633 1823 3704 ὲξορύσσεται.

255 3733 561 3802 Προαχθεὶς
620 3733 679 3783 ιν
737 3727 1223 3796 ὑποζυγίῳ’μέχρι
1283 3727 1380 3796 τῆ;
1435 3725 1824 3795 Προποντίδος,

252 3826 351 3877 καὶ
382 3824 480 3894 τὴν
515 3821 757 3891 κεφαλὴν
785 3821 923 3889 ἔχων
958 3818 1298 3888 ὲξῳδηκυῖαν
1341 3818 1438 3870 καὶ
1470 3819 1597 3878 τοὺς
1622 3816 1824 3883 ὀφθαλ-

257 3919 394 3987 μοὺς
426 3916 616 3986 ὥσπερ
657 3915 815 3984 σῶμα
869 3916 1126 3992 σεσηπὸς,
1178 3910 1476 3965 κάντεῦθεν
1532 3909 1830 3976 σκωλήκων

251 4009 352 4059 καὶ
380 4005 645 4066 δυσωδίας
672 4001 954 4072 πλησθεὶς,
987 3999 1276 4061 ἐπωδύνως
1317 3997 1688 4066 καταστρέφει
1740 3995 1830 4046 τὸν

252 4101 395 4170 βίον,
434 4101 500 4169 τῇ
538 4100 686 4168 νήσῳ
730 4095 928 4168 Πρώτη
968 4095 1061 4148 τὸν
1114 4095 1244 4164 χοῦν
1291 4091 1658 4161 ἀποθέμενος,
1701 4089 1833 4142 ἔνθα

249 4194 375 4248 νέον
405 4194 609 4254 ἐκεῖνος
636 4191 890 4259 ἐδείματο
927 4187 1370 4259 φροντιστήριον.

1913 513 2007 567 Ille
2060 529 2192 568 vero
2248 514 2387 567 solio
2445 528 2546 565 suo
2581 512 2862 572 desiliens,
2917 523 3014 578 pro
3069 522 3221 560 more
3272 507 3477 558 caltata

1912 604 2169 673 Diogenis
2220 605 2453 666 cervice,
2516 619 2638 657 mox
2695 617 2821 655 enm
2883 601 2951 655 de
3004 610 3148 654 terra
3196 598 3380 667 erigit,
3427 608 3482 651 et

1912 705 2163 750 amanter
2187 697 2509 765 complexus
2539 713 2552 748 :
2599 713 2617 747 ι
2659 693 3013 757 Formidinis,
3048 691 3248 761 inquit,
3280 704 3482 759 expers

1913 797 2055 850 esto,
2092 789 2406 856 imperator.
2459 786 2576 841 Non
2628 787 2777 841 enim
2829 786 3050 856 corpori
3094 784 3334 853 vitaeque
3377 793 3483 838 tua:

1915 881 2220 948 periculum
2251 880 2418 932 ullum
2449 879 2750 941 ereabitur,
2785 879 2878 932 sed
2911 893 2978 932 ex
3018 877 3284 946 dignitate
3311 877 3486 945 maje-

1915 970 2075 1024 statis
2133 978 2240 1023 tua:
2302 971 2764 1038 praestantissima
2813 984 2845 1022 a
2897 968 3058 1024 nobis
3117 967 3483 1021 honorabere.

1914 1061 2049 1116 Nam
2083 1063 2312 1114 stultum
2351 1062 2604 1130 equidem
2637 1078 2760 1117 esse
2800 1061 3041 1116 arbitror
3087 1075 3213 1116 enm
3246 1061 3338 1128 qui
3378 1061 3487 1112 for-

1920 1161 2064 1205 tunrc
2093 1169 2250 1208 casus
2280 1155 2605 1222 improvisos
2631 1170 2816 1208 secum
2846 1155 2961 1220 ipse
2994 1168 3101 1206 non
3131 1153 3392 1220 expendit
3424 1168 3488 1205 ac

1919 1253 2223 1296 reveretur.
2262 1264 2280 1295 ›
2325 1245 2419 1299 llis
2459 1246 2622 1300 dictis
2657 1247 2780 1299 solii
2818 1246 2927 1310 sui,
2965 1260 3167 1298 mensa:
3193 1245 3488 1313 glo:im;ne

1918 1335 2239 1405 participem
2298 1336 2592 1405 Diogenem
2632 1339 2780 1400 facit,
2827 1353 3066 1405 eumque
3115 1338 3180 1391 ad
3231 1345 3486 1390 octavum

1920 1445 2090 1499 usque
2133 1430 2277 1484 diem
2334 1431 2477 1498 apud
2535 1445 2594 1485 se
2653 1440 2925 1484 retentum
2966 1430 3115 1483 varie
3167 1440 3381 1483 recreat
3433 1440 3492 1482 et

1918 1522 2248 1576 consolatur.
2281 1522 2529 1592 Cumque
2555 1524 2804 1577 sultanus
2833 1523 3220 1592 imperatorem
3257 1523 3492 1576 interro‘

1918 1621 2073 1682 garet
2101 1614 2394 1683 aliquando
2424 1632 2437 1668 :
2483 1633 2503 1666 ι
2533 1613 2698 1680 Quid,
2733 1616 2985 1679 obsecro,
3023 1615 3269 1669 facturus
3299 1615 3365 1668 de
3404 1630 3490 1668 me

1920 1703 2124 1772 fueras,
2175 1705 2220 1759 si
2262 1721 2348 1759 me
2389 1717 2535 1759 tuam
2574 1707 2628 1760 in
2682 1716 3008 1776 potestatem
3061 1708 3345 1762 redactum
3394 1710 3494 1762 ha-

1923 1793 2174 1848 buisses?
2209 1812 2228 1845 ι
2271 1794 2570 1862 Imperator
2617 1796 2736 1850 sine
2781 1796 2909 1850 l‘uco
2958 1805 3014 1852 et
3053 1798 3370 1852 adulatione
3403 1815 3494 1852 re-

1920 1885 2184 1954 spondit:
2247 1905 2266 1938 ‹
2319 1887 2503 1942 Multis
2539 1888 2794 1958 equidem
2852 1888 3036 1960 ﬂagris
3083 1905 3285 1960 corpus
3339 1901 3494 1943 tuum

1922 1977 2261 2032 cecidissem.
2305 1997 2324 2030 ι
2381 1978 2463 2033 Ad
2513 1996 2635 2049 quae
2677 1981 2918 2036 vicissim
2970 1983 3271 2036 sultanus:
3322 2003 3338 2032 ι
3382 1985 3494 2052 Ego

1922 2083 2073 2134 vero,
2094 2070 2290 2139 inquit,
2310 2072 2571 2126 saevitiam
2596 2073 2940 2143 rigoremque
2967 2083 3118 2128 tuum
3146 2091 3496 2145 nequaquam

1925 2161 2201 2216 imitabor.
2221 2163 2362 2230 Quin
2384 2165 2548 2219 etiam
2575 2167 2738 2220 audio
2765 2167 3042 2223 Christum
3062 2169 3219 2222 illum
3248 2180 3496 2224 vestrum

1926 2268 2111 2322 pacem
2169 2254 2313 2309 inter
2364 2257 2616 2314 homines
2661 2269 2722 2313 et
2778 2260 3114 2313 oblivionem
3165 2259 3496 2328 injuriarnm

1925 2347 2141 2401 sancire
2197 2362 2262 2402 ac
2318 2351 2643 2419 praecipere,
2706 2352 3076 2421 superbisque
3139 2352 3416 2406 resistere.
3475 2373 3494 2403 ι

1928 2435 2244 2492 Secundum
2296 2440 2408 2494 hinc
2456 2441 2757 2496 foederibus
2812 2443 2985 2506 initis,
3046 2458 3179 2513 pace
3233 2454 3500 2512 perpetua

1929 2527 2247 2594 constituta,
2290 2528 2435 2583 inter
2459 2530 2630 2584 libros
2663 2531 2924 2586 affinitate
2954 2541 3262 2598 contracta,
3291 2532 3501 2586 disces-

1931 2631 2052 2670 sum
2086 2619 2344 2681 utrinque
2376 2635 2484 2674 non
2515 2621 2634 2676 sine
2685 2623 2874 2677 multis
2899 2624 3276 2692 complexibus
3311 2634 3366 2678 et
3401 2626 3501 2678 ho-

1931 2709 2084 2763 noris
2111 2709 2469 2775 exhibitione,
2501 2728 2608 2784 qua
2639 2716 2776 2768 alter
2798 2715 2954 2770 alteri
2983 2717 3317 2771 faustissima
3348 2734 3504 2786 qua:-

1929 2813 2037 2865 que
2087 2787 2425 2867 precaretur.
2462 2800 2577 2855 Hoc
2625 2812 2786 2872 pacto
2820 2806 3118 2858 revertitur
3165 2806 3309 2860 intra
3363 2809 3503 2861 lines

1932 2888 2204 2942 Romanos
2256 2891 2576 2959 imperator.
2631 2895 2761 2958 Qua:
2813 2911 2899 2950 res
2952 2896 3046 2950 ubi
3095 2897 3331 2966 primum
3389 2900 3501 2952 illis

1931 2976 2262 3034 innotuisset
2299 2982 2391 3049 qui
2420 2981 2530 3048 jam
2571 2983 2636 3057 ad
2691 2985 2881 3038 urbem
2916 2996 3205 3054 venerant,
3237 2988 3500 3044 nimirum

1930 3067 2124 3123 Joanni
2155 3069 2352 3126 Czesari
2383 3074 2610 3143 ejusque
2655 3076 2804 3141 liliis,
2853 3092 2918 3132 ac
2974 3079 3202 3150 reliquis
3242 3083 3503 3138 omnibus

1930 3172 2197 3231 quotquot
2230 3161 2375 3218 inter
2406 3180 2466 3218 se
2501 3168 2977 3236 conspiraverant,
3019 3185 3145 3226 mox
3185 3171 3502 3242 imperatri-

1929 3267 2047 3306 cem
2076 3255 2310 3311 invitam.
2329 3257 2529 3312 radunt
2562 3269 2616 3312 et
2651 3260 2703 3312 in
2735 3262 2987 3316 exsilium
3019 3273 3207 3334 agunt,
3235 3265 3502 3322 Michaelo

1929 3347 2050 3417 ejus
2072 3347 2183 3401 lilio
2210 3349 2540 3417 imperatore
2567 3361 2774 3405 creato.
2801 3354 3002 3408 Deinde
3025 3357 3225 3425 quovis
3255 3357 3501 3414 locorum

1931 3437 2144 3494 litteras
2177 3442 2419 3508 mittunt,
2457 3443 2634 3512 iisque
2669 3444 2930 3498 mandant
2961 3461 3028 3501 ne
3062 3448 3188 3517 quis
3223 3461 3505 3506 reverten-

1932 3537 2041 3584 tem
2095 3531 2384 3601 Diogenem
2435 3537 2752 3603 exciperet,
2807 3538 2968 3608 cujus
3036 3545 3504 3599 exauctorationis

1934 3623 2145 3689 primus
2171 3632 2364 3677 auctor
2395 3625 2497 3679 fuit
2528 3627 2899 3696 Psellus.Qute
2928 3644 3052 3683 cum
3081 3631 3294 3698 tierent,
3327 3636 3504 3706 impe-

1935 3722 2082 3764 rator
2122 3714 2344 3767 castello
2373 3716 2608 3783 quodam
2639 3731 2925 3786 occupato,
2973 3721 3065 3775 cui
3095 3723 3273 3777 Docea
3305 3741 3505 3780 nomen

1933 3813 2099 3870 esset,
2126 3807 2321 3860 metari
2344 3818 2522 3861 castra
2542 3819 2803 3878 coeperat.
2831 3811 2912 3866 Ad
2934 3827 3056 3867 eum
3080 3816 3504 3884 opprimendum

1933 3895 2115 3950 Caesar
2141 3898 2312 3953 lilium
2346 3915 2506 3954 suum
2531 3911 2663 3955 natu
2694 3902 2979 3958 minimum
3010 3920 3136 3960 cum
3161 3909 3335 3976 e0piis
3362 3910 3510 3964 able-

1933 3992 2098 4060 gavit.
2129 3992 2397 4048 Conserto
2442 3995 2653 4063 praelio,
2702 3996 2828 4067 l‘uga
2876 3999 3036 4052 saluti
3083 4015 3196 4055 sua:
3235 4003 3507 4074 Diogenes

1934 4085 2195 4150 consulit,
2229 4094 2285 4140 et
2325 4087 2454 4142 hinc
2500 4089 2628 4143 inde
2673 4099 2900 4161 vagatus
2950 4091 3113 4162 329
3162 4093 3216 4148 in
3251 4094 3504 4150 Ciliciam

1935 4179 2208 4247 pervenit.
2246 4180 2458 4232 Interea
2495 4181 2892 4236 Constantinus
2925 4185 2994 4237 ad
3045 4188 3237 4240 urbem
3281 4190 3512 4242 reverti-

251 4301 368 4354 tur,
393 4289 618 4358 ejusque
662 4287 786 4340 loco
829 4285 977 4340 ﬁlius
1019 4283 1157 4338 alter
1202 4280 1437 4337 Caesaris
1481 4279 1831 4334 Andronicus
1867 4277 2233 4347 persequendi
2270 4277 2525 4348 Diogenis
2595 4294 2758 4335 causa
2794 4281 3051 4336 mittitur.
3096 4283 3147 4338 ls
3207 4300 3332 4339 cum
3363 4286 3509 4340 Alia-

251 4398 384 4438 nam
454 4379 752 4443 obsideret,
807 4378 876 4432 de
928 4390 1061 4445 pace
1112 4381 1404 4429 tractatum
1456 4383 1561 4439 est,
1628 4381 1685 4427 et
1743 4381 1899 4427 tonso
1936 4373 2133 4441 capillo
2160 4370 2427 4441 Diogenes
2461 4386 2491 4426 e
2522 4382 2702 4427 castro
2752 4375 2899 4444 pulla
2937 4388 3085 4430 veste
3120 4382 3355 4435 amictus
3385 4397 3511 4449 pro-

251 4473 380 4527 diit.
459 4472 595 4524 Eum
666 4469 1015 4532 Andronicus
1099 4481 1286 4521 secum
1327 4464 1567 4530 reduxit,
1607 4465 1816 4533 vilique
1850 4465 2100 4535 jumento
2158 4465 2477 4533 impositum
2532 4480 2631 4534 per
2680 4482 2742 4520 ea
2795 4468 2912 4522 loca
2968 4471 3134 4522 traxit
3193 4475 3247 4524 in
3305 4474 3509 4542 quibus

253 4579 419 4622 antea
443 4581 541 4622 ceu
569 4565 682 4619 Deo
713 4579 800 4634 pat
839 4565 1094 4632 cognitus
1121 4562 1453 4630 habitusque
1485 4561 1682 4614 fuerat.
1709 4561 1824 4614 Hoc
1864 4561 2028 4614 modo
2058 4576 2182 4615 cum
2214 4561 2499 4631 Cotyaium
2544 4549 2722 4632 usque
2758 4579 2868 4617 non
2937 4565 3056 4619 sine
3126 4569 3382 4622 maximis
3410 4570 3509 4624 do-

252 4657 469 4710 loribus
500 4657 647 4722 (nam
676 4654 1066 4708 intestinorum
1132 4652 1666 4716 morbolaborabat,
1732 4665 1896 4718 quem
1936 4667 1966 4705 e
2015 4655 2306 4721 propinata
2361 4655 2545 4708 cicuta
2603 4655 2956 4725 conceperat)
3018 4655 3235 4711 delatus
3293 4660 3507 4726 fuisset,

256 4751 525 4819 tantiSper
567 4750 642 4803 ibi
673 4750 927 4803 detentus
953 4756 1058 4813 est,
1113 4748 1290 4802 donec
1330 4748 1384 4801 in
1417 4749 1553 4801 urbe
1591 4747 1724 4817 quid
1789 4747 1860 4801 de
1901 4747 2020 4816 ipso
2079 4747 2396 4803 faciundum
2421 4759 2589 4805 esset
2652 4750 3064 4808 decerneretur.
3100 4753 3201 4808 Ubi
3252 4755 3413 4809 latam
3456 4759 3510 4812 in

255 4844 439 4911 ipsum
465 4842 792 4897 sententiam
817 4842 1166 4897 Andronicus
1190 4846 1520 4910 accepisset,
1581 4857 1681 4896 nec
1741 4857 1900 4910 opem
1940 4852 1994 4896 et
2041 4844 2326 4912 pontiliees
2383 4844 2526 4898 ferre
2574 4847 2908 4914 potuissent,
2958 4857 3019 4902 ut
3071 4848 3508 4904 misericordiam

257 4939 582 5004 impetraret
605 4937 654 5006 (a
682 4935 1003 4990 crudelibus
1031 4935 1179 4990 enim
1209 4935 1478 5003 saevisque
1509 4934 1826 4989 hominibus
1864 4935 2288 5004 abripiebatur),
2324 4939 2501 4992 oculis
2564 4939 2782 4993 ell‘ossis
2845 4951 3170 4995 excazeatur.
3207 4940 3415 4996 Deinde
3440 4944 3511 4996 ad

259 5031 653 5100 Propontidem
682 5032 928 5102 jumento
964 5039 1172 5096 vectus,
1208 5045 1330 5086 cum
1361 5040 1526 5112 caput
1587 5046 1619 5085 e
1685 5039 1898 5086 tumore
1935 5041 2257 5101 corruptum
2306 5034 2552 5099 haberet,
2601 5035 2886 5105 oculisque
2936 5050 3060 5092 cum
3119 5046 3234 5093 toto
3277 5054 3509 5109 corpore

330 5233 439 5300 (9i)
474 5231 576 5287 Uni
628 5233 930 5288 Andronici
975 5234 1029 5287 in
1077 5235 1372 5303 Diogenem
1409 5237 1700 5291 barbarum
1753 5252 1816 5291 ac

1922 5236 2166 5290 acerbam
2216 5237 2278 5291 de
2309 5239 2480 5290 reditu
2512 5240 2828 5292 mentionem
2853 5240 3118 5308 injicicns,
3152 5257 3245 5309 per
3278 5259 3339 5294 ca
3391 5241 3508 5298 lora

253 5306 484 5358 crudele
524 5303 740 5356 facinus
780 5315 1060 5365 narratur,
1102 5316 1313 5358 var.ant
1357 5308 1596 5372 codices,
1628 5311 1655 5360 6
1697 5310 1817 5360 Ἀν-

1924 5309 2133 5369 traxit,
2172 5309 2228 5360 in
2281 5309 2466 5377 quibus
2533 5319 2693 5362 antea
2755 5321 2810 5362 nt
2869 5311 3007 5361 licus
3085 5312 3393 5364 habebatur.
3441 5314 3508 5366 Et

254 5376 504 5440 δρὸνικος
536 5375 656 5425 νόου
694 5378 966 5442 μέμνηται
1018 5375 1180 5429 habet
1226 5376 1309 5438 Ρη
1341 5379 1402 5428 οὐ
1438 5379 1594 5428 νόσου
1638 5377 1819 5431 Leun-

255 5444 470 5496 clavius
517 5461 531 5495 :
567 5445 648 5496 sie
698 5448 843 5496 enim
892 5443 1280 5512 interpretatus
1315 5456 1398 5497 est
1422 5488 1436 5511 ,
1471 5449 1619 5500 nulla
1653 5450 1818 5502 morbi

295 5529 362 5564 uo
411 5515 683 5565 laborabat
731 5513 940 5564 ratione
985 5515 1205 5579 habita;
1256 5523 1312 5568 at
1361 5516 1711 5583 Augustanus
1758 5534 1820 5572 ac

256 5531 362 5634 tuo
411 5531 683 5565 taooravat
731 5531 940 5564 ratione
985 5531 1205 5579 naotla;
1256 5531 1312 5568 at
1361 5531 1711 5583 Augustanus
1758 5534 1820 5572 ac

304 5599 555 5637 avartcus
607 5585 871 5635 exhibent
930 5585 1117 5635 νόστου
1155 5587 1314 5654 longe
1353 5591 1554 5654 aptius.
1590 5589 1821 5654 ideoque

257 5668 342 5705 sne
389 5657 752 5725 concipienda
801 5654 904 5706 loci
962 5655 1111 5725 illius
1151 5659 1374 5708 vet-sio:
1414 5660 1687 5725 Diogenen:
1716 5661 1824 5711 An-

255 5724 503 5777 dronicus
535 5739 709 5776 secum
743 5725 982 5789 abduxit,
1008 5724 1199 5793 vilique
1212 5725 1455 5794 jumcnto
1489 5724 1820 5797 impositum,

500 5817 775 5876 ΡΑτιιοι..
813 5819 930 5878 GR.
970 5817 1232 5882 CLVill.

1922 5391 2058 5429 vero
2119 5387 2303 5431 nostra
2363 5381 2475 5432 haec
2538 5381 2811 5433 sententia
2881 5382 3128 5432 lirmatur
3178 5384 3506 5437 auctoritrte

1922 5445 2151 5500 Joannis
2197 5448 2563 5516 Curopalataa,
2617 5464 2682 5502 ex
2715 5465 2825 5515 quo
2856 5465 2952 5502 sua
2990 5449 3134 5501 haud
3181 5452 3348 5505 dubie
3386 5468 3510 5505 mu-

1928 5527 2115 5571 tuatus
2146 5526 2230 5571 est
2254 5534 2446 5590 noster
2475 5519 2671 5589 Glycas
2720 5537 2732 5572 :
2768 5520 2976 5572 Νόστου
3024 5521 3080 5571 δὲ
3107 5521 3270 5584 εὐθὺς
3304 5526 3506 5590 μιμνή-

1928 5604 2116 5663 σκεται
2161 5591 2189 5639 6
2249 5589 2609 5663 ἰξνδρόνικος,
2648 5594 2742 5663 καὶ
2783 5592 2851 5642 τὰ
2897 5592 3042 5663 ἑξῆς,
3069 5593 3250 5644 statim
3306 5589 3506 5647 reditas

1931 5659 2242 5711 mentionem
2275 5661 2399 5728 facit
2434 5660 2780 5726 Andronicus,
2818 5671 2913 5716 etc.

3089 5829 3168 5888 20
