4198 6444
233 343 235 346 ⁴
295 335 399 398 613

1518 331 1916 391 ANNALIUM
1962 328 2156 388 PARS
2203 328 2295 388 Ν.

3433 312 3535 375 liii:

294 459 387 514 καὶ
429 454 718 525 ἐπώνυμον
745 453 822 523 τῷ
854 451 1065 522 βασιλεῖ
1087 451 1308 521 Μιχαὴλ
1355 452 1851 520 περιποιήσασθαι·

1963 462 2082 500 cem
2145 442 2626 513 monopoliumque
2679 439 3058 492 constituerat.
3123 435 3273 489 Unde
3341 431 3540 486 factum

290 553 351 605 τὸ
378 550 434 602 δὲ
467 546 863 618 Παραπινάκης
887 544 1104 612 λέγεται
1131 544 1218 596 διὰ
1245 543 1304 595 τὸ
1329 543 1627 612 τηνικαῦτα
1651 543 1740 594 τὸν
1768 541 1859 610 μό-

291 643 402 696 διον
431 638 582 711 παρά
619 639 868 692 πινάκιον
907 634 1319 708 πιπράσκεσθαι
1349 635 1424 705 τῷ
1464 636 1784 705 νομίσματι.

358 909 586 969 Χαύνως
633 904 728 958 οὖν
770 905 864 958 καὶ
909 902 1284 972 παιδαριωδῶς
1314 901 1408 972 τὴν
1432 901 1710 969 βασιλείαν
1745 903 1858 955 ἰθύ-

290 1017 471 1062 νοντος
512 999 605 1050 τοῦ
649 997 868 1066 Μιγαὴλ
916 996 1010 1047 καὶ
1041 995 1303 1064 Σερϐικα“ι
1338 994 1515 1064 χῶραι
1570 996 1861 1057 κατεξανέ-

291 1108 496 1161 στησαν
549 1091 642 1142 καὶ
695 1089 1010 1158 Φραγκικαὶ
1077 1086 1342 1148 ὡσαύτως
1404 1086 1715 1155 ἀφηνίασαν
1768 1088 1862 1139 καὶ

290 1181 591 1253 ίδιὸρυθμοι
619 1181 929 1250 γεγόνασιν.
980 1179 1104 1233 Ἐπὶ
1135 1179 1348 1241 τούτοις
1385 1178 1580 1248 ἐτέχθη
1615 1181 1673 1231 ἐν
1703 1179 1860 1231 Κων-

290 1275 731 1330 σταντινοαπόλει
761 1273 988 1343 τρίπους
1013 1271 1164 1340 δρνις
1194 1271 1290 1325 καὶ
1323 1271 1536 1324 παιδίον
1567 1271 1690 1340 ἔχον
1721 1272 1860 1325 κατά

286 1367 541 1437 μέτωπον
591 1363 867 1434 ὀφθαλμὸν
922 1362 1039 1427 ἕνα,
1075 1359 1438 1432 τραγοσκελὲς
1494 1363 1618 1424 τοὺς
1669 1360 1856 1423 πόδας.

289 1456 446 1511 Κατά
474 1453 658 1509 τοῦτον
691 1456 874 1523 μέντοι
922 1455 1013 1506 τὸν
1058 1452 1249 1523 καιρὸν
1279 1453 1375 1506 καὶ
1411 1452 1601 1521 λοιμὸς
1638 1452 1861 1520 ἐγένετο

291 1547 571 1619 βαρὺς,ὼς
604 1547 734 1617 μηδὲ
759 1547 883 1607 τοὺς
915 1545 1248 1614 θνήσκοντας
1272 1544 1499 1598 δυνατὸν
1531 1543 1856 1598 θάπτεσθαι.

302 1639 441 1692 Ἀλλ’
477 1639 596 1691 οὐδὲ
649 1638 824 1691 ταῦτα
863 1638 962 1708 τὴν
1007 1637 1116 1690 τῶν
1164 1637 1515 1706 κρατούντων
1549 1638 1861 1707 ἀπληστίαν

287 1731 383 1783 καὶ
417 1730 630 1783 ἀδικίαν
656 1729 754 1800 τὴν
784 1729 977 1799 μέχρις
1001 1727 1182 1782 αὐτῶν
1204 1729 1313 1782 τῶν
1341 1727 1502 1805 θείων
1531 1729 1713 1799 σηκῶν
1743 1728 1856 1800 (94)

1963 551 2046 594 est
2078 546 2136 590 ut
2161 537 2458 604 imperator
2489 532 2784 586 Michaelus
2818 537 3238 597 cognorentmn
3261 526 3536 593 quoddam

1965 632 2261 699 acciperet,
2293 644 2356 682 ac
2400 627 2764 696 Parapinaccs
2797 632 3210 691 nuncuparetur
3252 629 3539 687 propterea

1963 725 2108 794 quod
2143 742 2208 778 eo
2258 733 2501 792 tempore
2551 721 2784 784 modius,
2812 717 3029 787 pinaeio
3074 715 3296 783 dempto
3339 722 3393 767 et
3442 711 3540 764 de-

1965 826 2156 880 tracto,
2224 830 2390 869 aureo
2444 828 2668 867 nummo
2719 811 3072 864 tenderetur.

2034 908 2170 961 Cum
2201 917 2381 960 autem
2415 904 2714 959 Michaelus
2742 903 3034 970 imperium
3067 898 3407 967 negligenter
3441 895 3540 948 ad-

1965 1000 2187 1052 modum
2258 1009 2314 1053 et
2380 997 2667 1065 pueriliter
2729 992 3164 1055 administraret,
3224 989 3540 1043 Serviornm

1963 1105 2179 1160 quoque
2239 1091 2486 1159 regiones
2574 1087 2778 1141 molita:
2838 1086 3198 1140 defectionem
3282 1082 3544 1134 adversus

1964 1184 2144 1251 ipsum
2195 1182 2652 1244 insurrexerunt;
2687 1178 2872 1232 itidem
2930 1175 3204 1228 Francicae.
3249 1170 3543 1240 imperium

1915 1293 1922 1296 ν
1968 1274 2345 1328 detractarunt
2401 1274 2595 1342 suique
2637 1271 2776 1339 juris
2835 1269 2993 1324 factm
3043 1275 3192 1322 sunt.
3227 1263 3540 1319 Secundum

1965 1365 2079 1418 hac
2101 1361 2254 1433 Cpoli
2278 1372 2404 1418 nata
2430 1373 2512 1417 est
2535 1363 2650 1417 avis
2683 1361 2876 1430 tripes,
2907 1371 2963 1414 et
2994 1374 3128 1428 puer
3157 1359 3251 1428 qui
3285 1372 3452 1422 unum
3486 1355 3541 1407 in

1965 1459 2145 1512 fronte
2170 1457 2394 1511 oculum
2421 1469 2475 1510 et
2498 1470 2659 1510 crura
2693 1454 2968 1523 pedesque
3003 1453 3249 1505 hircinos
3281 1448 3541 1503 habebat.

1963 1548 2168 1603 Eodem
2203 1559 2446 1616 tempore
2476 1547 2643 1615 pestis
2673 1547 2810 1600 adeo
2840 1545 3020 1616 gravis
3058 1543 3269 1598 exstitit
3301 1550 3360 1594 ut
3383 1556 3542 1620 pmor-

1967 1652 2184 1695 tuorum
2219 1641 2484 1695 Cadavera
2531 1638 2752 1707 sepeliri
2789 1654 2896 1692 non
2941 1646 3186 1707 possent.
3222 1635 3423 1690 Verum
3471 1649 3540 1686 ne

1960 1735 2080 1787 haec
2112 1731 2335 1800 quidem
2369 1745 2561 1784 eorum
2594 1729 2685 1799 qui
2725 1728 2892 1783 rebus
2919 1736 3188 1797 przeerant
3217 1727 3545 1794 iniustitiam

288 1822 522 1891 (ἔπιπλα
568 1821 677 1890 γὰρ
710 1797 1058 1890 *καὶνσκεύη
1107 1819 1267 1890 τίμια
1321 1797 1860 1891 κάκεῖθεν-ἀφῄρητο

1960 1832 2018 1878 et
2046 1824 2396 1892 rapacitatem
2429 1819 2819 1889 incithebilem
2849 1834 3198 1888 cmupescere
3223 1828 3544 1887 potuerunt,

281 1914 316 1965 δ
373 1913 533 1982 μόνον
579 1912 858 1982 ἰαμϐίζειν
923 1910 1145 1976 ἐθέλων,
1183 1912 1278 1964 καὶ
1335 1911 1511 1963 ταῦτα
1565 1911 1700 1980 μηδὲ
1761 1912 1860 1981 τῆς

285 2007 482 2077 τέχνης
533 2005 912 2076 γευσάμενος,
965 2003 1070 2058 κᾶν
1129 2002 1205 2074 τῷ
1262 2003 1459 2074 Ψελλῷ
1515 2003 1893 2082 ὲνεπαίζετολ

285 2098 602 2153 ἀναστεῖλαι
633 2099 839 2167 ἴσχυεν.

1960 1915 2348 1971 extendentem
2379 1929 2548 1985 porro
2587 1929 2645 1967 se
2683 1912 2751 1966 ad
2785 1913 2930 1982 ipsas
2966 1913 3132 1967 etiam
3171 1928 3355 1967 sacras
3379 1913 3544 1966 aedes.

1960 2007 2093 2062 Nam
2123 2007 2190 2061 ab
2221 2008 2322 2063 hoc
2349 2017 2594 2076 tempore
2629 2006 3028 2076 supellectilem
3080 2021 3290 2060 sacram
3341 2006 3546 2074 pretiu-

1960 2114 2130 2169 saque
2155 2114 2281 2153 vasa
2317 2098 2552 2152 tolerare
2585 2113 2695 2152 non
2721 2109 2937 2167 poterat
2960 2098 3148 2163 homo,
3175 2098 3268 2167 qui
3302 2099 3548 2151 scribere

286 2189 500 2244 iambos
552 2198 781 2260 cuperet
836 2198 1106 2244 attentum
1165 2189 1482 2257 duraturos,
1505 2205 1630 2244 cum
1691 2198 1865 2244 artem
1940 2190 2112 2262 ipsam
2176 2205 2244 2246 ne
2277 2191 2616 2260 primoribus
2657 2191 2880 2260 quidem
2933 2191 3105 2246 labris
3162 2189 3545 2261 degustasset;

283 2296 411 2343 Itut
435 2288 484 2341 ei
527 2287 740 2343 Psellus
771 2286 1047 2350 illuderet,
1079 2301 1106 2340 a
1131 2301 1242 2356 quo
1277 2287 1543 2341 rationem
1581 2287 1857 2343 scribendi
1898 2293 2152 2355 poemata
2207 2285 2568 2356 percipiebat.

353 2380 513 2434 Οὕτω
545 2381 642 2449 μὲν
668 2376 760 2434 οὖν
790 2380 1022 2452 ἑχόντων
1053 2379 1161 2434 τῶν
1187 2381 1531 2448 πραγμάτων
1559 2381 1861 2452 στρατηγοὶ

283 2474 381 2543 τῆς
412 2473 697 2542 ἀνατολῆς,
733 2473 760 2526 ὅ
788 2489 848 2525 τε
889 2472 1253 2543 Ἀλέξανδρος,
1286 2472 1314 2525 ὁ
1359 2473 1676 2536 Καϐἀσιλας
1707 2475 1800 2526 καὶ
1830 2475 1858 2526 δ

284 2565 664 2634 Βοτανειάτης,
697 2565 764 2634 ἢν
829 2565 1172 2619 ἀποστασίαν
1211 2563 1401 2618 ὥδινον
1458 2567 1537 2626 si;
1586 2565 1702 2632 φῶς
1737 2565 1858 2629 ἐξά-

283 2671 461 2724 γουσι,
497 2657 589 2708 καὶ
619 2654 709 2708 τὸν
737 2654 1096 2724 Βοτανειάτην
1138 2654 1453 2725 Νικηφόρον
1479 2653 1702 2724 βασιλέα
1733 2657 1859 2708 ἁνα-

283 2747 596 2819 γορεύουσι.
648 2748 762 2802 Καὶ
823 2745 900 2818 τῷ
955 2738 1171 2817 βασιλεῖ
1232 2749 1292 2800 οὐ
1355 2747 1561 2818 μικράν
1619 2747 1860 2818 ἀθυμίαν

282 2839 606 2904 ινὲσταξεν-·
661 2835 728 2911 ἦν
785 2838 895 2907 γὰρ
944 2840 1038 2893 καὶ
1093 2839 1197 2909 πρὸ
1225 2837 1319 2892 τοῦ
1365 2838 1659 2908 λεγόμενον
1690 2838 1858 2892 ὅτιτὸ

280 2931 717 3002 τεσσαρακοστὸν
767 2931 1118 3002 νικηθήσεται
1169 2931 1274 2984 ὑπὸ
1329 2929 1423 2983 τοῦ
1460 2931 1854 3000 πεντηκοστοῦ.

2036 2379 2095 2432 lu
2131 2378 2232 2434 hoc
2261 2395 2443 2434 rerum
2470 2389 2614 2434 statu
2648 2380 2818 2436 duces
2847 2380 3097 2443 orientis,
3128 2379 3389 2434 nimirum
3421 2381 3548 2435 Ale-

1962 2471 2189 2535 xander,
2225 2472 2522 2537 Cabasilas,
2556 2473 2890 2541 Botaniates,
2953 2474 3162 2538 caeteri,
3197 2489 3361 2543 quam
3398 2473 3552 2528 defe-

1963 2565 2201 2618 ctionem
2238 2565 2623 2634 parturicbant
2661 2566 2950 2632 hactenus,
2976 2567 3030 2621 in
3085 2568 3264 2620 lucem
3295 2566 3545 2629 edidere,

1959 2654 2245 2710 Botaniata
2306 2656 2636 2726 imperatore
2689 2657 2997 2727 designato.
3041 2659 3293 2728 Magnum
3340 2673 3405 2712 ea
3459 2674 3548 2712 res

1957 2747 2278 2816 imperatori
2331 2762 2623 2801 mmrorem
2686 2748 2893 2802 attulit.
2954 2749 3168 2802 Etenim
3218 2750 3330 2818 jam
3386 2758 3544 2802 antea

1956 2855 2176 2908 quoque
2205 2840 2366 2910 vulgo
2389 2839 2664 2893 ferebatur
2692 2840 2938 2894 futurum
2970 2848 3031 2893 ut
3069 2841 3285 2894 numeri
3310 2839 3546 2910 quadra-

1954 2931 2146 2999 gesimi
2183 2941 2307 2984 nota
2341 2931 2654 2985 vinceretur
2685 2947 2714 2984 a
2745 2939 2872 2985 nota
2911 2931 3127 2986 numeri
3155 2932 3546 3000 quinquagesi-

281 3025 392 3078 Καὶ
415 3024 474 3078 οὐ
519 3025 681 3094 μέχρι
733 3026 924 3078 τούτου
985 3026 1016 3091 ή
1078 3023 1220 3076 κατά
1255 3021 1474 3094 Μιχαὴλ
1526 3023 1854 3091 ἀποστασία,

1965 3023 2058 3075 mi.
2089 3021 2274 3090 Neque
2298 3029 2510 3076 tantum
2540 3021 2803 3077 adversus
2835 3022 3160 3077 Michaelum
3187 3024 3310 3077 istic
3338 3023 3546 3076 tumul-

283 3116 419 3170 ἀλλά
455 3117 550 3170 καὶ
597 3115 798 3187 μείζων
843 3115 980 3187 ἄλλη
1018 3118 1159 3168 κατά
1184 3115 1338 3168 δύσιν
1377 3115 1597 3182 ἐγένετο
1623 3129 1637 3145 ⁸
1681 3116 1710 3169 6
1745 3117 1855 3184 γάρ

283 3207 574 3277 Βρυέννιος
648 3206 758 3262 ἀπὸ
825 3207 920 3260 τοῦ
997 3207 1308 3278 Δυρραχίου
1385 3205 1692 3278 διεγερθεὶς
1758 3207 1855 3260 καὶ

284 3303 520 3365 συνάξας
560 3299 792 3372 στρατὸν
826 3300 956 3370 περὶ
982 3298 1082 3371 τὴν
1125 3298 1603 3368 ’Δνδριανούπολιν
1633 3299 1853 3371 ἔρχεται

281 3395 378 3448 καὶ
407 3392 658 3461 βασιλεὺς
685 3391 1105 3461 ἀναγορεύεται,
1140 3391 1469 3461 προσϐάλλει
1495 3392 1553 3445 δὲ
1585 3395 1680 3446 καὶ
1698 3394 1854 3447 Κων-

282 3484 748 3539 σταντινουπόλει.
788 3483 928 3538 Ἀλλ’
987 3484 1138 3538 οὐδὲν
1195 3485 1426 3556 ήνυσεν·
1474 3487 1507 3556 ή
1548 3485 1655 3556 γάρ
1703 3486 1856 3556 βασι-

282 3577 516 3631 λεύουσα
559 3576 746 3648 σχεδὸν
795 3577 984 3630 ἅπασα
1042 3576 1122 3646 τῷ
1171 3575 1502 3650 Βοτανειάτῃ
1538 3578 1855 3648 προσέθετο,

283 3669 380 3722 καὶ
425 3669 524 3739 τὴν
569 3666 738 3721 αὐτοῦ
767 3666 823 3720 δὲ
853 3665 1162 3736 παρουσίαν
1192 3664 1440 3735 ιτάχυνε,
1474 3666 1568 3719 καὶ
1597 3664 1667 3718 τά
1702 3665 1858 3735 βασί-

282 3763 402 3816 λεια
458 3759 789 3816 καταλαϐεῖν
838 3759 1000 3812 αὑτὸν
1043 3758 1367 3812 ἐπέσπευδε.
1401 3759 1505 3811 Τὸν
1545 3758 1600 3811 δὶ
1639 3759 1858 3830 Μιχαὴλ

282 3853 604 3926 καθαιροῦσι
640 3854 737 3909 σὺν
765 3857 830 3927 τῇ
863 3853 1083 3922 γυναικὶ
1119 3853 1213 3910 καὶ
1262 3852 1339 3922 τῷ
1367 3850 1468 3923 υίῷ
1499 3850 1666 3906 αὐτοῦ
1703 3853 1858 3906 Κων-

284 3949 550 4020 σταντίνῳ
575 3946 654 4018 τῷ
685 3947 1201 4016 πορφυρογεννήτῳ,
1246 3945 1338 3999 καὶ
1364 3943 1762 4016 ἀποκείραντας
1789 3945 1854 4016 τῇ

285 4042 423 4111 μονῇ
457 4037 551 4094 τοῦ
593 4037 844 4092 Στουδίου
876 4039 1102 4092 ινιᾶσιν.

355 4229 680 4302 Εἰσέρχεται
726 4226 818 4282 οὖν
848 4229 875 4281 ὁ
905 4226 1286 4297 Βοτανειάτης,
1331 4227 1424 4280 καὶ
1453 4229 1605 4296 παρά
1633 4228 1726 4282 τοῦ
1756 4247 1859 4282 πα-

1958 3121 2196 3178 tuatum,
2259 3114 2354 3167 sed
2404 3113 2512 3167 alia
2579 3127 2797 3190 quoque
2861 3113 3098 3169 defectio
3153 3115 3546 3186 in'occidente

1961 3206 2132 3261 muito
2162 3205 2330 3275 major
2373 3206 2607 3260 exstitit.
2643 3205 2779 3259 Nam
2831 3204 3141 3277 Bryennius
3199 3205 3544 3276 Dyrrhachio

1959 3299 2241 3369 profectus
2286 3301 2645 3370 exercituque
2685 3300 2913 3355 collecto
2968 3301 3378 3371 Adrianopolitn
3423 3320 3545 3358 sese

1961 3390 2553 3454 contulit,etoblatum
2580 3391 2869 3446 sibiasuis
2901 3393 3314 3461 imperatorium
3346 3411 3544 3449 nomen

1962 3483 2196 3553 accepit.
2229 3483 2349 3549 Quo
2376 3484 2519 3537 facto
2552 3482 2765 3552 Cpolim
2817 3485 3089 3548 adoritur,
3120 3485 3214 3540 sed
3249 3477 3402 3540 irrito
3449 3505 3548 3542 co-

1960 3585 2093 3630 natu
2123 3592 2136 3629 :
2170 3576 2374 3659 quippe
2400 3586 2510 3630 tota
2541 3577 2939 3646 pronemodum
2994 3578 3126 3633 urbs
3186 3581 3541 3649 imperatoria

1959 3665 2257 3720 Botaniata:
2292 3667 2448 3736 331
2479 3667 2646 3724 rebus
2694 3670 2923 3724 studens
2971 3685 3096 3724 eum
3147 3674 3548 3728 exhortabatur

1961 3771 2020 3813 ut.
2051 3774 2213 3830 quam
2237 3760 2475 3829 primum
2501 3762 2734 3826 veniret,
2768 3763 3041 3834 simulque
3072 3780 3284 3820 summa
3315 3765 3545 3821 fustium

1962 3854 2109 3907 tione
2144 3853 2344 3924 regiam
2404 3853 2578 3924 ipsius
2632 3855 2855 3910 nomine
2917 3857 3244 3927 occepabat.
3275 3858 3387 3914 Nec
3444 3859 3549 3916 hos-

1959 3943 2200 3999 contenti
2225 3944 2552 4000 Michaelum
2585 3945 2762 4016 ipsum
2791 3962 2915 4002 cum
2941 3963 3111 4004 uxore
3141 3949 3546 4005 Constantino—

1958 4051 2068 4105 que
2105 4036 2218 4091 tilio
2258 4037 2650 4110 purpurigcna,
2686 4039 2957 4111 dejectum
3005 4041 3240 4113 imperio
3282 4044 3548 4100 radebant

1959 4129 2024 4181 ac
2059 4126 2389 4183 Studiaumn
2426 4131 2480 4184 in
2521 4134 2917 4188 monasterium
2973 4136 3401 4193 concludebant.

2033 4233 2148 4286 lloc
2185 4233 2348 4287 modo
2383 4234 2696 4290 Botaniatcs
2727 4236 2915 4292 urbem
2951 4240 3236 4308 ingressus
3265 4259 3293 4295 a
3327 4244 3546 4312 Cosma,

279 4324 546 4394 τριάρχου
595 4322 870 4390 στέφεται,
899 4319 993 4373 τοῦ
1037 4317 1424 4389 διαδεξαμένου
1459 4319 1550 4373 τὸν
1577 4321 1855 4390 Ξιφιλϊνον

1961 4328 2053 4395 qui
2083 4325 2364 4395 Xiphiliuo
2409 4329 2462 4381 in
2503 4329 2870 4397 patriarchatu
2924 4345 3288 4396 successerat,
3313 4335 3550 4405 insigni-

281 4417 502 4486 Κοσμᾶ.
537 4414 643 4467 Καὶ
675 4412 921 4483 κρατεῖό
953 4412 1314 4482 Βοτανειάτης
1361 4410 1455 4483 ἐτη
1493 4419 1562 4482 γ’.
1605 4415 1759 4468 Ἐπεὶ
1802 4415 1858 4468 δὲ

280 4506 380 4559 καὶ
429 4507 456 4558 ὀ
507 4504 786 4574 Βρυέννιος
819 4501 889 4554 τὰ
940 4503 1081 4555 κατά
1129 4499 1282 4555 δύσιν
1317 4501 1609 4571 ἐτάρασσε,
1647 4504 1857 4574 πέμπει

281 4598 420 4670 πρὸς
447 4598 609 4650 αὐτὸν
639 4595 896 4664 πρέσϐεις
921 4593 1016 4648 καὶ
1048 4593 1196 4659 ἅπαξ
1224 4594 1318 4647 καὶ
1351 4594 1433 4656 δὶς
1459 4595 1555 4648 καὶ
1584 4598 1727 4666 τρὶς,
1761 4596 1857 4664 τῆς

283 4691 389 4762 μὲν
422 4688 615 4757 ἀλόγου
654 4686 882 4756 ὀρέξεως
927 4685 1209 4756 ἐκστῆναι,
1259 4687 1340 4749 είς
1388 4687 1645 4757 Κάίσαρα
1684 4689 1740 4741 δὲ
1785 4706 1866 4742 τι-

282 4781 546 4852 μηθῆναι.
592 4777 652 4829 '0
682 4775 728 4828 δ’
760 4778 862 4828 οὐκ
895 4775 1166 4845 ἀνέχεται.
1197 4775 1262 4828 Τί
1286 4775 1348 4828 τὸ
1375 4775 1469 4828 ἐπὶ
1493 4777 1740 4844 τούτοιςς
1790 4777 1853 4832 Ἥ

279 4870 459 4940 σκηνὴ
483 4866 649 4922 αὑτοῦ
676 4868 867 4920 πίπτει
899 4865 991 4920 τοῦ
1020 4867 1219 4936 ὀρόφου
1250 4867 1659 4935 παραλυθέντος
1685 4870 1853 4942 ἀορά-

275 4980 395 5026 τοις
419 4961 597 5033 χερσί.
618 4959 937 5031 Τηνικαῦτα
977 4961 1071 5013 καὶ
1108 4959 1338 5030 σελήνης
1366 4961 1610 5031 ἔκλειψις
1642 4963 1855 5031 γίνεται

278 5055 365 5118 είς
418 5054 581 5107 αὑτὸν
639 5053 1032 5122 ὲπισκήψασα’
1095 5054 1162 5106 τά
1222 5055 1331 5123 γὰρ
1395 5054 1750 5119 τοιαῦτα,ὡ;
1805 5057 1854 5108 οἱ

275 5150 604 5222 ἀστρολόγοι
671 5149 1088 5218 τερατεύονται,
1152 5149 1566 5217 τυραννούντων
1632 5149 1856 5219 δηλοῦσι

281 5243 658 5314 καθαιρέσεις.
703 5241 858 5295 Ἐπεὶ
884 5239 1014 5310 γοῦν
1046 5242 1074 5293 ὁ
1113 5241 1582 5312 Στραϐορώμανος
1615 5243 1856 5313 πρέσϐυς

280 5439 378 5479 ras
406 5442 420 5479 :
450 5423 604 5477 Σίτου
643 5419 944 5491 γενομένης
993 5418 1204 5491 ἐνδείας
1231 5419 1296 5491 ἐν.
1339 5421 1460 5483 ταῖς
1487 5420 1721 5491 ἡμέραις
1763 5423 1857 5476 τοῦ

281 5489 910 5566 βασιλέωςίτοῦτουήλὼς
945 5490 1020 5562 μὴ
1058 5490 1178 5566 ὅλον
1213 5489 1469 5566 μέδιμνον
1505 5496 1582 5553 εἰς
1604 5489 1861 5566 νόμισμα

277 5562 664 5629 αποδίδοσθαι,
703 5563 839 5625 ἀλλά
877 5566 1028 5630 παρὰ
1057 5563 1331 5626 πινάκιον,
1356 5563 1384 5614 ὃ
1429 5564 1546 5614 ἐστι
1596 5562 1861 5631 μεδίμνου

278 5640 347 5689 τὸ
391 5639 678 5704 τέταρτον.
739 5633 882 5687 Hinc
928 5647 1060 5704 ergo
1114 5631 1197 5704 vel
1251 5631 1487 5704 maxime
1535 5632 1713 5700 liquet
1752 5639 1860 5687 n0n

278 5720 406 5760 esse
429 5701 676 5774 pinacem
695 5714 904 5758 certum
924 5702 1070 5774 quid
1089 5701 1282 5754 minuti
1304 5702 1652 5774 numismatiu
1670 5719 1862 5772 genus,

281 5778 384 5830 sed
418 5771 678 5831 medimni
711 5776 893 5844 potius
933 5771 1314 5844 quadrantem,
1343 5780 1399 5824 ut
1425 5772 1649 5828 disertis
1680 5771 1869 5829 \‘erbis

1962 4419 2066 4472 bus
2097 4413 2306 4487 imperii
2337 4421 2646 4483 redimitur,
2671 4423 2757 4475 cui
2804 4423 3102 4478 triennium
3135 4427 3370 4494 praefuit.
3404 4431 3545 4494 Quia

1963 4525 2097 4564 Vero
2155 4511 2461 4580 Byrennius
2525 4513 2872 4568 occidentem
2933 4517 3315 4585 perturbabat,
3375 4524 3545 4576 semel

1960 4601 2272 4672 iterumque
2340 4620 2404 4658 ac
2468 4605 2688 4658 tertium
2730 4621 2949 4676 quoque
3015 4607 3228 4678 legatos
3292 4612 3357 4665 ad
3419 4627 3546 4666 eum

1963 4695 2148 4760 mittit,
2180 4698 2463 4766 postulans
2494 4708 2550 4752 ut
2581 4701 2649 4754 ab
2681 4699 2870 4755 insana
2912 4702 3215 4771 cupiditate
3248 4705 3544 4760 desisteret

1963 4786 2343 4857 honoremque
2373 4789 2603 4844 Cmsaris
2646 4790 2709 4844 ad
2743 4806 2800 4846 se
2834 4791 3072 4848 dilatum
3113 4795 3426 4865 acciperet;
3459 4800 3547 4851 cui

1965 4887 2166 4934 tamen
2201 4881 2292 4934 ille
2357 4882 2630 4951 postulato
2690 4897 2800 4938 non
2865 4887 3162 4954 acquievit.
3216 4886 3358 4953 Quid
3417 4905 3547 4959 ergo

1964 4972 2226 5044 deinceps
2295 4976 2699 5030 consecutum?
2746 4976 3181 5033 Tabernaculum
3267 4979 3545 5050 Bryennii,

1966 5071 2110 5118 tecto
2132 5065 2251 5134 ejus
2284 5080 2380 5134 per
2409 5066 2829 5136 inaspectabiles
2858 5085 3049 5122 manus
3082 5070 3281 5136 soluto,
3306 5073 3544 5124 corruit.

1965 5155 2236 5211 Praeterea
2313 5158 2454 5212 lume
2538 5159 2787 5215 defectus
2867 5161 3088 5224 accidit,
3143 5163 3237 5231 qui
3322 5166 3546 5220 omnino

1966 5246 2297 5318 Brycnnium
2355 5251 2721 5319 reside-iebat:
2781 5268 2906 5308 nam
2963 5253 3279 5324 huiusmodi
3350 5257 3546 5328 signa.

1966 5425 2549 5502 explicuithnaras.
2611 5429 2766 5494 Quod
2831 5439 3014 5486 autem
3069 5434 3316 5502 νόμισμα
3379 5438 3551 5493 vertit

1971 5495 2357 5569 heurielarius,
2392 5516 2609 5561 aureum
2647 5518 2941 5569 nummum,
2968 5495 3164 5557 vereor
3190 5495 3250 5559 ut
3275 5507 3328 5569 id
3364 5509 3554 5567 ἁπλῶς

1971 5566 2194 5620 ﬁrmare
2237 5573 2426 5636 possit.
2927 5566 2936 5569 ⁷
3281 5601 3295 5612 -

2047 5638 2160 5711 (94)
2201 5640 2328 5693 Post
2363 5641 2524 5692 θείων
2559 5641 2744 5711 σηκῶν
2787 5643 2840 5697 in
2890 5658 3021 5697 mss.
3056 5643 3346 5698 codicibus
3395 5641 3558 5701 deus].
3593 5692 3602 5700 .

1978 5710 2380 5779 προδοίνουσαν
2422 5725 2515 5766 aut
2556 5710 2700 5767 aliud
2735 5715 2914 5768 simiie
2945 5717 3190 5772 verbum.
