4198 6444
245 372 342 437 617
1465 375 1868 436 ANNALIUM

1936 375 2105 432 Ἄρις
2147 373 2244 431 ιν.

312 486 518 550 Κρατεῖ
558 484 742 536 λοιπὸν
794 486 931 553 μετὰ
965 485 1054 537 τὸν
1086 484 1448 556 Βοτανειάτην
1476 489 1504 538 ὁ
1529 486 1807 555 Κομνηνὺς
1839 483 1884 542 Α

255 574 486 639 Ἀλέξιος
520 573 614 644 ἔτη
668 574 744 636 λζ’
797 577 894 626 καὶ
938 575 1016 642 τῷ
1066 575 1363 646 διαδήματι
1398 575 1675 644 στέφεται,
1703 576 1730 626 ό
1757 573 1811 626 δὲ

255 667 518 727 Ἰταάκιος
543 665 609 718 τά
645 666 870 734 δεύτερα
901 667 999 734 τῆς
1032 671 1197 737 τιμῆς
1230 663 1367 737 εἶχε,
1398 668 1571 739 καινῷ
1588 667 1813 736 ὀνόματι

247 757 637 826 ἐπιφημισοεὶς
672 758 822 826 αύτῷ
848 774 863 791 ο
913 759 1370 829 σεΰαστοκράτωρ
1395 761 1504 830 γὰρ
1536 757 1811 827 ἐπεκλήθη

248 851 344 901 καὶ
376 851 629 919 ὑπερεῖχε
670 850 766 903 τοῦ
813 851 1109 920 Καίσαρος.
1146 852 1281 922 Παρ’
1313 853 1496 914 αὐτοῖς
1536 852 1629 905 οῦν
1659 852 1690 920 ή
1723 851 1817 920 βα-

249 940 422 992 σιλεία
477 941 577 992 καὶ
616 944 682 1010 τῇ
726 943 897 1011 μητρὶ⁸
946 942 1147 998 αὐτῶν.
1175 938 1357 995 Ἦσαν
1397 944 1454 997 δέ
1495 943 1574 1011 τῷ
1611 943 1818 1011 βασιλεῖ

250 1031 343 1081 καὶ
394 1030 571 1101 ἕτεροι
622 1033 944 1101 αὑτάδελφοι
995 1033 1088 1087 δύο
1145 1035 1424 1105 νεώτεροι,
1455 1029 1532 1088 ὧν
1575 1035 1668 1088 τὸν
1719 1037 1817 1104 μὲν

263 1117 568 1188 Ἀνδριανδν
611 1120 811 1191 δηλαδὴ
867 1121 1323 1190 πρωτοσέὁάστον
1371 1125 1463 1177 καὶ
1515 1124 1820 1193 μεταδομέ-

254 1226 457 1271 στικον,
489 1210 581 1263 τὸν
629 1210 692 1263 ὁὲν
734 1212 1048 1282 Νικηφόρον
1096 1213 1355 1266 σέϐαστον
1387 1215 1480 1267 καὶ
1506 1212 1600 1266 τοῦ
1635 1214 1819 1267 στόλου

251 1300 629 1371 δρονγγᾶριον.
673 1303 834 1355 Ἀλλὰ
874 1306 966 1357 καὶ
1018 1305 1286 1373 κηδεστὰς
1335 1301 1482 1374 εἶχεν
1532 1306 1619 1358 ἐπ’
1667 1306 1818 1358 ἁδελ-

255 1395 383 1461 φαῖς
430 1395 523 1448 τὸν
562 1395 902 1466 Μελισσηνδν
953 1396 1270 1467 Νικηφόρον
1312 1398 1407 1449 καὶ
1469 1398 1686 1468 Μιχαὴλ
1732 1399 1823 1449 τδν

256 1490 542 1557 Ταρωνᾶν.
611 1488 670 1544 Ὀ
715 1491 900 1557 μέντοι
950 1490 1166 1560 κρατῶν
1216 1491 1514 1560 ἐπειδήπερ
1566 1490 1824 1551 ἐσπάνιζε

261 1580 576 1648 χρημάτων,
606 1580 704 1642 τὰς
740 1581 988 1650 ἐτησίους
1013 1581 1186 1644 δόσεις
1215 1581 1436 1650 ἐνέκοψε
1467 1581 1564 1644 τάς
1593 1581 1825 1650 ἀνηκού-

262 1685 362 1731 σας
407 1669 648 1737 δηλονότι
701 1672 814 1732 τοῖς
874 1671 1172 1740 ἀξιώμασι,
1201 1674 1603 1744 προσατῃρεῖτο
1645 1673 1828 1726 δὲκαὶ

261 1762 359 1822 τὰς
391 1759 706 1829 περιουσίας
751 1761 859 1828 τῶν
891 1763 1290 1832 συγκλητικῶν.
1339 1763 1395 1815 '0
1439 1764 1622 1832 μέντοι
1658 1762 1825 1829 ἁγιώ-

261 1870 424 1915 τατος
453 1853 798 1924 πατριάρχης
831 1857 1058 1923 Κοσμᾶς
1102 1858 1168 1926 τῇ
1200 1857 1306 1908 τῶν
1334 1856 1533 1909 κοινῶν
1567 1856 1823 1928 πραγμά-

263 1961 375 1998 των
415 1944 788 2015 μεταχειρίσει
842 1946 1294 2016 άπαρεσκόμενος
1343 1949 1436 2000 καὶ
1496 1946 1833 2016 ἀπεγνωκὼς

265 2040 366 2108 τὴν
421 2039 724 2108 διόρθωσιν,
755 2037 830 2109 τῷ
874 2039 1144 2112 ὑπηρέτῃ,
1191 2057 1210 2091 ι
1238 2035 1424 2109 Ἆρον,
1460 2059 1478 2092 ι
1526 2041 1737 2092 εἰπὼνι
1774 2041 1836 2094 τὸ

266 2130 566 2200 ψαλτήριον
599 2132 691 2185 καὶ
721 2130 1002 2185 ἀκολούθει
1034 2148 1146 2202 μοι,
1193 2149 1211 2183 ι
1246 2131 1345 2199 τῆς
1378 2131 1674 2201 ἐκκλησίας
1701 2133 1834 2186 ἁναο

269 2225 458 2294 χωρεῖ.
491 2225 897 2295 Προχειρίζεται
940 2223 1002 2277 δὲ
1051 2223 1166 2278 ἀντ’
1219 2225 1384 2278 αὑτοῦ
1423 2225 1697 2290 ’ἐκτομίας
1755 2240 1838 2289 τις

271 2315 629 2385 Εὐστράτιος,
674 2317 880 2385 ἀφελὴς
935 2315 1076 2387 ἀνὴρ
1115 2315 1211 2369 καὶ
1267 2315 1440 2386 γωνία
1496 2317 1564 2369 τά
1605 2315 1840 2385 μάλιστα

272 2406 590 2476 προσήκων.
620 2405 774 2460 Μετὰ
797 2405 853 2459 δὲ
881 2404 977 2476 ἔτη
1021 2404 1072 2475 γ’
1105 2405 1406 2474 κατάγεται
1440 2407 1536 2459 καὶ
1561 2406 1728 2462 ἄκων.
1776 2406 1840 2460 Ἡ

271 2498 332 2551 δὶ
379 2497 529 2551 αἰτία
577 2499 677 2550 οὑκ
712 2497 1002 2567 ἔγνωσται.
1046 2496 1188 2550 Ἀντ⁹
1217 2497 1383 2551 αὑτοῦ
1422 2497 1481 2550 δὲ
1521 2499 1548 2551 ό
1575 2514 1841 2569 γραμμα-

273 2587 423 2650 τικὸς
474 2587 734 2655 ἀνάγεται
789 2587 1078 2651 Νικόλαος.
1111 2588 1264 2642 Μετὰ
1304 2588 1361 2640 δέ
1394 2588 1566 2642 ταῦτα
1599 2589 1843 2659 ἠγγέλοη

273 2681 523 2750 Φραγγὸς
586 2680 923 2752 Ῥομπέρτος
975 2679 1068 2733 ἐπὶ
1113 2679 1205 2733 τὸν
1246 2679 1450 2750 δάμνον
1499 2680 1847 2750 διαπεραιού-

281 2789 465 2842 μενος.
499 2771 707 2824 Αύτίκα
755 2753 933 2826 τοίνυν
955 2773 982 2825 ό
1017 2771 1273 2840 βασιλεὺς
1306 2773 1718 2844 ἐξεστράτευσε,
1749 2772 1847 2826 καὶ

275 2865 536 2933 ἡττηθεὶς
575 2865 784 2928 ἀκλεῶς
834 2864 1027 2934 ἔφυγε,
1055 2865 1265 2918 πολλῶν
1318 2865 1496 2917 ἐκεῖσε
1544 2865 1845 2930 πεσόντων,

277 2959 342 3010 ού
368 2958 477 3010 τῶν
513 2959 783 3028 τυχόντων
827 2959 1010 3028 μόνον,
1043 2957 1179 3010 ἀλλὰ
1233 2956 1324 3010 καὶ¹
1358 2955 1466 3009 τῶν
1508 2956 1850 3026 μεγιστάνων

280 3052 380 3104 καὶ
409 3047 466 3113 ἐξ
500 3050 748 3119 αἱμάτων
792 3049 962 3103 ὄντων
1002 3048 1321 3120 βασιλικῶν.
1371 3049 1708 3119 Ἦττημὲνος
1755 3043 1851 3100 οῦν

3379 371 3478 432 (21.x

1986 485 2174 553 Itaque
2202 483 2460 551 deinceps
2495 483 2716 538 Alcxius
2754 483 2984 552 imperio
3017 485 3224 552 potitus
3248 495 3330 536 est
3363 497 3481 551 post

1917 577 2272 637 Bntaniatczn,
2303 576 2464 645 idque
2492 591 2585 644 per
2606 575 2997 644 septemdecim
3028 592 3202 628 annos
3225 575 3483 628 obtinuit.

1916 667 2168 737 Seipsum
2211 667 2517 721 diademate
2582 668 2722 736 cingi
2772 668 3003 729 curavit,
3042 667 3245 720 lsaaeio
3296 682 3488 719 secun-

1917 758 2047 810 dum
2099 757 2167 811 ab
2220 773 2277 811 se
2344 757 2521 811 locum
2587 757 2868 825 dignitatis
2922 757 3250 818 attribuens,
3315 757 3487 808 indito

1917 849 2096 902 eidem
2154 864 2294 903 novo
2362 866 2591 919 prorsus
2658 849 2920 902 nomine:
2985 847 3488 902 Sehastocratorem

1920 958 2154 1011 namque
2181 945 2416 1007 vocavit,
2446 943 2604 1013 quasi
2631 941 2781 996 dicas
2820 942 3044 1010 Augusti
3076 941 3493 1009 imperatorem.

1921 1034 2143 1088 inventa
2178 1036 2460 1104 dignitate,
2495 1051 2614 1104 quae
2653 1036 2822 1103 major
2860 1043 3006 1088 esset
3033 1049 3195 1104 quam
3243 1032 3493 1087 Caesaris.

1920 1123 2077 1191 Apud
2109 1125 2207 1177 hos
2230 1125 2367 1177 duos
2399 1125 2688 1193 imperium
2719 1132 2854 1187 erat,
2890 1124 2982 1192 qui
3013 1131 3239 1175 matrem
3281 1123 3332 1174 in
3381 1122 3499 1190 t-jtzs

1922 1214 2238 1266 societatem
2283 1213 2639 1267 admiserant.
2693 1214 2938 1267 Habebat
2976 1224 3159 1266 autem
3206 1211 3499 1278 imperatur

1925 1301 2060 1355 alios
2107 1317 2326 1371 quoque
2370 1302 2508 1357 duos
2553 1319 2841 1371 germanos
2883 1303 3098 1366 fratres,
3131 1317 3188 1356 se
3225 1301 3494 1372 juniorcs.

1926 1392 2001 1446 Ex
2039 1393 2104 1446 iis
2130 1409 2318 1458 unum,
2363 1395 2618 1448 videlicet
2666 1394 2992 1459 Adrianum,
3055 1392 3501 1447 Protosehastun'.

1926 1483 1946 1553 (
1977 1483 2077 1535 hoc
2109 1483 2508 1552 estAngustum
2548 1483 2846 1552 principem
2875 1486 2889 1550 )
2914 1483 3224 1552 appellavit,
3249 1484 3503 1544 alterum,

1926 1574 2020 1643 qui
2056 1573 2398 1644 Nicephorus
2444 1584 2582 1638 erat,
2617 1575 2920 1643 Augustum
2978 1575 3279 1641 classisque
3327 1575 3503 1626 llrun-

1929 1667 2157 1736 garium.
2193 1669 2459 1722 Praeterea
2525 1683 2772 1721 sororum
2841 1668 3081 1731 maritos,
3134 1667 3321 1720 atliucs
3355 1680 3504 1724 suos.

1930 1759 2298 1829 Nicephorum
2336 1761 2761 1815 Melissenumct
2805 1761 3129 1815 Michaelum
3188 1760 3505 1820 Taroniten,

1940 1851 2109 1905 certis
2134 1852 2442 1907 honoribus
2479 1864 2644 1921 atque
2681 1854 2853 1907 titulis
2873 1853 3110 1907 ornavit.
3146 1853 3282 1907 Cum
3309 1867 3509 1905 secun-

1935 1943 2065 1998 dum
2113 1943 2228 1998 haec
2289 1945 2589 2012 imperator
2641 1946 2890 2014 pecuniis
2949 1955 3154 2014 egeret,
3187 1945 3512 1998 donationes

1935 2051 2142 2093 annuas
2170 2045 2226 2092 et
2249 2054 2473 2093 munera
2507 2039 2624 2093 dari
2651 2049 2908 2094 consueta
2937 2040 3340 2110 magistratibus
3372 2055 3512 2106 pra--

1935 2130 2070 2184 cidit
2100 2144 2163 2184 ac
2203 2129 2310 2183 sibi
2358 2130 2607 2194 retinuit,
2655 2132 3004 2185 senatoribus
3053 2131 3218 2185 etiam
3271 2131 3515 2198 locuple-

1939 2221 2178 2276 tioribus
2210 2236 2341 2290 opes
2384 2223 2614 2291 eripuit.
2646 2222 2799 2276 llanc
2846 2223 3379 2278 administrationem
3436 2224 3514 2276 rei

1940 2313 2174 2384 publica:
2207 2328 2329 2368 cum
2383 2315 2764 2370 sanctissimus
2797 2316 2887 2370 ille
2930 2316 3241 2384 patriarcha
3288 2314 3514 2369 Cnsmas

1941 2405 2178 2475 probare
2224 2421 2330 2459 non
2373 2416 2577 2475 posset,
2629 2422 2730 2462 nec
2776 2408 3241 2474 emendationem,
3289 2410 3354 2461 de
3406 2425 3513 2477 qua

1942 2495 2345 2566 desperaverat,
2385 2498 2545 2550 ullam
2580 2509 2920 2566 exspectaret
2963 2499 3233 2568 amplius:
3281 2517 3300 2550 ι
3341 2501 3515 2560 Tolle,

1946 2586 2127 2657 inquit
2155 2587 2407 2641 ministro
2466 2604 2585 2654 suo,
2619 2589 2821 2642 librum
2878 2589 3025 2645 hunc
3074 2591 3432 2656 Psalinorum,
3466 2603 3521 2644 et

1949 2693 2034 2732 mc
2087 2693 2341 2748 sequere.
2403 2697 2422 2730 ι
2467 2678 2562 2734 llis
2624 2679 2808 2744 dictis,
2845 2696 2911 2734 ex
2964 2682 3193 2736 ecclesia
3245 2683 3519 2737 discessit.

1948 2767 2080 2836 Ejus
2107 2767 2160 2821 in
2192 2768 2370 2822 locum
2407 2767 2668 2824 suﬂ'ectus
2707 2779 2786 2823 est
2817 2769 3129 2826 Eustratius
3162 2773 3353 2841 spado,
3393 2772 3521 2826 sim-

1949 2860 2079 2930 plici
2112 2859 2195 2913 vir
2227 2860 2470 2930 ingenio,
2497 2871 2552 2915 et
2580 2861 2779 2931 dignus
2804 2862 2856 2914 in
2899 2841 3098 2932 angulo
3136 2865 3229 2932 qui
3276 2864 3516 2932 degeret.

1951 2950 2151 3006 Verum
2168 2959 2224 3005 ct
2241 2950 2330 3004 ille
2349 2959 2471 3020 post
2487 2950 2778 3005 triennium
2795 2951 3160 3023 administrati
3179 2955 3527 3023 pontiﬁcatus

1952 3050 2144 3096 contra
2175 3041 2510 3096 voluntatem
2539 3057 2693 3097 suam
2726 3058 2790 3097 eo
2817 3055 3037 3114 propter
3070 3046 3306 3115 ignotam
3331 3063 3524 3115 quam-

282 3142 616 3213 ὑποστρέφει
661 3143 688 3196 ό
731 3142 1005 3209 βασιλεύς.
1059 3143 1367 3213 Γαυριῶσιν
1412 3142 1508 3194 ἐπὶ
1558 3141 1770 3204 τούτοις
1802 3142 1851 3194 οἱ

1955 3132 2077 3187 dam
2099 3148 2319 3188 causam
2347 3134 2689 3200 deturbatur,
2714 3122 2902 3188 erecto
2937 3135 3176 3189 vicissim
3203 3137 3266 3188 ad
3291 3137 3523 3205 patriar-

285 3235 709 3306 βάρϐαροι,τινὰ
730 3235 837 3288 τῶν
856 3235 1204 3305 πολισμάτων
1227 3234 1572 3304 κατέχοντες.
1594 3232 1858 3302 Ἐκστρα-

283 3328 437 3381 τεύει
485 3309 580 3381 xui
629 3323 787 3391 αὖθις
829 3326 1104 3398 βασιλεὺς,
1138 3328 1233 3382 καὶ
1280 3328 1372 3381 τὸν
1412 3325 1720 3398 ’Δνδριανὸν
1759 3325 1859 3394 τὴν

287 3420 578 3490 βασιλικὴν
627 3420 909 3490 ἀμφιάσας
955 3421 1161 3489 ἐσθῆτα
1195 3420 1286 3474 καὶ
1337 3419 1544 3489 στήσας
1591 3418 1862 3472 ἀπέναντι

285 3512 385 3565 τοῦ
466 3513 805 3584 Ῥομπὲρτου
864 3512 1206 3583 παρήγγειλε
1276 3512 1421 3565 νῶτα
1484 3508 1692 3576 δοῦναι,
1744 3511 1860 3579 εἴγε

286 3603 475 3668 διώξει
529 3607 558 3657 ὁ
631 3603 928 3674 βάρϐαρος,
999 3598 1055 3656 ’0
1117 3601 1174 3654 δὲ
1233 3601 1486 3672 βασιλεὺς
1537 3600 1628 3654 διὰ
1681 3600 1863 3652 τόπων

289 3698 576 3752 δυσϐάτων
627 3697 937 3762 κυκλώσας,
981 3697 1075 3749 καὶ
1127 3695 1226 3765 τήν
1279 3693 1633 3764 παρεμϐολὴν
1687 3693 1866 3747 αὐτῶν

291 3791 624 3846 καταλαϐὼν
645 3791 750 3844 ὑπὸ
788 3794 946 3862 χεῖρα
977 3790 1154 3844 πάντα
1183 3791 1442 3843 ποιεῖται.
1469 3787 1640 3841 Τοῦτο
1678 3786 1866 3855 μαθὼν

290 3887 322 3937 ὁ
376 3882 649 3953 βάρϐαρος
705 3883 935 3952 ἀόρατος
957 3883 1190 3950 γίνεται.
1233 3882 1399 3950 Καλή
1465 3880 1566 3948 μὲν
1619 3877 1865 3941 ἐπίθεσις

291 3975 465 4029 αὑτοῦ
497 3975 798 4038 πέπαυται,
825 3976 872 4028 οξ
903 3975 959 4027 δὲ
989 3974 1225 4044 Τοῦρκοι
1261 3973 1357 4026 καὶ
1386 3968 1547 4035 αὖθις
1585 3970 1696 4024 τῶν
1737 3969 1870 4023 Ῥω-

297 4067 479 4138 μαίων
531 4067 878 4138 κατέτρεχον.
928 4047 1088 4120 ’λλλὰ
1155 4065 1251 4119 καὶ
1288 4063 1529 4130 Τοῦρκός
1583 4080 1668 4126 τις
1715 4062 1873 4130 λεγό-

299 4179 464 4233 μενος
492 4159 813 4225 Τζακατζάς
835 4159 934 4222 τὰς
967 4159 1164 4229 νήσους
1193 4157 1348 4224 Χίον,
1379 4157 1561 4226 Σάμον
1588 4154 1872 4210 καὶῬόδον

295 4255 558 4325 κατέσχε.
585 4252 719 4306 Τότε
752 4252 840 4322 δὴ,
865 4251 986 4306 τότε
1020 4250 1115 4305 καὶ
1145 4251 1368 4320 Κύπρος
1390 4237 1497 4301 ’σὺν
1519 4249 1656 4319 αὐτῇ
1680 4249 1874 4319 Κρήτη

298 4343 643 4400 ἀποστασίαν
692 4343 793 4413 μὲν
848 4343 1132 4412 ἐνόσησαν,
1166 4341 1255 4394 διά
1297 4339 1496 4410 τάχους
1539 4339 1593 4391 δὲ
1628 4341 1693 4409 τῇ
1724 4339 1875 4409 βασι-

299 4437 537 4509 λευούσῃ
593 4434 1063 4501 ὑπανασώζονται,
1102 4435 1159 4486 ἐν
1225 4431 1324 4501 μὶν
1375 4434 1442 4500 τῇ
1514 4430 1724 4499 Κύπρῳ
1779 4429 1870 4481 τοῦ

1959 3223 2102 3280 chici
2151 3225 2272 3280 solii
2313 3225 2704 3280 sublimitatem
2741 3226 2899 3296 333
2940 3227 3163 3281 Nicolao
3195 3226 3527 3281 Grammati-

1958 3328 2046 3369 co.
2085 3313 2398 3369 Secundum
2435 3316 2548 3371 hinc
2570 3319 2797 3371 nuntius
2823 3317 2889 3371 ad
2921 3317 3302 3386 imperatorem
3331 3320 3530 3375 ailatus

1958 3414 2063 3471 est,
2097 3421 2206 3475 quo
2234 3406 2643 3477 signiﬁcabatur
2672 3409 2972 3478 liupertum
3005 3412 3272 3467 Francum
3307 3414 3533 3483 trajecto

1963 3496 2101 3550 mari
2135 3497 2503 3566 Epidamnum
2542 3499 2778 3554 venisse.
2815 3500 3160 3570 Quapropter
3205 3502 3350 3556 illico
3404 3518 3534 3556 suas

1962 3589 2146 3657 copias
2180 3589 2382 3654 educit,
2417 3590 2924 3661 Dyrrhachiumqne
2985 3593 3263 3662 profectus
3313 3611 3536 3648 manum

1965 3693 2092 3733 cum
2118 3678 2368 3759 hostibus
2401 3681 2702 3736 conseruit.
2734 3683 2923 3738 Victus
2976 3695 3156 3739 autem
3194 3687 3387 3755 prmlio
3411 3686 3538 3755 fuga

1966 3770 2071 3824 sibi
2131 3770 2409 3825 consuluit
2479 3770 2765 3841 inglorius,
2799 3774 2985 3830 multis
3023 3791 3248 3830 suorum
3301 3778 3537 3842 amissis,

1968 3876 2080 3914 non
2116 3861 2361 3930 vulgaris
2393 3863 2556 3916 modo
2583 3865 2749 3919 sortis
2799 3865 3140 3932 hominibus,
3178 3868 3538 3922 verumetiam

1969 3953 2314 4023 magnatibus
2368 3963 2425 4009 et
2487 3955 2842 4025 imperatorio
2899 3961 3163 4031 sanguine
3217 3961 3538 4030 procreatis.

1971 4046 2086 4100 lloc
2117 4048 2278 4102 modo
2312 4047 2492 4102 victus
2525 4048 2823 4118 imperator
2847 4050 2914 4104 ad
2963 4051 3154 4106 urbem
3215 4054 3539 4123 revertitur.

1974 4138 2192 4193 Interea
2217 4138 2442 4193 Barbari
2468 4141 2748 4211 prosperis
2777 4140 3010 4196 fortunm
3038 4145 3384 4199 successibus
3413 4147 3540 4199 elati

1973 4230 2262 4300 superbire
2283 4246 2346 4284 ac
2367 4231 2628 4301 oppidula
2652 4234 2900 4302 quaedam
2923 4248 3212 4302 occupare.
3244 4234 3545 4305 Imperator

1924 4350 1927 4351 ν
1974 4321 2216 4376 vicissim
2253 4321 2469 4377 eductis
2502 4321 2686 4376 denuo
2721 4322 2894 4392 c0piis
2919 4324 3216 4378 Adrianum
3247 4326 3546 4396 imperato-

1977 4415 2059 4469 rio
2093 4413 2305 4481 habitu,
2342 4430 2564 4480 ornare,
2605 4423 2907 4485 contraque
2949 4415 3252 4483 Rupertum
3282 4417 3548 4472 collocato

301 4505 589 4599 Καρύκου,
616 4528 673 4581 ἐν
726 4526 783 4580 δὲ
839 4529 904 4598 τῇ
955 4525 1148 4596 Κρήτῃ
1192 4523 1285 4577 τοῦ
1328 4522 1677 4592 Ῥαψαμάτου
1711 4521 1873 4576 ἀντά-

1936 4535 1949 4582 ,
1978 4505 2279 4575 praecipere
2309 4514 2371 4560 ‘ut
2402 4507 2445 4561 si
2479 4507 2748 4562 barbarus
2781 4508 2835 4561 in
2873 4509 3051 4578 ipsum
3083 4509 3345 4578 impetum
3398 4510 3548 4565 face-

303 4641 520 4696 ραντος.
568 4621 846 4677 Ἐντεῦθεν
879 4625 906 4675 ό
935 4621 1189 4693 βασιλεὺς
1221 4619 1594 4689 ἀναλωμάτων
1623 4618 1876 4688 δεόμενος

299 4717 543 4785 τρόπους
574 4716 866 4776 ἀπαισίους
901 4713 1166 4783 συλλογῆς
1196 4711 1496 4782 χρημάτων
1521 4709 1874 4781 ἐφεύρισκεν.

315 4805 605 4861 Ἐντεῦθεν
629 4805 957 4876 ἀπογράψαι
987 4794 1097 4858 τῶν
1133 4804 1447 4873 ἁπανταχοῦ
1479 4803 1746 4870 κτήσεων,
1781 4800 1880 4854 καὶ

300 4902 378 4955 τὰ
416 4897 580 4952 καινὰ
615 4897 722 4954 τῶν
765 4897 1052 4966 ὀνομάτων
1084 4895 1454 4964 ἐπινενόηται,
1484 4892 1554 4946 τὰ
1600 4893 1880 4962 ύπέρτιμα

300 4992 507 5063 δηλαδή
532 4990 624 5045 καὶ
649 4991 717 5044 τὰ
751 4990 1054 5059 ὑπέρπλεα,
1084 4991 1178 5042 καὶ
1203 4987 1352 5042 ἄλλοι
1380 4985 1572 5056 τρόποι
1599 4980 1878 5053 stripsth

305 5085 454 5140 κατὰ
491 5084 601 5138 τῶν
649 5081 910 5151 ὑπηκόων
955 5081 1340 5148 ἐπεισήγοντο.
1376 5077 1572 5146 Γέγονε
1622 5074 1679 5127 δέ
1734 5065 1882 5143 τηνίε

305 5176 491 5232 καῦτα
546 5176 640 5230 καὶ
685 5175 874 5237 κλόνος
903 5173 1001 5240 τῆς
1027 5172 1130 5240 γῆς
1167 5173 1226 5238 ἐξ
1259 5171 1472 5240 ἡμέρας
1526 5168 1585 5219 ἐν
1629 5165 1766 5235 αὐτῇ
1814 5166 1880 5234 τῇ

309 5269 512 5339 μνήμῃ
549 5265 646 5319 τοῦ
679 5250 854 5332 ’ἁγίου
892 5262 1185 5324 Νικολάου,
1233 5259 1323 5327 ὑφ’
1359 5251 1419 5310 οῦ
1466 5255 1660 5309 πολλαὶ
1716 5253 1884 5306 οἰκίαι

307 5360 409 5416 καὶ
436 5358 590 5411 στοαὶ
620 5359 714 5411 καὶ
745 5355 864 5410 ναοὶ
896 5353 1219 5416 κατέπεσον,
1249 5349 1324 5414 ὡς
1357 5347 1608 5402 ἐντεῦθεν
1631 5346 1724 5397 καὶ
1764 5343 1886 5396 πολ-

305 5451 444 5510 λοὺς
497 5448 881 5518 συγχωσθῆναι
929 5446 1024 5498 καὶ
1076 5442 1391 5497 ἀποθανεῖν.
1432 5437 1751 5508 Τηνικαῦτα
1793 5439 1887 5499 καὶ

311 5541 677 5606 Πατζινακῶν
712 5538 917 5607 πλῆθος
946 5535 1082 5590 πολὺ
1131 5536 1233 5604 τὴν
1259 5531 1523 5604 ,Θρᾳκίαν
1559 5529 1653 5582 καὶ
1699 5529 1887 5581 Μακε-

309 5636 498 5690 δονίαν
541 5633 774 5702 ἐλήῖζεν.
846 5627 1234 5699 Ἐκστρατεύει
1281 5624 1402 5680 κατ’
1461 5620 1644 5677 αὑτῶν
1673 5621 1701 5674 ό
1733 5620 1888 5690 βασι-

312 5726 468 5789 λεὺς,
508 5724 603 5777 καὶ
632 5724 822 5793 πρῶτα
871 5722 970 5792 μὲν
1011 5718 1280 5788 ἡττῶνται
1313 5715 1363 5768 οἱ
1401 5713 1753 5784 στρατιῶται,
1790 5707 1888 5763 eib’

316 5815 497 5880 οὕτως
528 5815 730 5886 ήττῶσι
768 5812 905 5868 κατὰ
956 5811 1155 5882 κράτος
1189 5807 1386 5872 αὐτοὺς
1440 5806 1534 5860 an
1556 5807 1622 5876 τῇ
1656 5803 1773 5875 Θείᾳ
1801 5801 1891 5856 δυ-

1980 4608 2084 4663 ret,
2120 4606 2268 4667 terga
2299 4597 2492 4652 daret:
2527 4599 2744 4653 interim
2779 4601 2894 4669 ipse
2949 4615 3046 4669 per
3078 4601 3224 4655 invia
3260 4601 3373 4656 loca
3408 4601 3550 4658 facto

1979 4689 2180 4743 itinere
2243 4689 2456 4743 hostem
2513 4704 2542 4743 a
2591 4697 2740 4760 tergo
2797 4691 3160 4746 circumdare.
3198 4692 3309 4746 Hac
3360 4692 3552 4749 fraude

1981 4780 2391 4835 circumventus
2431 4780 2781 4836 adversarius
2806 4781 2860 4836 in
2892 4781 2957 4836 iis
2986 4783 3246 4851 deinceps
3273 4783 3430 4849 locis,
3460 4801 3552 4839 co-

1981 4884 2112 4928 natu
2137 4888 2235 4928 suo
2267 4873 2458 4937 fracto,
2495 4876 2733 4944 conspici
2763 4874 2943 4929 desiit.
2972 4875 3307 4944 Compresso
3337 4877 3549 4931 Franco

1983 4965 2148 5019 Turci
2186 4981 2404 5020 rursum
2435 4964 2571 5020 ﬁnes
2605 4966 2883 5020 Romanos
2921 4967 3242 5022 invaserunt
3272 4983 3285 5033 ;
3319 4969 3551 5038 quorum

1983 5072 2014 5112 e
2069 5059 2294 5112 natione
2347 5057 2597 5128 quidam,
2655 5059 2745 5113 cui
2800 5059 3085 5113 Zachalza‘.
3151 5075 3351 5113 nomen
3416 5069 3555 5124 erat,

1983 5147 2204 5213 Chium,
2226 5149 2449 5205 Samum
2481 5158 2537 5204 et
2562 5149 2814 5203 Rhodum
2838 5148 3042 5204 insulas
3065 5149 3373 5217 occupavit.
3404 5149 3558 5204 Tunc

1985 5251 2042 5298 et
2081 5242 2295 5313 Cyprus
2342 5249 2510 5312 atque
2558 5241 2740 5304 Creta,
2792 5241 3118 5295 defectionis
3182 5241 3287 5297 illae
3335 5241 3557 5311 quidem

1987 5335 2184 5390 morbo
2220 5333 2462 5400 infectae,
2507 5333 2574 5388 ab
2626 5333 2957 5404 imperatore
2991 5334 3297 5388 desciscere
3349 5335 3558 5403 cogita-

1988 5425 2120 5480 bant
2155 5443 2167 5479 :
2201 5440 2392 5480 verum
2440 5432 2731 5479 anteverso
2782 5424 3036 5478 celeriter
3061 5424 3300 5494 ipsarum
3356 5434 3558 5480 conatu

1989 5521 2222 5590 imperio
2278 5527 2616 5587 recuperatae
2687 5526 3131 5588 conservatteque
3205 5518 3448 5572 fuerunt.
3500 5519 3558 5572 In

1989 5611 2171 5684 Cypro
2219 5611 2472 5682 Caryccs,
2617 5609 2776 5666 Creta
2819 5611 3180 5680 Rapsomates
3242 5611 3562 5681 imperatori

1994 5722 2051 5761 se
2072 5703 2402 5775 opposuere.
2437 5704 2573 5759 Cum
2602 5712 2783 5758 autem
2812 5703 2901 5757 ille
2939 5704 3092 5757 bellis
3121 5703 3424 5758 exhaustus
3456 5705 3562 5756 im-

1995 5813 2288 5870 pensarum
2321 5805 2526 5868 egeret,
2557 5794 2819 5868 pecunia;
2856 5793 3172 5867 coliigcndtn
3226 5793 3469 5848 rationes
3497 5792 3562 5849 ab
