4198 6444
267 328 368 393 621

1491 332 1893 391 ANNALIUM
1936 332 2127 391 PARS
2163 332 2219 391 l‘i

3384 320 3489 379 62?.

262 443 355 494 ἐπὶ
391 444 457 511 τῇ
509 442 699 515 πρώτῃ
743 442 972 510 θϋίατρι
1016 445 1107 496 καὶ
1150 444 1226 511 τῷ
1270 442 1551 511 ὲπ“αὐτῆς
1598 444 1831 513 κηδεστῇ

1938 459 2055 497 rum
2086 444 2135 496 ei
2170 440 2521 508 permittebat
2549 476 2561 498 ,
2598 438 2897 506 pru‘scrtim
2946 451 3069 487 cum
3103 435 3211 502 jam
3259 430 3487 497 peditus

263 531 539 603 Βρυεννίῳ
573 535 861 601 ἐκέκτητο.
903 535 1084 604 Ταύτῃ
1121 553 1201 586 τοι
1238 536 1327 587 καὶ
1361 535 1420 587 τὸ
1458 536 1821 602 συγκλητικῆν

260 610 408 676 ἅπαν
438 626 531 678 καὶ
560 624 621 677 τὸ
654 625 729 696 μὴ
757 625 999 678 τοιοῦτον
1030 626 1347 695 ἐπιτηδείως
1378 628 1406 678 6
1438 626 1690 696 Ἰωάννης
1725 644 1820 696 με-

258 718 510 784 τήρχετο.

1930 548 2069 601 teget
2106 535 2156 584 in
2214 532 2355 585 lecto
2391 531 2763 583 decumberel.
2806 527 2933 579 lirat
2956 535 3135 577 autem
3170 523 3485 588 imperatrix

1931 624 2115 676 animo
2140 638 2264 689 erga
2297 622 2558 674 Joannem
2606 619 2772 672 lilium
2821 626 2873 668 et
2919 616 3301 682 imperatorem
3346 612 3487 663 dasi-

1931 723 2151 784 guatum
2185 712 2433 765 nonnihil
2469 712 2669 773 alieno,
2698 719 2753 763 et
2795 722 3012 761 omnem
3054 704 3488 758 benevolentiam

262 807 315 861 in
345 806 508 862 tiliam
542 817 670 863 natu
705 812 961 880 majorem
993 814 1220 882 ejusque
1253 814 1532 876 maritum,
1598 826 1855 881 generum
1900 825 2060 864 suum
2136 805 2488 876 Bryennium,
2540 803 2910 858 transtulerat.
2964 799 3113 854 llanc
3154 799 3224 852 ob
3271 812 3487 852 causam

260 898 499 956 Joannes
545 911 794 958 senatum
840 912 896 958 et
920 905 1144 960 ordines
1177 914 1404 961 caeteros
1455 904 1701 961 studiose
1746 902 1981 959 colebat.
2410 884 2417 889 ’

335 1067 427 1131 Εἷς
468 1070 653 1139 μέντοι
688 1072 794 1123 τῶν
830 1072 966 1144 πρὸς
1007 1074 1147 1143 ἑῴαν
1180 1073 1485 1129 διαϐάντων
1519 1073 1765 1128 Λατίνων
1798 1072 1825 1125 6

264 1159 589 1228 Βαιμοῦνδος
626 1160 898 1230 συνθήκας
936 1163 1076 1231 μετὰ
1105 1161 1199 1215 τοῦ
1235 1162 1563 1233 κρατοῦντος
1597 1164 1826 1231 ποιήσας

264 1253 433 1321 μυρία
461 1271 521 1306 τε
554 1256 809 1324 χρήματα
840 1255 1022 1309 λαϐὼν
1042 1294 1057 1319 ,
1089 1256 1189 1309 καὶ
1213 1259 1279 1325 τῇ
1316 1254 1618 1324 Ἀντιοχείᾳ
1651 1270 1823 1322 προσο

262 1344 471 1407 ϐαλὼν,
499 1349 563 1416 τῇ
596 1347 882 1419 πολιορκίᾳ
909 1365 968 1401 τε
996 1347 1202 1417 ταύτην
1230 1346 1368 1399 ἑλὼν
1398 1346 1509 1398 τῶν
1538 1344 1825 1413 συνθηκῶν

260 1433 676 1489 ἐπιλανθάνεται
698 1474 714 1497 ,
747 1439 843 1490 κα).
883 1440 1042 1508 χεῖρα
1087 1437 1291 1507 μᾶλλον
1325 1436 1472 1507 αἴρει
1509 1434 1651 1489 κατὰ
1686 1435 1820 1488 Ῥω-

265 1528 461 1594 μαῖων.
489 1529 715 1582 Μέλλων
739 1529 795 1581 δὲ
823 1530 959 1599 πρὸς
986 1530 1226 1600 ἑσπέραν
1253 1529 1507 1601 ἔρχεσθαι
1534 1528 1628 1581 καὶ
1657 1530 1824 1597 μήπω

262 1618 571 1689 κατασχεθῇ
604 1620 883 1687 πτοηθεὶς,
917 1621 1147 1675 θάνατον
1178 1622 1372 1676 ἑαυτοῦ
1404 1619 1818 1689 καταψεύδεται,

261 1709 365 1762 κᾶν
399 1709 624 1780 ὓστερον
660 1711 946 1766 σπένδεται
980 1714 1057 1783 τῷ
1099 1713 1327 1783 βασιλεῖ.
1364 1711 1522 1766 Μετὰ
1559 1711 1616 1764 δὲ
1648 1709 1822 1765 ταῦτα

260 1802 407 1853 νοσεῖ
454 1803 483 1854 6
528 1804 747 1872 κρατῶν
790 1804 1041 1858 τοσοῦτον
1083 1804 1159 1868 ὡς
1201 1805 1574 1859 ἐκλελοιπέναι
1621 1804 1819 1857 δοκεῖν.

2001 1070 2275 1125 Creterum
2298 1086 2438 1125 unus
2470 1086 2534 1124 ex
2568 1070 2632 1124 iis
2656 1069 2860 1123 Latinis
2884 1069 2973 1136 qui
3007 1080 3197 1121 versus
3220 1066 3487 1119 orientem

1927 1162 2157 1232 profecti
2199 1162 2435 1225 fuerant,
2470 1163 2558 1217 cui
2595 1160 2881 1215 Baimundi
2934 1173 3133 1211 nomen
3172 1164 3339 1219 esset,
3384 1156 3490 1209 icto

1927 1268 2053 1307 cum
2103 1253 2431 1321 imperatore
2476 1252 2682 1307 laedere
2712 1251 3074 1318 maximisque
3113 1247 3364 1316 pecuniis
3402 1264 3491 1299 ae.

1925 1346 2100 1414 ceptis
2134 1344 2477 1398 Antiochiam
2512 1344 2729 1399 nomine
2758 1342 3104 1412 imperatoris
3132 1340 3356 1393 adortus
3376 1347 3487 1399 est;

1924 1449 2088 1504 quam
2124 1435 2213 1489 ubi
2249 1450 2345 1504 per
2376 1434 2482 1489 vim
2526 1442 2888 1503 expugnatam
2934 1433 3191 1500 cepisset,
3230 1431 3487 1483 initurum

1928 1527 2197 1582 fcederum
2236 1528 2442 1583 oblitus
2493 1528 2769 1582 Romanos
2795 1529 2940 1589 ipsos
2969 1523 3224 1578 invadere
3253 1539 3358 1576 non
3395 1521 3490 1573 du-

1927 1619 2145 1674 bitavit.
2197 1621 2402 1676 Deinde
2450 1634 2641 1675 versus
2688 1618 3029 1673 occidentem
3082 1603 3324 1670 facturus
3363 1612 3488 1670 iter,

1926 1711 2073 1781 quod
2105 1721 2397 1766 vereretur
2441 1727 2508 1765 ne
2542 1710 2741 1765 alicubi
2774 1725 2803 1764 a
2830 1707 3091 1764 Romanis
3137 1704 3493 1773 intercipere-

1927 1809 2041 1863 tnr,
2078 1802 2215 1857 falso
2241 1802 2309 1859 de
2344 1812 2518 1857 morte
2543 1817 2637 1857 sua
2683 1816 2901 1855 rumore
2935 1799 3125 1864 didito,
3161 1797 3304 1866 quod
3344 1797 3493 1849 vole-

262 1892 697 1962 Προσκομίζεται
742 1896 889 1964 αὑτῴ
931 1897 991 1949 τὸ
1031 1896 1126 1949 τοῦ
1168 1897 1419 1965 Σωτῆρος
1460 1895 1620 1966 ἡμῶν
1664 1894 1824 1948 ἐκτύ-

1924 1887 2018 1941 bat
2046 1890 2375 1958 assequitur.
2398 1890 2504 1944 Sed
2536 1902 2718 1944 tamen
2749 1888 2947 1943 deinde
2972 1902 3161 1941 rursus
3184 1886 3237 1939 in
3264 1886 3487 1953 gratiam

263 2000 434 2052 πωμα
466 1984 561 2037 τοῦ
604 1985 745 2038 κατὰ
779 1985 877 2056 τὴν
911 1987 1133 2056 Χαλκῆν
1166 1987 1611 2056 ἁνεστηλωμένου
1634 2025 1649 2049 ,
1683 1985 1820 2054 ὅπερ

258 2065 327 2140 ἦν
372 2074 428 2123 ὲν
471 2063 664 2143 πέπλῳ
706 2076 811 2126 τινὶ
854 2077 960 2144 πρὸ
1003 2072 1098 2145 τῆς
1145 2078 1350 2139 εἰκόνος
1395 2075 1818 2148 ἀπῃωρημένον.

271 2164 642 2231 ’Υιξαπλοῦται
686 2169 749 2237 τῇ
796 2168 980 2239 κλίνῃ,
1025 2169 1117 2221 καὶ
1161 2172 1190 2221 6
1233 2170 1453 2239 κάμνων
1495 2170 1818 2239 ἁνέρῤωται.

273 2256 396 2307 Ἐπὶ
436 2254 605 2326 τούτῳ
648 2256 810 2325 φόϐος
838 2258 1077 2312 ὑποσείει
1113 2261 1173 2312 οὐ
1209 2260 1366 2327 μόνον
1401 2259 1461 2312 τὸ
1502 2259 1816 2328 δημοτικὸν,

224 2362 227 2365 ·
259 2344 396 2397 ἀλλὰ
439 2346 531 2398 καὶ
571 2347 767 2409 αὐτοὺς
800 2349 925 2411 τοὺς
965 2348 1021 2400 ὲν
1054 2349 1236 2400 τέλει·
1275 2349 1430 2420 φήμη
1476 2349 1581 2419 γάρ
1623 2348 1818 2409 αὐτοὺς

260 2434 591 2504 κατεκράτει
619 2435 690 2498 ὡς
721 2437 748 2487 6
780 2439 993 2506 κρατῶν
1020 2439 1140 2491 κατ’
1164 2441 1341 2492 έκεῖνο
1364 2444 1422 2491 τὸ
1455 2440 1595 2508 μέγα
1622 2439 1820 2508 τεθνή-

260 2524 413 2589 ξεται
458 2527 757 2583 Σάϐϐατον.
796 2530 994 2601 ’.ἀλλ’ἢ
1039 2530 1265 2600 τοιαύτη
1308 2534 1465 2601 φήμη
1510 2532 1605 2583 καὶ
1649 2530 1819 2601 αὐτὴν

257 2622 360 2688 τὴν
389 2619 481 2672 τοῦ
512 2619 777 2690 βασιλέως
810 2625 1088 2676 κατέσεισε
1116 2622 1316 2693 ψυχήν.
1344 2623 1559 2692 Ψευδὴς
1588 2622 1645 2676 δὲ
1672 2624 1822 2691 ὅμως

257 2710 539 2779 ἠλέγχετο.
575 2712 633 2765 'O
673 2713 773 2782 μὲν
810 2708 901 2768 οὖν
939 2713 1192 2783 βασιλεὺς
1234 2714 1421 2769 ἔκτοτε
1462 2716 1590 2785 περὶ
1629 2715 1821 2768 Φιλιπ-

260 2803 464 2855 πούπο)
479 2823 525 2856 ιν
556 2805 820 2875 διέτριϐεν
852 2806 951 2875 ἔαρ
980 2807 1098 2860 ὅλον
1129 2808 1222 2860 καὶ
1252 2806 1428 2876 θέρος.
1461 2808 1533 2859 Τὸ
1560 2807 1616 2861 δὲ
1649 2809 1822 2861 αῖτιον

256 2896 293 2963 ἡ
329 2899 464 2964 μετὰ
491 2896 595 2947 τῶν
622 2897 935 2967 Μανιχαίων
962 2897 1215 2961 διάλεξις,
1244 2896 1335 2961 οὓς
1363 2898 1755 2961 Παυλικιάνους
1786 2900 1818 2969 ἠ

255 2986 515 3055 δημώδης
547 2988 803 3056 ὀνομάζει
835 2988 1007 3059 φωνή.
1041 2989 1178 3041 Πολὺ
1210 2988 1267 3040 δὲ
1297 2989 1358 3042 τὸ
1391 2992 1545 3059 γένος
1575 2990 1732 3043 τοῦτο
1764 2992 1821 3043 ἐν

256 3081 326 3148 τῇ
362 3079 514 3148 χώρᾳ
538 3080 717 3151 ταύτῃ
751 3080 1117 3151 κατῴκισταί,
1150 3081 1239 3135 τοῦ
1278 3081 1538 3150 βασιλέως
1573 3082 1821 3139 Ἰωάννου

255 3170 356 3223 τοῦ
391 3170 665 3241 Τζιμισχῆ
707 3177 770 3225 ἐκ
802 3174 899 3242 τῆς
934 3173 1073 3243 ἑῴας
1109 3176 1519 3242 καταγαγόντος
1555 3176 1684 3229 αὐτὸ
1716 3178 1821 3230 κάν

255 3263 433 3341 ταύτῃ
482 3265 959 3333 ὲγκατοικίσαντος
989 3281 1001 3295 ‘
1055 3264 1136 3329 οἷς
1182 3267 1246 3337 δὴ
1296 3268 1385 3321 καὶ
1436 3241 1890 3336 διαλεγόμενοςο

258 3355 491 3417 πολλοὺς
522 3358 651 3424 πρὸς
677 3357 775 3427 τὴν
802 3356 1078 3423 ὀροὸδοξον
1109 3357 1284 3410 πίστιν
1312 3357 1638 3429 μετήνεγκε.
1684 3357 1819 3411 Κατ’

254 3445 433 3495 ἐκεῖνο
461 3443 553 3495 καὶ
580 3444 763 3495 πολλοὶ
797 3445 1081 3512 γεγόνασιν
1113 3447 1457 3517 ὲμπρησμοί.
1490 3446 1645 3499 Κατὰ
1677 3447 1733 3500 δὲ
1763 3447 1823 3498 τὸ

257 3537 362 3607 ξαρ
401 3536 659 3590 ἔπνευσεν
699 3536 896 3606 ἄνεμος
931 3536 1179 3589 τοσοῦτον
1217 3536 1391 3607 βιαῖος
1431 3537 1506 3600 ὡς
1551 3539 1643 3590 καὶ
1688 3537 1822 3590 ἄλλα

258 3629 362 3696 μὲν
395 3628 666 3698 συμϐῆναι
702 3628 1080 3699 συμπτώματα
1101 3669 1115 3693 ,
1148 3631 1478 3681 καταπεσεῖν
1506 3628 1574 3697 δὲ,
1597 3628 1690 3683 καὶ
1722 3631 1821 3699 τὴν

253 3723 318 3774 ἔν
360 3719 439 3789 τῷ
484 3721 625 3774 κατὰ
667 3720 725 3772 τὺ
770 3719 1053 3773 πλακωτὸν
1098 3721 1237 3773 κίονι
1282 3719 1573 3791 ἱδρυμένην
1622 3721 1822 3791 στλήην

256 3810 358 3863 καὶ
395 3809 623 3871 πολλοὺς
654 3809 759 3863 τῶν
790 3811 969 3863 ἐκεῖσε
1004 3814 1421 3882 παρατυχόντων
1450 3814 1663 3866 ἀνελεῖν
1684 3830 1697 3843 ·
1730 3814 1823 3866 καὶ

256 3902 467 3973 ὄμϐρον
491 3902 547 3954 δὲ
576 3903 827 3974 ῥαγδαῖον
858 3904 916 3955 ὲν
943 3906 1007 3974 τῇ
1045 3905 1234 3976 μνήμῃ
1262 3905 1369 3958 τῶν
1395 3906 1565 3972 ἁγίων
1593 3906 1823 3959 ἀποστό-

256 3996 370 4049 λων
404 3994 655 4049 τοσοῦτον
692 3997 1108 4068 καταρραγῆναι
1142 3997 1215 4060 ὡς
1250 3998 1344 4052 καὶ
1375 3998 1549 4062 οἰκίας
1581 4016 1825 4053 καταπε-

260 4088 378 4139 σεῖν
403 4084 721 4156 ἀνθρώπους
745 4102 802 4139 τε
830 4087 922 4140 καὶ
948 4087 1062 4149 ζῶα
1087 4087 1474 4156 ἀποπνιγῆναι.
1505 4088 1595 4140 Ἐν
1618 4088 1828 4151 τούτοις

258 4178 561 4248 ἐπιδρομὴν
592 4177 851 4245 ἰὀύρκων
886 4178 1026 4231 κατὰ
1063 4179 1373 4247 Ῥωμαίων.
1419 4177 1477 4232 ’0
1513 4178 1566 4232 δὲ
1601 4179 1826 4251 κρατῶν

256 4271 343 4336 μὴ
383 4268 581 4338 ίσχύων
611 4268 678 4322 δι’
703 4269 896 4322 ἑαυτοῦ
917 4268 1335 4336 ἐκστρατεῦσαι,
1371 4268 1467 4324 ἆτε
1501 4270 1826 4341 κλινοπετὴς

252 4360 335 4415 ὣν
356 4401 370 4424 ,
405 4362 632 4433 στρατὸν
661 4362 936 4430 ἐκπέμπει
966 4358 1025 4414 οὗ
1056 4362 1297 4431 ἀρχηγὸς
1328 4364 1357 4414 6
1389 4362 1690 4431 Καμύτζης
1722 4363 1825 4416 E6-

255 4449 478 4513 στάθιος
497 4489 513 4515 ,
544 4449 601 4514 ὃς
630 4449 694 4520 δὴ
723 4452 816 4504 καὶ
844 4450 1169 4520 προσϐαλὼν
1194 4454 1307 4514 τοῖς
1335 4451 1597 4521 Τούρκοις
1623 4453 1825 4523 αἰχμά-

251 4542 428 4605 λωτος
476 4541 669 4609 ἄγεται
720 4540 813 4593 καὶ
860 4541 951 4595 τὸν
992 4543 1222 4609 στρατὸν
1263 4542 1580 4599 ἀπόλλυσιν.
1625 4546 1824 4599 Οὐκέτι

250 4634 352 4688 οῦν
394 4636 643 4703 ἀνέχεται
686 4635 714 4687 ὁ
759 4635 1002 4703 κρατῶν,
1038 4630 1165 4699 ἀλλ”
1183 4636 1362 4695 ἐκεῖσε
1413 4636 1825 4707 καταλαμϐάνει

250 4730 355 4782 καὶ
386 4728 509 4790 τοὺς
541 4728 819 4798 Τούρκους
850 4727 985 4781 ὡσεὶ
1017 4730 1221 4782 καπνὸν
1251 4730 1479 4785 διαλύει.
1514 4732 1625 4785 Καὶ
1655 4734 1704 4784 οἱ
1734 4730 1825 4783 τὸν

248 4818 559 4891 Καμύτζην
591 4819 911 4890 κατέχοντες
944 4820 1237 4891 αὐτόμολοι
1277 4824 1374 4875 σὺν
1404 4822 1553 4892 αὐτῷ
1590 4822 1825 4893 προσέρ-

246 4931 448 4986 χονται
477 4915 554 4984 τῷ
592 4913 820 4984 βασιλεῖ.
848 4914 1003 4969 Μετὰ
1034 4914 1207 4968 ταῦτα
1243 4919 1270 4969 ὁ
1299 4914 1406 4969 τῶν
1437 4914 1699 4986 Τούρκων
1726 4916 1827 4985 ἄρ-

248 5025 373 5077 χων
414 5006 696 5061 σπένδεται
734 5006 812 5075 τῷ
856 5005 1101 5076 βασιλεῖ,
1143 5007 1239 5061 καὶ
1280 5009 1309 5060 6
1354 5006 1476 5059 καθ’
1508 5006 1603 5059 ἕνα
1646 5007 1827 5061 οἶκαδε

246 5100 498 5155 ἄπεισιν.
537 5098 688 5150 Ἐπεὶ
717 5097 774 5150 δὲ
809 5098 949 5167 μετὰ
977 5097 1148 5151 ταῦτα
1179 5100 1245 5151 τὰ
1272 5098 1368 5169 τῆς
1398 5098 1554 5151 νόσον
1586 5098 1783 5169 ηὖξανε
1804 5137 1820 5163 ,

247 5194 415 5261 κοινῇ
465 5187 660 5262 γνώμῃ
702 5188 809 5242 τῶν
858 5189 1056 5259 ίατρῶν
1104 5190 1317 5261 σίδηρον
1365 5192 1508 5245 κατὰ
1552 5193 1824 5263 στομάχου

244 5285 557 5357 φλογόεντα
593 5283 828 5353 δέχεται.
865 5283 1018 5335 Ἐπεὶ
1053 5283 1110 5336 δὲ
1145 5287 1172 5336 6
1206 5285 1312 5355 ἀὴρ
1349 5286 1377 5337 ὁ
1413 5287 1471 5338 ὲν
1506 5283 1829 5355 ἀνακτόροις

242 5380 366 5450 ἀὴρ
396 5379 495 5430 οὐκ
527 5375 790 5445 εὔκρατος
823 5376 1020 5438 ἐδόκει,
1057 5378 1149 5429 ἅτε
1181 5376 1498 5445 νοτιὼτερος
1526 5376 1623 5438 ὣν,
1656 5377 1733 5435 εἰς
1762 5375 1829 5427 τὰ

235 5474 362 5529 τῶν
392 5471 699 5538 Μαγγάνων
732 5471 1161 5536 ἁποκεκόμισται
1193 5468 1484 5537 ἀνάκτορα,
1510 5467 1600 5521 τοῦ
1634 5468 1827 5538 χρεὼν,

231 5571 330 5632 ὡς
378 5566 546 5629 ἔοικε,
594 5565 981 5627 καθέλκοντοςι
1030 5566 1089 5636 ei;
1133 5564 1264 5633 γάρ,
1297 5583 1313 5615 ι
1341 5563 1429 5615 Ἑν
1471 5562 1830 5625 ἀκεσωδὺνοις

232 5660 507 5715 πεσεῖται
545 5677 563 5710 ι
601 5659 728 5727 περὶ
763 5656 931 5717 αὑτοῦ
968 5657 1279 5726 γεγράροαι
1320 5656 1481 5724 φασὶν
1513 5655 1562 5707 οἱ
1601 5655 1728 5723 περῖ
1762 5656 1830 5707 τά

231 5752 481 5810 τοιαῦτα
527 5750 709 5807 δεινοί.
755 5750 992 5821 Θνήσκει
1040 5745 1131 5805 οὖν
1178 5751 1378 5816 ἐκεῖσε,
1409 5749 1506 5819 τῆς
1553 5748 1831 5819 βατιὶείας

1922 1994 2045 2033 cum
2082 1979 2409 2050 imperatore
2443 1980 2624 2035 rediit.
2663 1981 2713 2035 ls
2745 1994 2872 2034 vero
2904 1979 3202 2034 secundum
3237 1976 3351 2030 ln‘c
3381 1986 3488 2028 tam

1920 2073 2067 2142 gravi
2096 2080 2383 2141 correptus
2404 2082 2488 2127 est
2516 2074 2728 2135 morbo,
2757 2082 2817 2127 ut
2837 2072 3019 2126 animo
3049 2070 3261 2125 defecto
3285 2070 3492 2122 exstin-

1920 2174 2042 2218 etus
2070 2180 2188 2218 esse
2222 2165 2518 2220 videretur.
2541 2164 2699 2235 335
2730 2163 3072 2233 Quapropter
3106 2161 3170 2216 ad
3204 2162 3377 2231 ipsmn
3412 2160 3490 2211 al.

1920 2254 2026 2309 lata
2057 2264 2143 2310 est
2170 2253 2376 2327 eil'igies
2397 2254 2900 2320 Servatorisﬁuostri
2926 2257 2992 2311 ad
3016 2255 3272 2310 Chalcem
3297 2253 3488 2315 erecti,

1919 2362 2041 2417 quae
2093 2348 2147 2401 in
2184 2349 2345 2419 peplo
2379 2348 2617 2419 quodam
2659 2357 2785 2403 ante
2837 2348 3128 2417 imaginem
3166 2348 3339 2416 ipsam
3368 2360 3494 2399 sus-

1921 2454 2087 2508 pensa
2141 2440 2496 2509 conspicitur.
2537 2439 2662 2494 ll;ec
2692 2453 2817 2493 cum
2850 2438 2905 2492 in
2935 2437 3249 2508 argrotantis
3286 2436 3491 2491 lectum

1918 2546 2159 2601 expansa
2190 2531 2376 2586 fuisset
2402 2571 2417 2596 ,
2459 2532 2607 2586 vires
2633 2531 2859 2586 omnino
2893 2530 3257 2599 recuperavit.
3288 2528 3365 2581 Ea
3402 2543 3492 2581 res

1921 2639 2029 2677 non
2060 2623 2222 2678 modo
2256 2623 2496 2692 plebem,
2542 2623 2635 2678 sed
2676 2624 2820 2692 ipsos
2848 2623 3011 2676 etiam
3041 2635 3298 2689 proceres
3326 2629 3491 2689 atque

1922 2716 2273 2785 magistratus
2309 2726 2456 2770 metu
2486 2715 2722 2785 quodam
2758 2715 3013 2784 perculit.
3038 2713 3174 2767 Nam
3202 2714 3364 2783 vulgo
3395 2728 3491 2765 ru-

1922 2821 2042 2861 mor
2076 2807 2361 2862 obtinebat
2408 2808 2653 2862 futurum
2684 2817 2742 2861 ut
2770 2807 3067 2875 imperator
3101 2804 3193 2858 illo
3231 2805 3347 2873 ipso
3375 2820 3493 2858 ma-

1922 2914 2030 2969 gno
2055 2898 2296 2954 Sabbato
2333 2908 2543 2954 naturae
2572 2898 2820 2953 debitum
2855 2898 3215 2967 persolveret;
3246 2896 3338 2965 qui
3370 2899 3494 2966 qui-

1922 2991 2047 3045 dem
2092 2992 2156 3045 atl
2188 2991 2575 3060 imperatorem
2610 2991 2825 3068 delatus
2855 3006 2963 3043 non
2994 3005 3187 3059 parum
3218 2990 3339 3059 ejus
3377 2991 3494 3042 ani-

1920 3097 2071 3137 mum
2103 3085 2461 3147 cruciaverat,
2509 3098 2819 3152 quanquam
2868 3092 3100 3137 eventus
3131 3082 3245 3150 ipse
3296 3082 3490 3135 falsum

1924 3174 2090 3230 fuisse
2122 3176 2330 3230 docuit.
2365 3175 2446 3229 Ab
2500 3174 2606 3229 hoc
2645 3174 2836 3229 morbo
2880 3175 3030 3244 juxta
3069 3173 3490 3242 Pliilippupolin:

1924 3282 2157 3321 vernum
2188 3268 2549 3335 aestivumque
2584 3276 2798 3335 tempus
2832 3266 3015 3335 exegit
3048 3266 3369 3335 imperator,
3423 3268 3494 3319 oh

1925 3374 2088 3412 unam
2121 3359 2262 3413 hanc
2294 3373 2553 3421 causam,
2588 3357 2734 3427 quod
2763 3373 2886 3411 cum
2924 3356 3232 3411 Manichaeis
3260 3358 3326 3410 de
3363 3359 3495 3412 reli-

1924 3450 2086 3521 gione
2121 3450 2438 3513 dissereret,
2463 3465 2601 3519 quos
2624 3452 2816 3518 vulgus
2848 3449 3126 3502 hominum
3152 3449 3497 3503 l‘aulieiaum

1924 3543 2176 3613 appellat.
2212 3542 2285 3595 Ea
2317 3543 2465 3594 natio
2496 3556 2625 3594 sane
2660 3541 2935 3609 perampla
2982 3539 3037 3594 in
3080 3540 3233 3595 ltisce
3292 3540 3497 3594 ﬁnibus

1924 3636 2225 3700 habitabat,
2261 3651 2327 3689 ex
2360 3632 2583 3688 Oriente
2616 3648 2711 3702 per
2738 3633 3004 3687 Joannem
3026 3632 3357 3687 Zimischem
3391 3633 3499 3685 huc

1928 3732 2185 3784 translata
2226 3737 2280 3783 et
2317 3729 2368 3781 in
2423 3727 2667 3781 colonias
2718 3726 2874 3794 quasi
2925 3724 3187 3794 quasdam
3238 3724 3497 3779 deducta.

1922 3823 2059 3879 Cum
2098 3822 2183 3875 bis
2209 3837 2338 3891 ergo
2372 3820 2657 3888 disputans
2692 3818 2933 3880 Alexius,
2964 3818 3167 3872 multos
3194 3818 3261 3871 ad
3294 3827 3499 3871 rectam

1925 3917 1993 3971 de
2046 3915 2311 3984 religione
2364 3912 2693 3967 sententiam
2730 3911 3044 3965 remeabat.
3080 3911 3351 3965 Exstitere
3382 3920 3495 3964 tum

1924 4006 2231 4077 frequentia
2267 4005 2468 4075 paSsim
2502 4004 2775 4059 incendia.
2821 4004 3069 4072 Cumque
3105 4019 3204 4057 ver
3235 4005 3502 4073 appetiis-

1925 4107 2031 4163 set,
2067 4108 2174 4153 tam
2212 4097 2569 4151 vehementes
2596 4104 2887 4149 ventorum
2936 4094 3099 4147 ﬂatus
3125 4094 3301 4148 exorti
3336 4106 3463 4149 sunt
3485 4138 3497 4154 ,

1924 4199 1987 4245 ut
2014 4189 2157 4243 inter
2186 4189 2422 4243 aliorum
2455 4202 2686 4256 Operum
2715 4200 2878 4241 casus
2907 4196 3072 4253 atque
3121 4186 3309 4237 ruinas
3334 4187 3498 4239 etiam

1924 4288 2103 4337 statua
2136 4279 2410 4333 columnae
2463 4277 2717 4347 imposita
2772 4275 2826 4329 in
2878 4274 2998 4329 fore
3032 4274 3275 4338 Placuto,
3310 4277 3390 4330 sic
3433 4279 3502 4331 ab

1924 4370 2319 4429 inerustatione
2344 4369 2514 4433 dicto,
2550 4367 2772 4436 delapsa
2795 4365 2998 4421 multos
3024 4366 3149 4421 istic
3182 4366 3324 4420 forte
3359 4382 3499 4435 prro-

1926 4447 2107 4521 sentes
2136 4462 2489 4533 opprimeret.
2528 4460 2797 4513 Praeterea
2849 4458 3054 4512 litteris
3105 4456 3387 4526 proditum
3420 4470 3506 4513 est

1858 4580 1901 4637 ο
1930 4570 2153 4623 ex,aere
2189 4564 2296 4610 tam
2338 4553 2702 4623 impetuosum
2744 4548 2975 4604 imbrem
3006 4549 3117 4614 die,
3148 4565 3256 4619 quo
3283 4560 3500 4604 sancto-

1934 4666 2058 4707 rum
2091 4649 2461 4720 apostolorum
2494 4644 2641 4699 Petri
2681 4651 2738 4699 et
2774 4643 2924 4697 Pauli
2968 4643 3235 4698 memoria
3261 4644 3505 4698 celebra-

1934 4752 2047 4808 tur,
2087 4741 2361 4811 erupisse,
2392 4736 2705 4813 ut‘mdilicia
2736 4744 3220 4805 prosternerentur
3249 4746 3305 4791 ct
3336 4736 3389 4790 in
3422 4738 3505 4791 eis

1934 4832 2193 4890 mortales
2228 4846 2334 4885 una
2363 4844 2486 4885 eum
2516 4827 2891 4882 animantibus
2916 4826 3073 4895 aquis
3105 4826 3501 4881 obruerentur.

1935 4926 2150 4982 Secuta:
2182 4932 2310 4978 sunt
2334 4921 2641 4977 Tureorum
2669 4918 2723 4972 in
2761 4916 3073 4988 provincias
3105 4918 3381 4973 Romanas
3406 4934 3505 4973 ex-

1935 5015 2220 5072 cursiones
2244 5056 2258 5079 ,
2303 5021 2493 5069 contra
2524 5024 2664 5081 quos
2694 5008 2995 5078 imperator
3026 5022 3153 5063 eum
3181 5008 3381 5064 ducere
3412 5025 3507 5065 co-

1934 5109 2055 5178 pias
2082 5105 2279 5161 aﬂlxus
2321 5106 2467 5158 lecto
2502 5117 2612 5156 non
2661 5108 2865 5171 posset,
2902 5099 3249 5154 Eustathium
3291 5099 3507 5172 Camyt-

1932 5215 2050 5253 zem
2089 5197 2424 5253 exereitibus
2455 5194 2771 5265 prmfectum
2806 5193 3067 5247 adversus
3100 5207 3195 5246 eos
3231 5192 3416 5246 mittit.
3458 5193 3505 5246 Is

1931 5301 2183 5345 conserta
2210 5306 2335 5344 cum
2368 5287 2565 5344 Turcis
2590 5303 2751 5342 manu
2786 5302 2894 5341 non
2929 5286 3113 5354 copias
3144 5284 3307 5340 modo
3337 5300 3503 5339 caesas

1934 5382 2155 5445 amittit,
2190 5397 2383 5435 verum
2412 5379 2577 5434 etiam
2607 5366 2675 5433 ab
2718 5379 2875 5432 ltoste
2907 5376 3156 5445 captivus
3191 5375 3503 5430 abducitur.

1934 5474 2011 5529 Eo
2039 5489 2165 5529 casu
2199 5472 2498 5541 imperator
2530 5454 2753 5541 cognito
2786 5469 2960 5525 teneri
2992 5484 3101 5524 non
3143 5468 3340 5538 potuit,
3372 5468 3506 5537 quin

1936 5566 2051 5633 ipse
2102 5562 2167 5616 ad
2219 5578 2283 5617 ea
2317 5563 2438 5617 loca
2487 5562 2948 5631 proﬁcisceretur.
3002 5558 3121 5625 Quo
3161 5557 3303 5613 facto
3337 5559 3510 5615 instar

1935 5656 2070 5709 ίιιιιιί
2109 5654 2319 5708 Tureos
2352 5654 2658 5722 dissipavit,
2689 5661 2842 5706 tanto
2871 5652 2949 5706 eis
2979 5659 3189 5705 terrore
3224 5650 3423 5721 injecto
3453 5662 3505 5703 ut

1933 5746 2097 5803 etiam
2134 5746 2170 5801 ii
2200 5747 2292 5817 qui
2320 5745 2633 5817 Camytzcm
2660 5745 2933 5816 captivum
2962 5743 3280 5802 detinebant
3314 5754 3509 5813 spuntu
