4198 6444
738 324 847 385 623

1804 330 2221 391 MICHAELIS
2262 333 2523 394 GLYCXE
2558 336 2833 395 ANNALI
2850 334 2960 394 ΠΜ

3884 317 3985 375 6Ξηί

724 450 741 480 s
776 450 817 480 μ
854 448 975 482 cum
1020 434 1135 499 ipso
1168 434 1230 485 ad
1280 434 1660 500 imperatorem
1692 441 2013 493 accederent
2074 440 2285 493 Secun-
2316 455 2361 503 Α
2390 443 2635 509 διάἷμλχον
2676 444 2995 495 unum
3036 441 3130 492 τὶν

2398 443 2635 509 ὗιὰἷμλχον
2676 444 2995 495 καταλιπὼν
3036 441 3130 492 τὶν
3170 439 3289 492 υἱὸν
3330 436 3495 490 αὑτοῦ
3544 437 3633 487 τὶν
3678 433 3985 501 Kay-9731'

722 528 849 576 dum
888 528 999 577 [με
1034 528 1287 593 princeps
1314 528 1619 582 Turcorunt
1652 530 1830 583 foedus
1874 548 1997 585 eum
2046 534 2279 601 impera-

2398 536 2653 601 Ἰωάννην
2688 536 2822 601 (98}.

724 630 842 674 tore
872 618 1056 684 ῐριτὶιις
1084 638 1193 688 quo
1243 623 1377 676 inito
1412 624 1633 677 domum
1669 627 1926 693 utrinque
1990 628 2318 683 discessum.
2354 627 2493 683 Cum
2516 642 2701 682 autem
2767 630 2998 685 morbus
3024 626 3379 696 imperatoris
3404 626 3460 679 in
3486 622 3606 676 dies
3636 621 3981 689 ingravesce-

722 723 827 765 ret.
853 714 918 767 de
946 716 1219 770 communi
1254 718 1588 771 medicorum
1618 720 1887 773 sententia
1918 720 2157 775 candens
2190 719 2399 774 ferrum
2424 723 2546 791 ejus
2578 724 2863 777 stomacho
2902 723 3235 791 impressum
3302 729 3411 772 est.
3474 715 3543 769 Et
3605 714 3737 781 quia
3784 725 3979 779 parum

722 815 1059 872 temperatus
1136 824 1232 861 aer
1302 813 1463 878 regiae
1496 810 1795 875 videretur,
1850 821 1907 865 ut
1948 814 2041 881 qui
2112 828 2261 868 esset
2304 818 2601 869 australior
2646 817 2953 885 aliquanto,
3002 816 3061 869 iu
3114 813 3519 880 langanorum
3570 807 3841 877 palatium
3882 804 3979 853 ῖυίι

720 902 1064 967 ἀοίιυτιειιυε,
1096 902 1206 958 [ειιο
1238 905 1412 967 illum,
1444 922 1540 962 ceu
1568 909 1716 962 credi
1746 925 1843 978 par
1866 921 1973 969 est.
2032 926 2100 965 eo
2154 914 2529 981 pertrabente.
2563 912 2698 966 Nam
2763 912 2929 981 vulgo
2958 912 3225 978 jactatum
3256 905 3394 960 illud
3426 924 3441 958 :
3480 924 3500 956 ι
3544 904 3603 958 lu
3641 900 3981 965 Aoesodynis

722 992 903 1055 cadet,
936 1011 956 1045 ι
1002 996 1067 1049 de
1114 996 1231 1063 ipso
1264 998 1626 1065 perscriptum
1667 1014 1787 1053 esse
1822 984 2150 1068 perhibent,
2182 1002 2276 1069 qui
2318 1002 2614 1071 plurimum
2680 1001 2953 1072 ejusmodi
2988 999 3229 1054 oraculis
3260 994 3705 1064 interpretandis
3768 990 3973 1044 valent.

726 1084 853 1139 Istic
882 1099 1015 1156 ergo
1045 1086 1187 1141 diem
1216 1090 1269 1141 in
1318 1090 1481 1143 terris
1524 1104 1862 1156 supremum,
1905 1091 2115 1146 Joanne
2138 1090 2422 1147 Gomneno
2448 1091 2564 1147 ﬁlio
2590 1107 2913 1147 successore
2946 1089 3165 1161 imperii
3204 1088 3424 1150 relicto,
3460 1083 3681 1139 clausit.

798 1236 908 1303 (98)
933 1236 1244 1308 Clausulam
1302 1236 1443 1289 hanc
1484 1250 1607 1306 post
1646 1241 1738 1291 τὸν
1780 1242 2068 1308 Κομιδτνδν
2104 1244 2289 1296 Ἰωάν.

730 1328 825 1375 νην
862 1308 1063 1377 adjecit
1098 1307 1137 1360 F
1164 1308 1360 1362 litteris
1396 1309 1615 1366 rubrica
1658 1312 1834 1364 instar
1872 1307 2156 1368 titulorum
2196 1316 2284 1369 iu-

2402 1244 2651 1307 sixni‘ms
2702 1260 2719 1295 :
2758 1242 2888 1296 ΕΩΣ
2958 1241 3086 1294 (HE
3138 1241 3230 1295 το
3288 1239 3517 1296 ΠΕΡΔΣ
3588 1239 3733 1292 ΤΗΣ
3784 1237 3973 1290 ΚΑΤΑ

2391 1314 2713 1370 ΧΡΟΝΙΚΔ
2758 1311 3162 1366 muniam

1556 1459 2031 1529 MICHAELIS
2065 1465 2359 1528 GLYCE
2393 1465 2855 1529 ANNALIUH
2880 1466 3143 1531 FINIS.

732 1657 1021 1695 εκ..-

1124 1839 2445 2003 GLYCANOBUM
2580 1842 3582 2001 ANNALIUM

1907 2089 2752 2186 CONTINUATIO

1000 2284 1051 2343 Δ
1084 2280 1400 2344 ΙΟΑΝΝΕ
1430 2279 1822 2345 (ΖΟΜΝΕΝΟ
1866 2281 2119 2355 USQUE
2160 2284 2267 2345 AD
2302 2283 2616 2347 IMPERII
2660 2286 3097 2348 ΒῩΖΔΝΤΙΝΙ
3143 2260 3691 2360 ΕνΕΒειοΝΕΜ,

1670 2447 1821 2511 ηε
1831 2446 2054 2511 TORE
2092 2446 2431 2513 ΙΟΑΝΝΕ
2472 2451 2583 2513 LE
2593 2444 2865 2515 UNCLA
2880 2452 3041 2515 ΠΟ.

882 2620 1011 2690 Qua
1039 2611 1484 2695 superioribus
1527 2614 1791 2693 adjecta,
1832 2633 2063 2697 corpus
2108 2617 2422 2698 integrum
2468 2619 2765 2681 Historiae
2808 2617 3171 2698 Byzantina:
3214 2619 3511 2680 Lectores
3549 2615 3814 2679 habent.

792 2892 956 2968 336
978 2894 1167 2950 Alexio
1206 2893 1536 2965 imperatore
1563 2894 1818 2967 spiritum
1848 2903 2154 2952 extremum
2187 2894 2287 2952 du-
2319 2903 2361 2959 Α
2392 2892 2661 2953 sidentem
2717 2897 2890 2961 leoni,
2946 2912 3108 2968 quem
3133 2893 3363 2950 auribus
3434 2893 3777 2948 habenarum
3849 2893 3963 2947 rice

721 2997 903 3053 acute,
922 2987 1162 3043 Joannes
1180 2986 1447 3042 maximus
1472 2997 1604 3043 natu
1630 2986 1796 3051 ﬁlius,
1818 2989 2105 3060 adjuvante
2125 2989 2290 3045 fratre

725 3080 951 3143 Isaacio,
979 3077 1447 3145 Sebastocratore,
1481 3081 1704 3134 conscio
1742 3090 1917 3148 patre,
1949 3094 2049 3133 ceu
2078 3078 2293 3133 fereba-

724 3184 835 3240 tur,
864 3169 1035 3228 invita
1090 3180 1284 3236 matre,
1340 3187 1462 3241 qua:
1492 3171 1821 3242 Bryennium
1857 3188 2119 3242 generum
2164 3188 2288 3227 cum

724 3266 878 3322 Anna
896 3264 1185 3320 Ctesarissa
1206 3265 1312 3318 filia
1337 3264 1619 3318 maluisset
1641 3264 1873 3334 imperio
1896 3265 2082 3335 potiri,
2102 3272 2293 3320 nactus

722 3358 984 3411 annulum
1012 3364 1323 3425 paternum,
1360 3354 1553 3424 partim
1585 3369 1653 3408 eo
1702 3355 2023 3410 custodibus
2047 3365 2289 3420 ostenso,

722 3450 921 3520 partim
983 3450 1031 3501 vi
1070 3448 1242 3517 portis
1294 3464 1325 3501 e
1382 3446 1699 3502 cardinibus
1756 3448 1973 3513 emetis,
2027 3462 2291 3516 magnum

722 3540 984 3613 palatium
1026 3539 1299 3607 ingressus
1324 3548 1428 3601 est,
1494 3553 1660 3607 seque
1708 3538 2036 3607 imperatore
2085 3553 2295 3592 nuncu-

724 3640 874 3701 pato,
915 3630 1304 3699 rempublicam
1322 3628 1707 3685 administrare
1737 3630 1924 3699 cmpit.
1955 3628 2293 3685 Conﬁrmata

724 3725 977 3794 imperio,
1009 3725 1280 3793 prmeipue
1317 3732 1672 3792 cognatorum
1703 3737 1865 3791 Opera
1911 3722 1967 3777 in
2017 3723 2291 3793 guberna-

723 3818 871 3873 tione
906 3815 1163 3872 utebatur
1204 3815 1434 3871 Joannis
1465 3814 1731 3870 Conmeni
1789 3815 2143 3880 aceubitoris,
2198 3815 2294 3885 qui

721 3908 1029 3979 arrogantia
1055 3924 1150 3962 sua
1182 3918 1354 3963 semet
1387 3911 1497 3962 cito
1525 3909 1742 3979 dejecit,
1796 3918 1852 3963 et
1882 3907 2128 3977 Gregorii
2188 3906 2294 3960 Ta-

723 4002 937 4064 ronitm,
976 3999 1079 4053 viri
1116 3998 1369 4065 modesti,
1396 4009 1654 4069 prmterea
1693 3998 1941 4068 Gregorii
1996 3998 2291 4065 Camatcri,

720 4090 956 4143 obscuro
1014 4088 1124 4141 nati
1166 4101 1383 4155 genere,
1450 4101 1513 4140 ac
1554 4086 1779 4142 Joannis
1829 4086 2045 4141 Axuchi
2096 4086 2291 4151 Persae,

720 4197 884 4252 quem
916 4179 1145 4234 mirifice
1176 4178 1439 4249 diligebat
1479 4177 1551 4233 ob
1578 4178 2033 4232 consuetudinem
2077 4178 2294 4232 diutur-

723 4289 869 4336 nam,
919 4285 971 4327 et
1013 4271 1221 4325 honore
1267 4271 1445 4341 magni
1479 4270 1765 4326 domestici
1815 4271 2066 4326 ornabat.
2133 4272 2292 4325 Anno

722 4366 901 4435 primo
931 4362 1163 4416 necdum
1227 4371 1421 4416 esacto
1447 4361 1719 4416 concitata
1754 4360 1857 4415 fuit
1889 4362 2155 4418 adversus
2185 4363 2289 4417 im-

723 4465 1030 4529 peratorem
1055 4453 1273 4516 seditio.
1293 4454 1449 4524 cujus
1479 4464 1638 4509 erant
1668 4454 1946 4524 principes
1984 4454 2293 4525 Bryennius

720 4559 777 4603 et
808 4549 962 4602 Anna
1001 4544 1312 4599 Cmsarissa.
1369 4544 1567 4600 Verum
1627 4561 1691 4601 ea
1727 4556 1940 4601 mature
1983 4546 2160 4613 sopita
2185 4554 2289 4612 est,

723 4643 1057 4706 imperatore
1090 4637 1379 4692 seditiosos
1410 4638 1725 4694 humaniter
1752 4639 2077 4709 castigante.

795 4733 921 4785 l'ust
954 4732 1066 4785 haec
1097 4731 1293 4786 Turcis
1348 4732 1400 4785 in
1458 4732 1687 4802 Phrygia
1732 4732 1907 4793 victis,
1963 4731 2290 4787 Laodiceam

724 4832 1099 4894 recuperatam
1149 4824 1388 4879 muniit:
1426 4827 1706 4895 alteraque
1756 4834 2009 4896 suscepta
2066 4828 2294 4897 expedi-

724 4919 892 4980 tione,
930 4916 1157 4970 solerter
1190 4916 1433 4985 pellectis
1460 4916 1526 4971 ad
1570 4916 1897 4972 insidiarum
1948 4917 2064 4972 loca
2099 4918 2290 4987 praesi-

722 5010 1017 5073 diariis,et
1056 5008 1123 5063 ab
1175 5008 1311 5063 urbe
1375 5009 1707 5075 interclusis,
1768 5008 2079 5079 Sonpolim
2127 5010 2291 5079 cepit.

723 5117 847 5158 eum
885 5101 1007 5155 aliis
1062 5100 1247 5161 multis
1296 5100 1514 5172 oppidis
1564 5101 1809 5171 locisque
1873 5102 2121 5167 munitis,
2158 5118 2295 5173 'quze

723 5194 889 5250 Turei
943 5193 1202 5248 Romanis
1255 5193 1594 5249 ademerant.
1658 5191 1889 5263 Scythas
1938 5194 2100 5248 etiam
2157 5210 2295 5264 quos

724 5291 1045 5347 l‘atzinacas
1080 5289 1531 5359 voeant,ingenti
1588 5287 1776 5357 prmlio
1828 5287 1982 5349 vicit,
2046 5288 2293 5355 itemque

721 5382 994 5438 Triballos
1017 5391 1071 5436 et
1098 5380 1339 5445 Servios,
1386 5396 1525 5450 quos
1557 5380 1609 5435 in
1643 5389 1967 5451 potestatem
2038 5380 2293 5434 redactos

723 5492 919 5545 magna
951 5491 1016 5529 ex
1046 5483 1200 5545 parte
1235 5474 1287 5528 in
1342 5473 1817 5528 Nicomediensem
1877 5473 2017 5529 Asim
2072 5473 2294 5542 provin-

2392 2989 2792 3054 moderaretur,
2837 3001 2960 3043 cum
3015 2986 3222 3056 alioqui
3275 2986 3416 3040 nihil
3457 2984 3690 3040 haberet
3738 2983 3807 3038 ad
3865 2985 3965 3037 do-

2392 3081 2645 3135 mandam
2706 3081 2944 3135 belluam
2999 3079 3497 3135 accommodatum.
3553 3077 3671 3133 Hoc
3715 3079 3833 3131 viso
3893 3077 3965 3130 si-

2391 3172 2776 3243 gnificabatur,
2802 3187 2929 3225 eum
2957 3172 3121 3225 titulo
3145 3180 3307 3225 tenus
3335 3172 3544 3240 absque
3572 3185 3632 3225 re
3667 3170 3959 3239 potiturum

2393 3265 2647 3335 imperio,
2673 3264 2819 3335 quod
2838 3265 3004 3319 etiam
3034 3279 3159 3318 mox
3185 3264 3494 3318 amissurus
3514 3275 3683 3327 esset,
3713 3262 3787 3315 uti
3818 3262 3965 3315 dein-

2393 3371 2524 3423 ceps
2552 3356 2774 3413 accidit.
2798 3355 2977 3411 Gessit
3000 3356 3167 3410 etiam
3201 3355 3436 3411 feliciter
3459 3355 3727 3409 adversus
3747 3352 3965 3406 Hunnus

2394 3447 2600 3501 bellum
2656 3447 2917 3513 Joannes,
2956 3449 3051 3517 qui
3114 3448 3252 3502 lines
3307 3448 3587 3502 Romanos
3633 3447 3963 3507 invaserant,

2394 3547 2661 3609 praetexta
2695 3553 2862 3592 causa
2902 3538 3265 3607 spoliatorum
3310 3547 3679 3591 mercatorum
3722 3551 3963 3598 suorum.

2394 3646 2520 3687 cum
2546 3632 2758 3686 occulta
2782 3640 2839 3686 et
2872 3632 3054 3687 verior
3079 3642 3249 3695 esset,
3294 3631 3353 3685 in
3398 3630 3665 3684 Almuzen
3710 3626 3964 3697 Stephani

2395 3723 2540 3793 regis
2566 3722 2892 3778 Hunnorum
2925 3723 3150 3777 fratrem
3207 3722 3499 3793 profugum
3556 3721 3833 3776 declarata
3862 3719 3963 3773 ltu-

2397 3815 2653 3878 manitas.
2701 3815 2761 3869 In
2800 3815 2904 3870 hac
2936 3816 3295 3885 expeditione
3356 3816 3591 3869 multum
3611 3814 3679 3869 ab
3737 3829 3805 3869 eo
3836 3813 3967 3867 lines

2397 3907 2613 3976 imperii
2644 3922 2838 3962 versus
2868 3907 3217 3961 occidentem
3258 3906 3457 3977 prolati
3480 3915 3631 3960 sunt.

2469 3997 2640 4053 Victis
2666 3998 2796 4053 hinc
2812 3999 3232 4064 Persarmeniis,
3258 4007 3595 4067 etoccupata
3620 3995 3963 4057 Castamone,

2399 4109 2525 4149 cum
2560 4089 2843 4163 triumpho
2872 4090 3407 4158 Consmntinopolim
3449 4088 3619 4160 pedes
3645 4096 3731 4142 est
3761 4087 3966 4156 ingres-

2399 4200 2517 4246 sus,
2540 4183 2806 4255 quadriga
2863 4182 3183 4253 triumphali
3234 4196 3583 4251 nequaquam
3642 4191 3963 4236 conscensa.

2396 4277 2488 4331 sed
2518 4275 2755 4345 imagine
2793 4273 3036 4344 Deipane
3080 4274 3136 4328 in
3177 4272 3325 4327 illam
3362 4273 3649 4335 collocata,
3684 4271 3775 4324 cui
3818 4268 3965 4322 velut

2397 4365 2615 4434 imperii
2655 4364 2877 4434 collega:
2924 4362 3187 4417 victorias
3238 4370 3499 4431 acceptas
3556 4359 3789 4414 ferebat.
3848 4358 3962 4411 Mox

2394 4470 2649 4512 reversus
2686 4456 2739 4509 in
2769 4453 3077 4521 Orientem,
3105 4452 3491 4508 Castamonem
3539 4466 3570 4505 a
3615 4448 3963 4505 Tauismanio

2396 4554 2699 4618 receptam,
2755 4545 3056 4616 Gangram,
3136 4543 3410 4609 Adanam,
3462 4542 3717 4604 Tarsum,
3774 4540 3963 4597 Bacam

2396 4640 2828 4695 munitissimum
2853 4636 3162 4702 castellum,
3185 4635 3527 4691 Anabarzam
3560 4633 3609 4688 vi
3641 4641 3919 4703 espugnat
3947 4645 3962 4682 :

2396 4743 2453 4789 et
2470 4732 2821 4804 leesyriam
2848 4731 3148 4802 ingressus,
3163 4728 3465 4784 Antiochiae
3486 4742 3648 4798 quam
3667 4723 3965 4780 honorifice

2398 4824 2766 4897 agRaimundo
2801 4823 3051 4893 prine‘pc.
3075 4821 3393 4891 suscipitur,
3423 4834 3484 4873 ac
3512 4817 3687 4873 fcedus
3713 4827 3819 4870 tam
3843 4828 3963 4868 cum

2399 4916 2731 4981 llaimumlo,
2777 4929 2939 4984 quam
2989 4912 3333 4983 Tripolitano
3383 4909 3582 4966 comite
3641 4907 3785 4961 ferit.
3837 4906 3963 4960 Inde

2398 5018 2696 5081 penetrans
2726 5006 2793 5060 ad
2817 5004 3177 5075 Euphratem,
3212 5003 3400 5058 Pisam
3438 5000 3683 5068 aliasque
3734 4995 3965 5050 nonnul-

2397 5100 2480 5155 las
2506 5097 2849 5155 munitiones
2882 5103 3133 5164 occupat.
3175 5093 3291 5148 Nec
3341 5091 3513 5147 multo
3538 5098 3663 5159 post
3717 5086 3963 5143 Alesiam

2398 5194 2852 5264 primogcnltum,
2887 5205 3051 5259 quem
3080 5186 3146 5240 ad
3186 5184 3405 5255 imperii
3437 5183 3758 5239 societatem
3796 5177 4011 5233 admia

2399 5295 2567 5351 serat,
2596 5294 2650 5340 et
2670 5283 3049 5339 Andronicum
3083 5279 3152 5333 ab
3173 5293 3238 5333 eo
3264 5275 3571 5346 proximum
3598 5286 3750 5325 mors
3786 5269 3966 5323 abstu-

2398 5377 2603 5434 litzeis
2638 5392 2745 5431 non
2788 5375 2879 5428 diu
2913 5379 3191 5443 superstes
3214 5369 3338 5433 fuit,
3372 5369 3531 5422 lazsus
3579 5365 3635 5419 in
3677 5362 3959 5417 venatione

2399 5487 2499 5544 per
2530 5470 2782 5541 sagittam
2828 5482 2981 5523 suam
3010 5477 3227 5519 veneno
3265 5461 3545 5520 infectam,
3587 5471 3751 5527 quam
3780 5470 3810 5509 e
3833 5454 3960 5523 pha-

720 5572 862 5623 iiaui
904 5565 1202 5622 transtulit.
1266 5562 1431 5619 Filios
1480 5564 1672 5619 habuit
1724 5576 1979 5636 quatuor,
2020 5566 2291 5631 Alexium,
2320 5575 2363 5639 (ζ
2400 5576 2546 5619 retra
2583 5562 2867 5618 solitarius
2901 5574 3034 5630 aper
3064 5562 3404 5611 excusserat.
3447 5548 3809 5628 Mori'bundus
3842 5560 3958 5639 ora-

722 5661 1117 5724 .\mlrouicum,
1170 5657 1453 5723 lsaacium,
1505 5658 1830 5714 Manuelem.
1888 5660 2137 5716 Alexium
2171 5671 2295 5729 post

719 5752 1130 5813 curonationezn
1205 5750 1389 5808 videre
1442 5766 1539 5823 per
1606 5750 1847 5822 quietem
1918 5752 2065 5807 visus
2090 5762 2171 5807 est
2210 5752 2289 5805 iu-

2403 5659 2551 5714 tionc
2585 5658 2649 5711 ad
2686 5671 2815 5710 suos
2845 5654 3055 5718 habita,
3087 5650 3395 5705 Manuelem
3429 5661 3494 5701 ex
3532 5643 3659 5697 [iliis
3702 5649 3833 5694 natu
3863 5637 3955 5689 mi-

2402 5748 2630 5817 nimum,
2670 5746 2762 5819 qui
2799 5758 2910 5801 tum
2944 5743 3083 5799 forte
3119 5740 3329 5808 aderat,
3356 5733 3560 5792 lsaacio
3599 5729 3791 5802 majori
3827 5741 3950 5797 pra:-
