4198 6444
197 306 291 369 €25

1545 309 1818 369 CONTIN
1833 313 2079 372 U.-\'I‘I-O.

3322 299 3423 363 896

200 421 333 484 tulit,
359 429 416 472 et
444 417 827 487 imperatorem
856 417 1180 488 designavit.
1213 417 1331 484 Quo
1356 419 1585 472 consilio
1617 435 1752 473 eun-
1779 422 1825 480 Α
1858 420 2226 488 recuperavit,
2257 429 2309 472 ct
2337 405 2600 472 Michacie
2636 416 2938 484 PaLrologo
2969 413 3426 484 copiisatlvrt‘sus

194 523 396 568 ctorum
427 509 701 578 sutl‘ragiis
751 511 1078 579 approbato,
1119 511 1287 564 vitam
1339 511 1480 564 bane
1507 511 1749 579 reliquit.

195 601 402 671 imperii
428 601 688 655 vicesimo
721 608 919 670 quarto
956 616 1102 656 anno
1131 616 1296 669 supra
1326 615 1574 656 mensem
1607 611 1755 655 octa-

195 707 313 745 vum
344 700 554 746 exacto.

263 831 538 887 Successit
576 831 630 885 ei
655 831 892 896 Manuel,
925 832 1016 901 qui
1047 844 1176 886 mox
1205 847 1235 887 e
1259 832 1454 886 castris
1481 833 1533 885 in
1565 831 1756 885 urbem

194 923 476 976 Axurhum
532 937 791 990 magnum
822 921 1186 976 domesticum
1238 921 1533 989 ablegavit,
1568 929 1627 973 ut
1673 935 1761 974 res

196 1013 318 1067 istic
373 1013 764 1077 constitueret,
817 1021 1202 1081 occupatoque
1263 1011 1467 1080 palatio
1536 1012 1760 1065 fratrem

196 1103 452 1160 lsaacium
489 1114 726 1174 paterna
780 1106 973 1159 mortis
1010 1105 1192 1159 adhuc
1231 1104 1479 1175 ignarum
1535 1118 1763 1158 coerce-

195 1202 292 1257 ret,
342 1193 566 1263 nequid
593 1193 986 1247 illeturbarum
1023 1209 1122 1248 ceu
1176 1203 1306 1247 natu
1354 1193 1528 1260 major
1583 1191 1759 1246 daret.

151 1282 167 1295 ⁴
198 1285 475 1356 Egregiam
528 1286 588 1338 in
627 1300 694 1339 eo
725 1286 943 1339 navavit
972 1299 1195 1352 operam
1226 1283 1506 1347 Axuchus,
1560 1283 1765 1336 lsaacio

197 1376 251 1430 in
281 1376 698 1431 Pautocratoris
729 1377 1127 1430 monasterium
1153 1375 1392 1430 incluso.
1438 1375 1556 1429 Non
1581 1375 1676 1428 abs
1706 1389 1765 1427 re

196 1477 378 1523 autem
410 1477 563 1537 pater
609 1468 687 1523 illi
745 1468 1047 1522 Manuelem
1103 1467 1440 1538 praetulerat.
1511 1467 1643 1520 Nam
1710 1473 1766 1519 et

201 1561 492 1614 iracundus
514 1568 656 1624 erat,
696 1569 752 1614 et
772 1562 839 1614 ad
867 1561 1137 1629 supplicia
1164 1560 1312 1615 leves
1341 1559 1412 1612 ob
1435 1573 1629 1613 causas
1647 1557 1765 1610 exi-

199 1652 376 1722 genda
407 1667 615 1722 pronus
650 1665 666 1706 :
705 1653 807 1707 hac
853 1653 971 1723 ipsa
1008 1653 1299 1707 atrocitate
1355 1666 1478 1706 cum
1531 1650 1762 1704 naturali

199 1744 434 1814 quodam
471 1759 670 1813 pavore
701 1745 1016 1814 cdnjuncta.
1060 1743 1212 1799 Uxor
1239 1742 1475 1797 Mauueli
1538 1742 1773 1811 impera-

201 1835 305 1888 tori
339 1835 599 1888 Alemana
629 1834 755 1897 fuit,
805 1850 872 1889 ex
915 1834 1114 1889 illustri
1142 1834 1461 1905 principum
1515 1834 1718 1887 familia
1749 1849 1764 1886 :

201 1942 321 1996 quae
349 1941 455 1980 non
488 1935 593 1979 tam
621 1925 852 1980 formam
903 1929 1172 1994 corporis,
1204 1941 1366 1995 quam
1422 1926 1592 1979 animi
1653 1926 1772 1993 pul-

202 2017 578 2073 chritudinem
607 2019 858 2073 curabat.
919 2019 1111 2088 Itaque
1185 2018 1328 2072 fucis
1355 2027 1412 2073 et
1476 2018 1771 2072 adscititiis

203 2110 544 2166 ornamentis
592 2110 916 2181 repudiatis,
981 2110 1329 2180 naturalique
1382 2110 1589 2164 rubore
1646 2126 1773 2163 con-

205 2210 377 2268 tenta,
448 2202 718 2256 virtutum
791 2202 1062 2272 elegantia
1124 2201 1394 2271 fulgebat.
1463 2201 1770 2256 constantia

205 2299 577 2366 gravitateque
614 2295 877 2365 gentilitia
926 2295 1177 2365 praedita.
1241 2296 1302 2350 Ei
1337 2295 1550 2349 Manuel
1587 2294 1776 2364 conju-

204 2391 278 2460 gii
309 2389 468 2443 fidem
502 2389 908 2454 nonservabat,
961 2389 1126 2443 etiam
1186 2389 1365 2457 neptis
1405 2389 1612 2442 incesta
1647 2401 1778 2440 con-

208 2483 502 2538 suetudine
553 2496 679 2536 eum
716 2480 1014 2551 ignominia
1043 2480 1309 2549 singulari
1347 2480 1604 2534 abutens.
1658 2479 1776 2533 Ca:-

210 2575 464 2643 teroquiu
497 2574 566 2628 ab
595 2574 754 2628 initio
777 2571 1073 2627 munificus
1119 2581 1259 2637 erat,
1325 2572 1396 2626 ob
1460 2570 1776 2626 comitatem

210 2667 361 2721 aditu
394 2665 590 2729 facilis,
627 2665 812 2718 animo
844 2663 1056 2718 fraudis
1107 2673 1331 2733 experte
1365 2680 1379 2716 :
1413 2678 1536 2732 qute
1595 2672 1776 2716 tamen

211 2760 443 2813 virtutes
477 2758 531 2811 in
560 2757 677 2826 ipso
710 2765 983 2826 perpetuae
1017 2771 1126 2810 non
1153 2755 1511 2810 exstiterunt.

281 2887 396 2943 Hoc
433 2897 677 2956 tempore
719 2897 974 2956 suscepta
996 2895 1080 2942 est
1128 2884 1197 2940 ab
1231 2883 1517 2941 Alemannis
1541 2883 1780 2956 Conradi

137 2974 143 2978 ’
209 2979 440 3035 Cmsaris
458 2979 680 3048 Augusti
707 2959 962 3048 auspiciis
988 2975 1042 3029 in
1068 2974 1412 3029 Palmstinam
1443 2955 1584 3028 nova
1612 2966 1779 3043 expe-

1859 511 2074 565 Siculos
2134 508 2414 578 praefecto,
2465 508 2532 562 de
2576 507 2786 561 Serviis
2844 505 3219 574 Hungarisque
3255 506 3428 556 victe-

1859 602 1993 655 riam
2026 615 2156 654 sane
2181 600 2446 653 illustrem
2479 606 2809 652 consecutus
2844 604 2947 651 est.
2984 596 3286 663 Palaeologo
3320 611 3427 646 non

1860 693 2036 746 multo
2065 700 2189 760 post
2223 691 2546 758 abrogatum
2580 689 2894 758 imperium,
2940 688 3203 755 missique
3238 696 3428 738 contra

1860 783 2074 838 Siculos
2100 782 2320 836 Alexius
2347 781 2677 837 Comnenus.
2717 778 2971 846 Bryeunii
2996 778 3226 831 Caesaris
3259 776 3428 835 illius,

1861 891 1984 930 cum
2014 871 2219 928 Joanne
2253 870 2418 935 Duca,
2450 873 2690 940 itemque
2719 871 2877 941 337
2900 869 3291 923 Constantinus
3322 869 3434 920 An-

1863 968 2046 1036 gelus,
2078 966 2129 1018 in
2153 975 2471 1034 potestatem
2497 963 2735 1017 hostium
2761 961 3297 1015 venrrunt.Tandem
3318 960 3436 1011 sine

1863 1057 2043 1112 fructu
2075 1055 2217 1108 bello
2255 1052 2659 1115 administrate,
2705 1065 2806 1119 pax
2848 1051 3108 1119 utrinque
3142 1048 3282 1116 facta
3329 1058 3434 1101 cst.

1861 1145 1997 1199 Cum
2030 1152 2212 1198 autem
2233 1144 2492 1198 Alemana
2527 1140 2790 1196 Manuelis
2828 1157 2967 1195 uxor
2993 1155 3023 1195 e
3061 1140 3200 1195 vivis
3242 1154 3438 1192 exces-

1864 1234 2048 1299 sisset,
2073 1249 2236 1302 quam
2263 1233 2482 1303 quidem
2511 1229 3437 1300 mortuam'illelougeﬁacerbissime

1865 1322 2023 1388 luxit,
2071 1325 2422 1395 procreanda;
2458 1324 2662 1378 sobolis
2692 1323 2947 1378 masculae
2975 1337 3160 1385 causa,
3192 1321 3436 1374 Petcbini

1867 1416 2168 1470 Antiochiae
2214 1415 2279 1470 ad
2314 1415 2571 1470 Orontem
2608 1415 2726 1468 sitae
2757 1414 3037 1484 principis,
3083 1428 3148 1466 ex
3179 1413 3436 1467 occiden-

1872 1509 1963 1562 tali
1991 1508 2200 1562 familia
2233 1508 2370 1571 nati,
2414 1507 2580 1561 filiam
2641 1521 2865 1559 uxorem
2916 1505 3094 1559 duxit.
3141 1505 3289 1557 Inter
3336 1505 3438 1556 alia

1868 1613 1990 1668 qua:
2049 1598 2218 1668 gessit
2268 1596 2374 1652 hoc
2433 1611 2654 1666 quoque
2721 1595 3053 1661 celebratur,
3109 1594 3255 1664 quod
3315 1609 3440 1648 cum

1869 1688 2107 1752 Chliara,
2145 1688 2462 1758 Pergamus,
2513 1687 2933 1758 Adramyttium,
2969 1685 3135 1741 urbes
3184 1686 3324 1740 Asiae
3347 1685 3443 1737 Mi-

1803 1762 1842 1816 Β
1873 1780 2046 1844 noris,
2073 1795 2373 1848 earumque
2405 1778 2541 1833 fines
2567 1795 2596 1833 a
2633 1778 2828 1832 Turcis
2877 1777 3122 1846 undique
3178 1779 3447 1846 gravissi-

1872 1871 1976 1925 mis
2023 1870 2471 1941 populationibus
2498 1878 2846 1928 vexarentur.
2883 1869 3288 1923 munitionibus
3346 1886 3446 1922 ex-

1872 1963 2118 2028 structis,
2144 1977 2278 2031 quas
2309 1961 2458 2016 Nova
2481 1960 2673 2016 Castra
2734 1961 3095 2030 nuncupavit,
3130 1977 3317 2015 earum
3358 1977 3446 2016 se-

1873 2053 2095 2109 curitati
2131 2054 2494 2126 consuluerit.

1944 2145 2212 2217 Deinceps
2243 2156 2393 2202 moto
2423 2146 2568 2201 bello
2607 2155 2794 2202 contra
2824 2141 3074 2212 liunnos,
3130 2145 3306 2200 atiinis
3362 2147 3447 2201 Sui

1875 2237 2161 2308 Stephani,
2194 2235 2335 2292 Jama
2357 2239 2499 2308 regis
2524 2253 2715 2292 eorum
2754 2238 2943 2293 fratris
2987 2239 3230 2304 nomine,
3283 2255 3447 2308 quem

1876 2346 2045 2402 regno
2075 2340 2198 2399 post
2223 2327 2365 2385 εἶπαι
2399 2341 2630 2385 mortem
2667 2330 2871 2399 pratici
2901 2332 3086 2396 vellet,
3139 2347 3264 2386 cum
3291 2333 3451 2386 initio

1877 2437 2072 2493 parum
2125 2422 2351 2478 omnino
2391 2438 2478 2476 res
2540 2423 2864 2476 succederet
2898 2439 2912 2479 :
2947 2421 3166 2477 tandem
3235 2422 3453 2476 Andro.

1879 2515 2002 2568 nico
2035 2512 2482 2582 Contostephauo
2515 2528 2640 2567 cum
2699 2513 2876 2583 magni
2913 2513 3071 2567 ducis
3123 2513 3285 2568 titulo
3316 2529 3456 2582 pra!-

1880 2605 2151 2675 clarisque
2190 2605 2362 2673 cepiis
2389 2604 2655 2659 adversus
2709 2605 2833 2660 illos
2886 2606 3076 2666 misso.
3113 2605 3316 2675 ingenti
3377 2609 3456 2658 vi-

1880 2696 2055 2751 ctoria
2090 2693 2301 2764 potitus
2334 2705 2421 2750 est
2456 2713 2468 2749 :
2527 2710 2652 2749 cum
2701 2695 2925 2764 quidem
2993 2696 3336 2765 imperatoris
3372 2697 3456 2750 ius

1877 2786 2059 2860 jussu,
2090 2789 2182 2857 qui
2216 2787 2287 2843 ob
2311 2787 2555 2842 siderum
2591 2788 2832 2858 positum
2861 2788 3024 2856 paulo
3076 2787 3458 2841 inclementiu-

1883 2895 2024 2942 rem,
2068 2880 2217 2934 aliud
2277 2881 2586 2949 exspectari
2657 2895 2849 2949 pugna:
2903 2890 3121 2947 tempus
3187 2881 3455 2942 voluerat,

1885 2986 2104 3025 manum
2140 2985 2265 3024 cum
2304 2970 2563 3040 Dionysio
2592 2970 2756 3032 duce,
2794 2971 2911 3022 viro
2943 2969 3068 3023 fonti
3096 2985 3160 3022 ac
3205 2979 3457 3032 strenuo,

212 3071 372 3134 ditio,
398 3086 559 3140 quam
585 3067 797 3123 Manuel
827 3067 1048 3122 minime
1072 3067 1291 3136 quidem
1321 3067 1497 3136 palam
1523 3065 1785 3135 impedie-
1810 3094 1852 3149 ε
1886 3062 2280 3116 conseruisset.
2318 3061 2388 3118 Ut
2426 3070 2610 3115 autem
2658 3060 2784 3114 felix
2820 3060 2937 3114 ha-c
2965 3060 3246 3129 expeditio
3314 3062 3457 3113 Cou-

212 3162 326 3236 bat,
347 3162 442 3216 sed
466 3162 705 3216 occultas
737 3172 915 3216 tamen
938 3159 1184 3214 struebat
1213 3158 1489 3213 Alemanis
1528 3158 1777 3212 insidias.

216 3251 463 3306 Fuerunt
490 3251 543 3304 in
566 3253 662 3304 hac
683 3251 1030 3319 expeditione
1061 3250 1302 3304 virorum
1329 3251 1559 3304 comites
1609 3251 1779 3304 etiam

214 3341 432 3395 feminae
499 3341 747 3410 quaedam
804 3341 1041 3409 ingentis
1121 3341 1314 3404 animi,
1384 3356 1505 3410 qua:
1562 3351 1785 3394 armata:

215 3431 698 3502 iusideutesequis
757 3435 1093 3487 Amazonum
1149 3433 1387 3500 speciem
1448 3431 1782 3502 pra-hebant.

215 3527 319 3582 Hic
346 3527 478 3581 mihi
506 3527 648 3591 vide,
687 3543 852 3596 quam
880 3525 1143 3594 ﬂagitiose
1185 3525 1402 3580 Manuel
1449 3536 1638 3580 contra
1689 3527 1787 3578 da»

217 3631 328 3673 tam
367 3618 529 3673 fidem
565 3634 685 3673 sese
751 3619 1005 3689 gesserit.
1063 3616 1121 3671 in
1162 3618 1299 3672 locis
1349 3606 1672 3686 opportunis
1732 3627 1787 3672 et

214 3711 385 3765 arctis
415 3711 643 3765 insidias
661 3711 1125 3779 eollocabat,-qua:
1142 3709 1346 3764 multos
1361 3711 1782 3776 interimebant;

216 3795 420 3865 passim
471 3793 646 3864 portis
705 3794 824 3863 ipso
885 3804 1162 3847 annuente
1195 3794 1424 3859 clausis,
1456 3793 1632 3846 forum
1662 3793 1790 3847 Ale-

218 3889 397 3942 manis
460 3887 833 3956 deuegabatur
873 3885 1142 3940 :funibus
1199 3886 1266 3940 de
1328 3901 1486 3940 muro
1546 3887 1788 3954 pecunia:

215 3980 561 4036 attrahendae
595 3993 759 4032 causa
785 3979 1059 4040 demissis,
1102 3995 1163 4033 ea
1188 3989 1365 4048 capta,
1399 3988 1664 4049 quantum
1704 3979 1786 4032 vel

217 4075 378 4145 panis
444 4073 528 4126 vel
583 4074 813 4127 aliarum
883 4089 1066 4126 rerum
1143 4072 1393 4135 libebat,
1498 4071 1783 4139 praebeba-

220 4176 362 4218 tur:
411 4177 808 4230 nonnunquam
863 4170 1089 4215 auro.et
1140 4169 1371 4230 argento
1420 4169 1676 4224 attracto,
1719 4159 1787 4214 tle

217 4251 400 4307 muris
447 4260 621 4305 semet
680 4251 917 4320 improbi
971 4251 1229 4304 mortales
1278 4251 1676 4312 subducebant,
1727 4265 1788 4303 ac

214 4345 360 4400 nihil
425 4344 651 4398 omnino
687 4352 1027 4398 commeatus
1077 4343 1323 4397 vicissim
1373 4340 1785 4396 demittebant:

215 4434 447 4504 quidam
481 4435 666 4488 farina:
694 4431 904 4488 calcem
958 4433 1274 4498 miscentes,
1326 4433 1509 4488 cibum
1577 4434 1792 4503 pestifc-

215 4543 347 4582 rum
402 4525 715 4580 clliciebant
754 4543 768 4580 :
809 4526 1164 4595 imperatoris
1218 4525 1374 4595 jussu
1439 4526 1507 4580 de
1563 4516 1791 4595 argento

214 4619 452 4672 minime
488 4617 661 4687 probo
703 4633 833 4671 cusa
868 4628 1083 4671 moneta
1141 4627 1248 4682 est,
1305 4634 1426 4687 quas
1486 4615 1794 4672 vcndituris

210 4706 428 4775 aliquid
462 4719 529 4759 ex
560 4707 878 4759 Aletnanico
942 4706 1190 4760 exercitu
1256 4705 1483 4760 daretur
1512 4727 1522 4758 :
1554 4706 1792 4774 denique

212 4796 427 4850 litteris
450 4796 516 4849 ad
550 4794 763 4851 Turcos
788 4796 969 4851 missis
1029 4797 1243 4851 Mauucl
1281 4797 1531 4851 hortatus
1559 4811 1662 4858 est.
1736 4805 1795 4851 ut

213 4888 428 4942 bellum
459 4887 738 4941 Alemauis
771 4888 1030 4942 iacerent.
1063 4889 1216 4955 Quod
1252 4889 1326 4943 illi
1351 4905 1471 4943 cum
1499 4898 1794 4951 tentarent,

210 4980 290 5033 ad
326 4978 658 5032 Maeandrum
691 4995 720 5032 a
744 4978 1019 5041 Conrado,
1047 4981 1232 5034 divi-ta
1281 4981 1518 5050 quadam
1578 4985 1630 5036 vi
1689 4980 1794 5034 ffu-

210 5071 374 5124 vinm
409 5072 734 5140 trajicieute,
789 5080 936 5125 tanta
969 5073 1209 5141 ipsorum
1249 5074 1397 5127 edita
1445 5085 1655 5144 strages
1685 5084 1792 5136 est,

209 5162 372 5219 utde
399 5177 664 5215 casurum
697 5163 918 5216 ossibus
945 5164 1168 5218 excitati
1218 5165 1395 5219 crebri
1451 5165 1658 5236 altique
1712 5177 1795 5220 tu-

211 5254 385 5318 muli,
415 5253 639 5307 colliqu
697 5255 876 5308 instar
923 5267 1300 5326 assurgereut,
1354 5259 1446 5327 qui
1519 5259 1794 5329 hodieque

206 5362 349 5401 cum
402 5346 761 5401 admiratione
828 5350 1230 5405 transeuntium
1309 5361 1663 5420 spectantur.
1717 5353 1795 5407 Eo

207 5436 418 5508 pra-lio
449 5445 554 5490 tam
579 5437 813 5494 feliciter
841 5452 1097 5510 pugnate,
1128 5444 1265 5496 citra
1318 5445 1641 5512 cujusquam
1700 5447 1800 5497 iui-

209 5527 607 5600 pcdimentum
642 5527 901 5598 deinceps
933 5531 1182 5586 Alcmani
1220 5543 1348 5586 sunt
1375 5534 1672 5602 progressi.

291 5616 563 5671 Gessltab
587 5616 679 5671 illo
709 5627 953 5689 tempore
977 5621 1178 5675 bellum
1220 5623 1434 5677 Mauucl
1479 5637 1668 5678 contra
1709 5643 1799 5681 rc-

211 5726 345 5783 gcm
382 5708 581 5765 Sicilia:
615 5709 927 5782 llogcrium,
962 5714 1303 5785 ablatamun
1347 5715 1450 5772 sibi
1500 5715 1795 5786 Corcyram

1887 3154 2191 3222 tostephani
2228 3153 2352 3217 fuit,
2392 3153 2464 3206 ita
2495 3152 2941 3233 parum‘omnino
2971 3152 3239 3206 successit
3263 3152 3456 3214 altera.

1886 3263 2007 3315 quae
2039 3257 2230 3300 contra
2260 3247 2538 3299 sultanuut
2603 3243 2841 3315 Afgypti,
2883 3246 3072 3297 eodem
3114 3243 3274 3306 duce,
3334 3261 3459 3312 rege

1889 3333 2389 3408 Hierosolymorum
2409 3347 2462 3390 et
2499 3336 2662 3406 Cypri
2699 3336 2956 3404 Amerigo
2993 3335 3167 3401 socio,
3207 3347 3457 3404 suscepta

1886 3440 1970 3485 est
2010 3445 2163 3484 :non
2199 3429 2333 3482 illud
2379 3428 2603 3497 quidem
2661 3426 2966 3482 Andronici
3021 3427 3198 3496 culpa,
3248 3429 3341 3480 sed
3392 3427 3462 3480 ob

1889 3519 2173 3590 perﬁdiam
2210 3520 2350 3588 regis
2379 3520 2642 3588 Amerigi,
2679 3519 2771 3587 qui
2799 3519 2966 3573 etiam
2985 3529 3163 3573 astute
3191 3518 3461 3587 impediit,

1889 3612 2188 3680 quominus
2240 3611 2514 3665 Tamiathi
2553 3609 2653 3682 [ιιι.
2691 3608 2996 3682 flaminum]
3025 3610 3091 3664 ad
3151 3623 3461 3664 extremum

1891 3705 2095 3758 redacti
2118 3703 2323 3758 deditio
2377 3702 2553 3757 fieret.
2605 3702 2978 3757 Consimiliter
3025 3701 3227 3756 infelici
3265 3701 3454 3755 consi-

1891 3798 1964 3852 lio
2000 3797 2216 3851 Manucl
2272 3796 2387 3864 ipse
2415 3795 2634 3850 sultauo
2659 3794 2830 3847 lconii
2871 3793 3074 3848 bellum
3111 3793 3265 3854 fecit,
3291 3809 3464 3860 quau-

1893 3905 2056 3960 quaut
2091 3891 2138 3943 is
2167 3888 2470 3942 exstitisset
2503 3888 2557 3939 in
2611 3886 3006 3954 imperatorem
3060 3884 3222 3954 longe
3282 3884 3463 3951 ingra-

1896 3982 2163 4044 tissimus,
2189 3996 2218 4034 a
2241 3996 2350 4050 quo
2376 3996 2472 4048 per
2504 3993 2634 4032 suos
2657 3977 2864 4032 dilione
2886 3977 3174 4046 spoliatus,
3210 3977 3431 4030 humani
3448 4003 3465 4012 -

1896 4085 1979 4130 ter
2011 4082 2298 4141 exceptus,
2332 4081 2388 4125 et
2435 4069 2792 4139 amplissimis
2858 4068 3180 4122 muneribus
3231 4069 3466 4120 donatus

1895 4167 2096 4232 fuerat,
2127 4165 2292 4234 inque
2328 4163 2622 4234 pristinum
2654 4161 2944 4232 imperium
2977 4159 3467 4215 restitutus.C-.us:t:

1897 4266 2026 4312 sunt
2102 4256 2348 4324 insignes
2405 4255 2510 4309 hoc
2567 4253 2714 4307 bello
2772 4254 3149 4307 Romanorum
3194 4268 3223 4305 a
3271 4252 3468 4306 Turcis

1895 4347 2091 4419 copim,
2128 4345 2458 4417 quibusdam
2511 4345 2566 4399 in
2601 4344 2859 4398 faucibus
2916 4358 3040 4413 qua:
3085 4342 3302 4398 Clisura
3363 4343 3466 4413 Zy-

1830 4436 1869 4490 D
1897 4441 2060 4496 brizm
2137 4450 2524 4508 nuncupantur
2555 4455 2568 4492 :
2605 4437 2910 4507 imperator
2968 4436 3086 4506 ipse
3161 4436 3466 4490 fortissime

1898 4532 2187 4596 dimicans,
2228 4540 2341 4585 toto
2368 4544 2601 4598 corpore
2640 4526 2967 4582 vulneribus
2996 4526 3211 4588 affecto,
3262 4526 3351 4580 vix
3380 4527 3465 4579 in-

1898 4623 2132 4678 columis
2170 4623 2361 4678 evasit.
2394 4621 2500 4677 Sed
2553 4630 2733 4676 tamen
2769 4622 2986 4691 egregia
3029 4620 3208 4674 virtus
3238 4619 3469 4674 Joannis

1899 4715 2136 4768 Batatzae
2167 4730 2279 4768 non
2335 4715 2510 4781 multo
2539 4723 2664 4784 post
2715 4713 2976 4768 damnum
3026 4713 3129 4767 hoc
3183 4713 3471 4781 insigniter

1899 4804 2201 4859 resarclvit.
2242 4804 2378 4859 Cum
2408 4805 2556 4859 enim
2597 4805 2861 4872 Atapatus
2887 4802 3090 4860 sultaui
3135 4803 3292 4872 jussu
3343 4817 3468 4854 cum

1900 4899 2128 4954 delectis
2169 4898 2476 4952 Turcorum
2567 4897 2758 4967 viginti
2811 4897 3076 4957 millibus.
3131 4895 3468 4964 ctamplius,

1901 4993 1954 5046 in
1987 4992 2122 5046 fines
2163 4992 2438 5045 Romanos
2461 4989 2530 5043 ad
2559 4989 2739 5060 ipsum
2782 5003 2958 5058 usque
2991 5003 3142 5041 mare
3189 4997 3472 5054 grassatus

1902 5084 2215 5136 immaniter
2245 5081 2458 5144 fuisset,
2484 5082 2708 5150 jamque
2751 5080 3086 5134 Maeandrum
3136 5080 3360 5133 fluvium
3396 5081 3476 5131 in-

1904 5171 2053 5229 finita
2084 5173 2322 5229 onustus
2365 5172 2547 5242 praeda
2576 5173 2827 5243 trajicere
2854 5183 3149 5226 conaretur
3181 5188 3194 5224 :
3230 5172 3475 5227 Batatzcs

1901 5264 2093 5320 divisis
2116 5264 2313 5330 copiis,
2339 5278 2403 5316 ac
2437 5263 2635 5333 partim
2681 5264 2733 5316 in
2790 5262 3009 5316 insidiis
3059 5261 3288 5325 abditis,
3353 5278 3476 5330 par-

1904 5359 1998 5412 tim
2036 5357 2088 5410 in
2136 5356 2460 5410 ulteriorem
2503 5355 2680 5408 amnis
2712 5355 2888 5422 ripam
2925 5353 3373 5423 evaderejussis,
3407 5371 3473 5406 eo

1904 5450 2008 5504 loci
2042 5447 2252 5518 redegit
2281 5448 2489 5510 hostes,
2540 5456 2600 5500 ut
2629 5448 2862 5515 Alapato
2923 5445 3234 5509 interfecto,
3298 5460 3361 5498 ex
3399 5454 3477 5497 tut

1903 5541 2150 5595 millibus
2179 5539 2403 5592 omnino
2441 5537 2599 5607 pauci
2631 5537 2695 5590 ad
2722 5552 2850 5591 suos
2885 5535 3017 5590 salvi
3045 5545 3472 5589 reverterentur.

1904 5627 2015 5682 Hoc
2050 5628 2191 5682 facto
2213 5629 2586 5681 Romanorum
2625 5626 2794 5681 erecti
2831 5634 2960 5681 sunt
2986 5626 3178 5691 animi,
3225 5641 3285 5680 ac
3318 5627 3474 5681 vittis-

1905 5722 2006 5776 sim
2035 5721 2395 5778 Barbarorum
2429 5720 2720 5777 insolentia
2762 5735 3030 5777 repressa.
