4198 6444
218 337 317 400 629

1549 332 2068 398 CON'i'lNUATIO

3337 326 3440 390 630

218 464 344 517 ceps
380 457 532 519 pater
582 450 794 518 imperii
850 457 1157 505 consortem
1206 447 1353 502 fet-it.
1387 448 1625 501 Tandem
1673 450 1783 499 eta-
1815 455 1853 508 Α
1887 448 2043 516 cujus
2075 461 2319 501 sororem
2359 447 2569 500 Manucl
2620 446 2921 514 imperator
2973 454 3079 494 non
3114 440 3185 493 ita
3228 440 3439 505 pridem

218 536 380 597 bitur.
411 538 727 592 custodibus
780 550 1001 608 propter
1057 537 1340 590 mulierem
1396 534 1552 588 factis
1611 534 1780 600 negli-

217 629 574 697 gentioribus.
600 629 705 684 Sed
756 644 950 684 rursus
995 645 1025 683 a
1077 628 1248 681 milite
1292 626 1526 696 quodam
1587 624 1777 677 Nicone

217 730 428 785 captus.
458 721 513 775 in
538 721 845 776 cus:odiam
877 722 1062 789 priore
1111 718 1473 776 acerbiorem,
1541 715 1776 784 duplici-

222 817 316 866 bus
352 814 544 866 ium-is
575 814 937 882 compedibus
955 823 1240 874 oneratus,
1277 810 1591 879 conjicitur.

287 903 325 954 ξ’
350 922 397 955 »ιε
436 906 598 957 etiam
639 918 861 958 carcere
901 912 1079 958 semet
1114 903 1363 973 eripuit,
1399 911 1454 955 et
1492 902 1732 955 Galizam
1757 937 1773 963 ,

218 1010 335 1059 quam
397 995 679 1061 tuparcliia
733 995 1031 1046 Rossortun
1087 1002 1206 1055 est,
1264 993 1477 1045 ratione
1534 990 1773 1058 quadam

216 1083 526 1143 huiusmodi
567 1086 837 1152 pervenit.
882 1084 1130 1138 Morbum
1166 1083 1348 1152 ﬁngit,
1387 1096 1451 1136 ac
1480 1090 1651 1148 puero
1684 1097 1775 1148 pc-

215 1176 461 1239 regriuo,
502 1175 660 1243 cujus
693 1191 859 1245 opera
903 1178 957 1229 in
997 1176 1244 1244 corporis
1292 1174 1620 1228 ministeriis
1655 1182 1777 1225 utc-

220 1268 403 1324 batur.
449 1267 695 1329 mandat,
738 1276 799 1318 ιιι
839 1267 1025 1320 claves
1065 1265 1234 1319 turris
1273 1265 1413 1318 clam
1452 1273 1770 1333 surreptas.

213 1357 484 1410 militibus
516 1357 587 1409 ob
620 1357 908 1425 largiorem
938 1366 1122 1424 potum
1155 1356 1577 1409 meridiantibus
1603 1395 1617 1417 ,
1648 1371 1773 1409 cera

212 1447 502 1514 exprimat.
538 1446 754 1499 Illarum
787 1445 1020 1499 elavium
1054 1445 1366 1513 exemplum
1401 1445 1631 1497 Manucli
1666 1445 1774 1498 Att-

217 1535 429 1589 dronici
476 1536 584 1589 filio
618 1536 877 1597 traditur,
915 1545 973 1588 ut
1002 1537 1409 1604 quamprimum
1442 1536 1576 1589 talus
1608 1536 1775 1589 fabri-

139 1619 142 1622 ’
216 1636 505 1693 carentur,
543 1636 599 1681 et
635 1628 690 1681 in
724 1627 1049 1696 amphoras,
1085 1628 1289 1697 quibus
1320 1638 1483 1697 potus
1514 1628 1579 1682 ad
1614 1644 1777 1698 prau-

215 1719 373 1772 dium
408 1718 667 1779 ferretur,
696 1719 875 1773 lineos
906 1720 1088 1783 funes,
1121 1719 1350 1789 glomos,
1386 1729 1443 1774 et
1474 1721 1559 1774 ﬁla
1589 1722 1774 1775 tenuia

212 1810 538 1877 conjiceret.
579 1808 657 1862 Ita
694 1809 928 1863 claustra
970 1817 1136 1861 noctu
1184 1811 1532 1878 aperiuntur,
1568 1820 1626 1863 ct
1659 1811 1770 1863 An-
1801 1802 1847 1861 B

212 1900 473 1954 dronicus
496 1914 746 1967 egressus
769 1900 823 1953 in
852 1898 1023 1954 denso
1071 1907 1125 1953 et
1152 1901 1260 1953 alto
1286 1901 1469 1968 palatii
1506 1902 1772 1969 gramine,

211 2007 326 2060 quo
360 1990 514 2045 adire
554 2006 721 2046 nemo
765 1990 1016 2052 solebat,
1054 1989 1120 2044 ad
1165 1993 1381 2045 tertium
1419 2007 1591 2061 usque
1630 1991 1775 2045 dietn

215 2084 263 2133 εἰ.
291 2084 511 2136 lin-wit.
547 2084 676 2137 huc
712 2084 938 2137 iunibus
969 2098 1069 2151 per
1097 2082 1298 2137 mmnia
1332 2097 1390 2137 se
1426 2082 1685 2143 demittit,
1721 2090 1778 2136 et

213 2176 270 2225 in
308 2175 610 2227 tun'if‘lllaln
646 2174 891 2244 eonjicit.
921 2173 1311 2243 Deprcltensus
1350 2187 1380 2225 a
1412 2173 1777 2243 speculatori-

217 2268 323 2319 bus
347 2306 360 2322 .
395 2266 581 2319 famuli
619 2280 912 2332 personam
949 2265 1209 2330 simulat,
1241 2280 1309 2319 ex
1336 2264 1617 2320 diuturnis
1656 2266 1777 2318 vin—

211 2360 356 2413 culis
385 2359 553 2427 elapsi
579 2375 592 2411 :
621 2358 688 2414 de
718 2357 987 2412 industria
1022 2358 1253 2411 barbare
1283 2357 1528 2426 loquitur
1553 2375 1565 2410 :
1590 2357 1777 2413 Graeca

212 2451 390 2504 multa
425 2464 483 2503 se
518 2464 628 2503 non
661 2450 877 2517 assequi
918 2447 1093 2517 ﬁngit.
1133 2448 1437 2501 Intervenit
1463 2458 1519 2503 et
1544 2447 1780 2518 Chryso-

213 2542 382 2610 polus
421 2551 585 2594 nauta
616 2539 839 2608 quidam
878 2555 945 2595 ex
987 2542 1328 2609 composito,
1371 2540 1619 2609 datisque
1662 2555 1778 2593 tnu-

211 2633 445 2685 ncribus
476 2634 733 2701 impetrat
768 2650 798 2687 a
832 2632 1273 2701 speculatoribus
1294 2673 1308 2695 ,
1340 2642 1399 2686 ut
1427 2631 1780 2685 Andronicus

211 2733 474 2792 tanquam
507 2737 699 2778 servus
730 2722 994 2793 fugitivus
1028 2723 1132 2779 sibi
1167 2722 1512 2778 redderetur.
1545 2724 1621 2776 lla
1652 2737 1779 2775 suas

209 2816 368 2868 aedes
416 2815 729 2884 ingressus,
777 2814 1143 2885 compedibus
1192 2815 1428 2877 solutis,
1472 2829 1617 2884 equo
1648 2829 1780 2867 con-

209 2919 448 2968 scenso,
484 2905 814 2959 Anchialum
850 2916 996 2960 recta
1029 2906 1226 2974 pergit.
1275 2905 1394 2972 Quo
1436 2920 1561 2960 cum
1603 2906 1781 2959 venis-

144 2999 151 3004 ’
210 3006 343 3057 set,
404 3011 434 3049 a
467 2994 680 3065 Pupace
728 2996 983 3050 familiari
1026 2996 1227 3051 viatico
1272 3004 1495 3065 sumpto
1563 2996 1773 3065 vimque

210 3089 456 3142 ducibus
475 3126 490 3151 ,
518 3088 756 3142 Galizam
787 3088 1181 3158 proﬁciscitur.

286 3179 407 3233 1am
440 3189 591 3233 metu
616 3195 674 3234 se
710 3179 1001 3234 liberatum
1040 3188 1274 3248 putans,
1306 3195 1335 3234 a
1369 3178 1591 3235 Vlacbis
1625 3178 1698 3250 [Ιι.
1723 3194 1772 3233 e.

212 3267 527 3338 Valacbis]
560 3269 652 3338 qui
692 3269 876 3339 fugam
908 3270 1026 3340 ejus
1057 3286 1125 3325 ex
1180 3269 1322 3324 fama
1377 3279 1776 3340 cognoverant,

216 3372 418 3431 captus
444 3362 511 3416 ad
546 3363 931 3431 imperatorem
961 3363 1267 3419 reducitur.
1299 3364 1498 3419 Verum
1527 3364 1614 3419 hic
1642 3380 1781 3433 quo-

211 3470 326 3523 que
358 3455 624 3508 industria
651 3455 912 3523 singulari
953 3470 1149 3510 rursus
1197 3455 1455 3511 elabitur.
1510 3456 1778 3511 Simulato

205 3549 363 3600 enim
394 3546 600 3601 ventris
629 3546 916 3617 pr:~fluvio,
944 3547 1262 3617 frequenter
1285 3563 1355 3603 ex
1378 3562 1520 3617 equo
1552 3549 1783 3604 descen-

208 3638 304 3690 dit
326 3676 340 3699 ,
373 3646 428 3691 et
455 3637 563 3691 alvi
590 3637 889 3708 purgandae
917 3653 1082 3693 causa
1110 3640 1336 3694 secedit.
1371 3638 1487 3695 Hoc
1517 3640 1647 3693 dum
1682 3656 1781 3694 no-

207 3739 314 3783 ctu
349 3728 698 3798 iutcrdiuque
731 3729 930 3798 strpius
956 3729 1118 3793 facit,
1153 3730 1408 3786 custodes
1436 3730 1538 3786 hac
1570 3732 1782 3787 ratione

208 3820 429 3888 decipit
455 3838 467 3874 :
499 3818 800 3889 scipionem
825 3860 839 3883 ,
875 3820 963 3874 cui
989 3821 1139 3875 velut
1170 3836 1313 3890 aeger
1341 3822 1696 3886 innitebatur,
1726 3823 1780 3877 in

204 3909 470 3965 tenebris
522 3910 675 3964 humi
725 3910 954 3982 deﬁgit,
1003 3912 1289 3983 chlamyde
1332 3914 1532 3976 vestit,
1576 3914 1780 3983 pileum

204 4003 491 4072 imponit,
536 4012 595 4058 ut
640 4004 920 4058 hominem
966 4004 1182 4059 inﬂexis
1225 4006 1460 4075 genibus
1496 4016 1779 4060 cacantcm

194 4101 660 4163 repraesentaret.
704 4095 762 4148 Id
794 4096 1154 4151 simulacrum
1200 4096 1548 4170 intuentibus
1588 4107 1781 4151 custo-

192 4186 413 4248 dibus,
460 4186 579 4254 ipse
627 4185 859 4241 densum
906 4187 1202 4257 quemdam
1253 4174 1784 4258 saltum'ingrcssus

197 4278 456 4347 aufugit.
488 4277 586 4330 Vix
618 4277 836 4332 tandem
871 4277 951 4332 illi
981 4279 1110 4332 dolo
1141 4279 1442 4345 intellecto,
1473 4279 1780 4334 confectam

194 4367 364 4421 viain
400 4375 690 4434 repetunt.
722 4367 913 4422 eadem
948 4378 1003 4423 et
1044 4370 1223 4439 ipsum
1262 4370 1451 4440 fugere
1494 4372 1777 4427 arbitrati.

1886 531 2140 592 duxerat.
2186 538 2297 591 liae
2326 538 2464 590 fama
2500 537 2801 604 imperator
2827 530 3091 584 attonitus
3116 569 3130 589 ,
3170 528 3441 582 Androni~

1878 645 2001 684 cum
2045 629 2116 681 ob
2161 629 2402 682 incestos
2447 642 2661 679 amores
2704 624 3002 693 puniturus
3046 627 3183 673 erat.
3231 619 3279 670 ls
3310 631 3437 670 vere

1878 722 2148 776 Manuclis
2190 722 2368 774 minas
2400 719 2608 772 veritus
2629 758 2642 778 ,
2681 712 3056 781 Hierosolyma
3098 724 3155 763 se
3186 706 3391 761 confert
3423 722 3438 765 ς

1876 823 1931 867 ct
1977 823 2035 868 ut
2078 813 2241 866 homo
2286 808 2797 868 luxuriosissimus,
2852 801 3197 858 Theodoram
3246 798 3438 852 lsaacii

1874 905 2328 962 sebastocratoris
2380 905 2539 956 ﬁliam
2588 902 2854 960 incestat,
2910 895 3157 950 Balduini
3217 894 3429 947 Franci.

1876 997 1971 1066 qui
2006 997 2307 1051 Palaestinae
2339 1010 2515 1061 nuper
2550 993 2875 1060 imperarat,
2911 988 3153 1042 viduam.

1947 1090 2131 1143 Altera
2162 1088 2267 1142 hac
2300 1088 2455 1156 plaga
2481 1084 2695 1138 Mannel
2733 1088 2954 1149 accepta
2980 1120 2993 1142 ,
3023 1078 3185 1128 missa
3219 1074 3282 1127 ad
3315 1074 3426 1123 (ἷξε-

1874 1179 2089 1248 lesyrim
2124 1178 2412 1247 toparcbas
2447 1189 2609 1228 aurea
2644 1173 2791 1226 bulla
2816 1213 2829 1235 ,
2871 1168 3091 1222 mandat
3128 1174 3189 1218 ut
3221 1166 3416 1216 Andr"-

1874 1270 2055 1324 nicum
2079 1310 2093 1332 ,
2124 1268 2399 1322 hominem
2429 1268 2696 1320 incestum
2724 1273 2778 1317 et
2807 1262 3154 1318 seditiosum,
3192 1258 3364 1323 capiat
3395 1268 3430 1309 ν.

1874 1361 2103 1429 visuque
2136 1360 2374 1428 privent.
2403 1359 2493 1411 Eae
2527 1358 2721 1410 littcrrc
2758 1351 3056 1406 Tltcodorm
3099 1347 3429 1401 redduntur.

1874 1452 2074 1521 quibus
2112 1452 2200 1504 illa
2242 1450 2436 1512 lectis,
2477 1448 2722 1502 chartam
2765 1444 3081 1498 Andronico
3138 1441 3323 1492 tradit.
3385 1437 3431 1487 ετ

1875 1543 2107 1612 cognitis
2138 1540 2356 1595 insidiis
2390 1538 2735 1592 Theodoram
2777 1535 2970 1590 fraude
3012 1533 3300 1602 pellectam
3326 1571 3338 1593 ,
3375 1538 3432 1578 ut.

1876 1650 1934 1688 sc
1996 1650 2100 1687 non
2154 1630 2756 1702 longe‘comitaretnr,
2820 1643 2916 1683 seu
2967 1626 3278 1683 volentem,
3338 1636 3431 1673 seu

1877 1723 2101 1777 invitam
2159 1737 2345 1776 secum
2386 1720 2627 1775 abducit.
2669 1720 2805 1772 Cum
2861 1717 3041 1771 varias
3086 1714 3337 1783 regiones
3380 1721 3437 1761 et

1876 1816 2091 1884 regulos
2128 1815 2365 1877 adisset,
2410 1813 2627 1867 tandem
2667 1811 2732 1866 ad
2776 1810 3052 1865 sultanunt
3080 1845 3095 1868 ,
3134 1806 3227 1875 qui
3277 1804 3439 1858 Colo-

1878 1906 2059 1970 niam,
2098 1904 2355 1959 Cbaldam
2397 1892 2453 1957 et
2489 1903 2718 1957 finitima
2755 1903 2874 1956 loca
2914 1899 3172 1959 tenebat,
3207 1898 3437 1951 diverti-

1878 2007 2006 2052 tur:
2045 1996 2231 2067 ibique
2264 2011 2389 2051 cum
2423 1995 2736 2059 Theodoro,
2770 2002 2826 2048 et
2859 1992 3076 2047 duobus
3112 2006 3177 2045 ex
3219 2005 3283 2044 ea
3312 2004 3438 2043 sus.-

1876 2088 2051 2158 ceptis
2101 2087 2329 2151 liberis,
2392 2085 2583 2141 Alexio
2619 2094 2674 2140 ct
2714 2085 2905 2146 lrcnc,
2942 2098 3004 2137 ac
3041 2083 3254 2138 Joanne
3302 2096 3434 2148 pro-

1876 2188 2062 2236 creato
2087 2195 2154 2233 ex
2182 2179 2411 2249 conjuge
2445 2177 2683 2246 legitima
2704 2216 2719 2239 ,
2747 2183 3138 2231 commoratur.
3168 2173 3343 2226 donec
3369 2171 3435 2224 ad

1876 2271 2178 2326 Manuclem
2208 2271 2593 2340 imperatorem
2624 2266 2807 2320 rediit.
2841 2265 2892 2318 Is
2919 2264 3066 2317 enim
3094 2261 3438 2316 Theodoram

1878 2376 2071 2431 capere
2096 2359 2324 2423 studuit,
2354 2359 2608 2427 illiusque
2636 2356 2745 2409 voti
2776 2370 2874 2425 per
2905 2351 3265 2422 Trapezuntis
3288 2351 3437 2419 prin-

1878 2454 2058 2522 cipcm
2107 2452 2480 2521 Nicephorum
2536 2448 2894 2513 Pala-nhgum
2948 2460 3171 2512 compos
3226 2445 3437 2505 factus,

1877 2546 2040 2616 paulo
2099 2555 2225 2614 post
2284 2544 2460 2613 ipsum
2508 2543 2670 2596 etiam
2724 2539 3095 2593 Andronicum
3136 2536 3357 2589 The-£2:
3413 2558 3433 2576 .t

1881 2653 2069 2692 amore
2124 2648 2380 2705 tanquam
2423 2650 2547 2688 esca
2596 2635 2875 2693 ilicetum,
2921 2640 2977 2685 et
3020 2644 3124 2684 non
3177 2627 3439 2682 inetiam-ri

1877 2730 2197 2794 liberorum,
2220 2744 2358 2799 quos
2383 2730 2471 2783 illa
2494 2728 2543 2781 ei
2570 2733 2876 2795 pepererat,
2898 2721 3174 2776 desiderio
3205 2722 3437 2785 [ingrati--

1881 2831 1988 2876 tem
2024 2822 2269 2875 attraxit.
2312 2821 2492 2874 Missis
2520 2816 2666 2872 enim
2703 2816 2769 2869 ad
2805 2816 3191 2882 imperatorem
3225 2810 3440 2878 legatis,

1879 2911 2205 2965 delictorum
2242 2910 2460 2965 veniam
2500 2918 2555 2963 ct
2594 2906 2754 2960 fidem
2794 2904 3066 2989 publicium
3101 2900 3394 2970 postulavit
3424 2918 3438 2960 ;

1878 3011 1929 3056 et
1958 3010 2189 3070 utraque
2215 3015 2275 3055 re
2306 3001 2613 3069 impetrata,
2657 3013 2765 3050 non
2802 2995 2972 3049 multo
3003 3001 3125 3063 post
3159 2992 3213 3045 in
3248 2990 3441 3044 urbem

1881 3108 2141 3149 reversus
2158 3102 2262 3148 est.
2291 3092 2423 3147 lude
2456 3075 2714 3145 (Enmum
2748 3088 3051 3156 ablegatur,
3086 3094 3148 3138 ut
3182 3083 3307 3137 istic
3341 3084 3436 3135 ba—

1881 3186 2119 3246 bitaret,
2163 3193 2221 3239 et
2265 3198 2330 3237 ex
2374 3182 2690 3252 longinquis
2732 3179 3015 3234 erroribus
3046 3192 3104 3231 se
3137 3185 3436 3229 recrearet.

1881 3274 1958 3330 Eo
1987 3277 2107 3329 loco
2137 3274 2372 3344 degens,
2412 3287 2534 3327 cum
2586 3268 2850 3325 Manuelis
2886 3279 3155 3330 mortem,
3204 3264 3443 3333 palatina

1880 3368 2139 3433 dissidia,
2178 3368 2330 3421 lusus
2361 3373 2418 3420 et
2451 3363 2821 3433 equitationes
2853 3358 3061 3420 Alexii,
3098 3355 3400 3411 audivisset
3427 3396 3441 3416 ,

1881 3460 1950 3513 ad
1992 3457 2186 3512 urbem
2234 3470 2490 3510 reversus
2535 3469 2599 3508 ea
2645 3451 2953 3521 designavit
2996 3449 3276 3510 facinora,
3315 3462 3439 3514 qua:

1880 3564 2044 3619 supra
2076 3553 2506 3603 commemorata
2540 3554 2713 3607 srmt,
2740 3542 3071 3610 tandemque
3109 3539 3270 3594 malis
3303 3540 3445 3591 arti-

1882 3639 1987 3695 bus
2024 3638 2313 3708 imperium
2349 3637 2403 3690 in
2438 3650 2497 3692 se
2533 3634 2843 3697 transtulit,
2870 3634 3074 3688 A‘lemo
3115 3642 3403 3701 perempto
3426 3672 3440 3690 ,

1882 3731 1977 3801 qui
2008 3744 2210 3784 annum
2241 3727 2418 3783 anatis
2446 3726 2719 3781 decimum
2751 3726 3006 3795 quintum
3038 3724 3283 3778 nondum
3315 3739 3448 3778 exc—

1881 3829 2060 3893 gerat,
2097 3820 2506 3887 trienniumque
2541 3824 2890 3888 regnaverat.

1955 3915 2058 3968 lsta
2086 3927 2219 3967 vero
2246 3911 2393 3967 etedc
2425 3920 2769 3981 perpetrata,
2797 3923 3052 3979 sponsam
3085 3906 3441 3978 imperatoris

1882 4006 2053 4063 Alexii
2090 4008 2331 4068 Annam,
2366 4004 2704 4058 Francorum
2746 4002 2892 4071 regis
2929 4000 3130 4064 ﬁliam,
3161 4000 3445 4053 matrimo-

1885 4099 1976 4153 nio
2011 4097 2114 4152 sibi
2153 4096 2363 4167 jungit,
2411 4094 2551 4148 nihil
2604 4094 2878 4148 reveritus
2909 4107 3076 4146 senex
3110 4091 3333 4146 effictus
3372 4107 3437 4143 ac

1882 4192 2094 4255 vietus,
2137 4203 2362 4243 uxorem
2394 4186 2602 4242 sobrini
2635 4184 3141 4249 adolescentulam,
3191 4184 3436 4236 nondum

1885 4297 2058 4337 annos
2087 4297 2139 4335 χι
2184 4291 2367 4334 natam
2418 4294 2515 4349 per
2565 4277 2717 4332 nefas
2766 4277 3047 4344 amplecti.
3089 4274 3295 4328 Deinde
3352 4275 3448 4327 Ni-

1885 4387 2216 4442 eteam,quaz
2243 4369 2793 4438 mortuoimperatori
2830 4368 2990 4422 ﬁdem
3026 4376 3293 4428 servarat,
3321 4369 3449 4419 tntis

191 4461 421 4515 Verum
468 4458 514 4512 is
554 4458 664 4513 alio
696 4474 921 4527 prorsus
969 4459 1172 4515 itinere
1212 4460 1455 4516 Galizam
1500 4465 1770 4532 pervenit.
1802 4469 1855 4528 D
1881 4464 2091 4518 viribus
2121 4469 2420 4531 oppugnat.
2452 4460 2622 4515 Erant
2656 4459 2711 4514 in
2740 4474 2804 4514 ea
2834 4458 2937 4512 viri
2970 4457 3271 4527 principes,
3301 4456 3443 4509 isna-

191 4551 294 4605 lbi
341 4548 759 4618 perhumaniter
808 4562 839 4602 a
882 4548 1136 4618 praefecto
1180 4551 1479 4620 excipitur,
1509 4566 1670 4621 quem
1706 4552 1781 4605 ita

187 4640 322 4695 sibi
351 4640 624 4704 devincit,
652 4648 715 4695 ut
742 4648 799 4695 et
830 4641 888 4694 in
919 4650 1117 4695 venatu
1147 4640 1198 4695 ci
1229 4642 1485 4713 adesset,
1516 4652 1572 4698 ct
1606 4645 1659 4698 in
1695 4660 1782 4699 se—

188 4740 353 4789 natu
391 4730 700 4796 assideret,
735 4728 1044 4802 eodemque
1078 4741 1226 4788 tecto
1254 4744 1310 4789 et
1337 4734 1463 4789 cibo
1507 4745 1780 4792 uteretur.

288 4822 443 4878 Hanc
471 4824 735 4893 patruelis
762 4823 945 4895 fugam
972 4833 1029 4880 et
1053 4826 1308 4881 exsilium
1339 4826 1650 4896 ignominia:
1677 4829 1781 4883 sibi

177 4932 337 4974 csse
368 4917 868 4986 ratusimperator,
893 4932 957 4972 ac
991 4918 1292 4988 longiorem
1320 4918 1443 4988 ejus
1470 4920 1781 4976 absentiam

180 5017 526 5076 suspectam
555 5007 775 5063 habens
807 5011 967 5077 (nam
992 5010 1267 5080 ingentem
1301 5012 1610 5079 equitatum
1645 5014 1779 5082 Scy-

183 5100 431 5155 thicum
458 5103 655 5168 Cogere
690 5100 992 5164 ferebatur,
1026 5113 1085 5156 ut
1116 5103 1491 5158 Romanorum
1527 5104 1661 5161 ﬁnes
1697 5107 1780 5160 itt-

177 5190 535 5260 cursarut),
597 5192 965 5247 revocandum
1006 5192 1380 5249 Andronicum
1412 5199 1647 5252 censuit.
1679 5198 1780 5251 fta-

174 5297 326 5355 quc
375 5280 482 5335 ﬁde
529 5280 654 5335 data
695 5290 752 5335 ct
792 5292 1050 5351 accepta,
1098 5282 1380 5337 hominem
1424 5286 1682 5342 arcessit.
1729 5294 1783 5338 ‹τι

166 5374 421 5433 Cilicia:
450 5373 708 5442 praeﬁcit,
739 5374 952 5443 adjecto
979 5373 1141 5445 Cypri
1174 5375 1397 5438 tributo.
1433 5377 1500 5430 ad
1529 5390 1783 5446 sumptus

169 5463 434 5522 facilius
479 5464 822 5520 tolerandos.
864 5466 944 5520 Eo
983 5466 1285 5545 profectus,
1330 5467 1625 5522 infeliciter
1666 5486 1778 5523 rem

166 5566 407 5618 contra
438 5557 705 5613 Toruscm
756 5560 1078 5613 Armenium
1116 5560 1289 5629 gerit,
1323 5561 1524 5630 prmliis
1570 5563 1780 5630 aliquot

165 5653 416 5706 victus.
456 5648 589 5703 inde
619 5650 874 5721 sepositis
908 5650 1120 5705 bellicis
1150 5653 1611 5721 occupationibus
1636 5694 1651 5715 ,
1698 5664 1780 5707 to-

177 5756 301 5801 tus
354 5754 540 5797 amore
587 5740 852 5813 Philippa:
894 5742 1285 5812 inﬂammatur,
1335 5744 1778 5819 PCleilliJiltiCJ

1885 4556 2005 4610 eius
2057 4554 2333 4623 Angelus,
2383 4551 2476 4621 qui
2524 4566 2717 4607 everso
2774 4550 3095 4605 Andronico
3156 4549 3446 4618 imperium

1884 4649 2204 4718 oceUpavit,
2236 4657 2292 4703 et
2319 4646 2643 4701 Theodorus
2673 4645 3126 4705 Cantacuzcnus,
3160 4658 3285 4696 cum
3326 4659 3443 4694 uia-

1884 4759 1987 4813 gna
2018 4757 2177 4795 manu
2213 4741 2449 4795 militum
2480 4737 2799 4812 Andronico
2830 4735 3155 4789 infestorum
3175 4773 3191 4796 ,
3222 4742 3278 4787 et
3305 4732 3448 4785 Tttr-
3532 4759 3541 4765 ~

1884 4846 2072 4885 eorum
2111 4829 2273 4901 340
2305 4844 2522 4899 quoque
2566 4825 2847 4882 nonnullis
2880 4824 3075 4893 copiis.
3100 4822 3237 4878 Cum
3265 4832 3447 4875 autem

1885 4922 2174 4978 interfecto
2217 4923 2626 4985 Cantaeuzeno,
2673 4918 2841 4972 anitni
2893 4917 3240 4972 Nicamorum
3297 4916 3448 4969 fracti

1883 5023 2101 5076 essent,
2132 5022 2358 5067 auctore
2384 5010 2613 5066 Nicolao
2640 5009 2899 5079 pontiﬁce
2928 5022 3028 5076 pax
3062 5006 3207 5060 facta
3239 5015 3323 5059 est
3344 5044 3358 5065 ,
3396 5015 3451 5057 ct

1886 5106 2016 5159 urbs
2046 5104 2249 5159 dedita.
2285 5103 2551 5158 lsaacium
2581 5100 2940 5155 Andronicus
2975 5114 3082 5152 non
3115 5098 3448 5151 incolumem

1885 5199 2047 5253 modo
2085 5198 2355 5263 servavit,
2405 5196 2499 5251 sed
2543 5196 2710 5251 etiam
2757 5194 2941 5249 divina
2972 5191 3209 5262 quadam
3256 5192 3452 5259 ilnpci-

1883 5291 2028 5345 lente
2056 5289 2401 5359 providentia
2431 5287 2798 5349 collaudavit,
2828 5284 2976 5355 quod
3004 5283 3451 5338 maledicentiam

1883 5380 2248 5435 Cantacuzcni
2294 5395 2397 5433 non
2445 5378 2644 5433 fuisset
2678 5378 2947 5431 imitatus.
2990 5374 3219 5429 Prusam
3253 5382 3309 5427 et
3346 5371 3455 5426 Lo-

1887 5472 2108 5541 padium
2139 5471 2205 5524 de
2235 5472 2419 5526 causis
2449 5469 2645 5526 iisdem
2677 5470 2968 5531 obsessas,
3005 5480 3101 5535 per
3132 5464 3243 5517 vim
3272 5465 3451 5532 cepit,

1884 5578 1948 5618 ac
1976 5562 2367 5618 immanissime
2401 5562 2454 5617 in
2482 5575 2701 5621 omnem
2728 5567 2942 5614 aetatem
2969 5570 3271 5626 sexumque
3299 5570 3461 5625 grasv

1885 5666 2039 5711 satus
2071 5662 2179 5709 est.

1955 5747 2088 5803 Post
2116 5745 2264 5815 haec,
2294 5745 2531 5819 Cyprum
2565 5745 2789 5820 quidam
2819 5742 3096 5813 lsaacius,
3132 5740 3324 5799 lsaacii
3354 5755 3449 5797 se-
