4198 6444
724 401 818 461 G31

1767 399 2182 460 BIICiIAELIS
2212 402 2467 462 GLYCE
2511 404 2912 463 .\.\'.\'.\I.IU;\I

3863 399 3982 460 632'

725 508 1118 564 bastocratoris
1141 515 1194 560 et
1221 505 1403 560 fratris
1428 505 1696 560 Mauuclis
1723 510 2074 578 imperatoris
2097 526 2158 563 ex
2188 511 2292 562 filia
2326 521 2366 574 Α
2400 515 2516 566 suis
2546 515 2792 566 Alexium
2823 514 3057 565 Branam
3090 510 3285 563 ducem
3314 510 3556 579 prreficit.
3587 510 3636 563 Is
3670 511 3817 563 bello
3845 511 3974 563 feli-

725 615 930 667 nepos,
965 600 1199 650 avertit:
1236 599 1478 666 itemque
1509 598 1827 652 Comncuus
1865 601 2117 661 Alexius,
2149 603 2291 668 ejus-

725 694 848 743 dem
898 691 1106 743 Manuel
1135 707 1160 744 s
1189 707 1253 742 ex
1290 691 1457 744 fratre
1491 707 1695 760 nepos,
1732 709 1911 759 regem
1943 695 2141 748 Sicilia:
2185 693 2295 748 Gu-

730 784 978 835 lielmum
1032 783 1278 834 incitavit
1303 823 1316 839 .
1366 795 1422 834 ut
1461 783 1819 852 Dyrrachium
1859 795 1909 839 et
1949 786 2296 840 Thessaloni-

733 888 854 924 cam
888 881 1183 938 occuparet
1212 889 1225 923 :
1264 873 1466 940 quibus
1500 889 1632 928 sane
1669 877 1842 943 captis
1866 917 1879 937 ,
1918 877 2110 943 ingens
2142 893 2170 930 a
2207 877 2296 932 Si-

723 966 864 1017 Cttlts
893 976 975 1015 est
1007 965 1246 1015 exercita
1280 965 1598 1017 crudelitas.
1636 964 1775 1018 Ilinc
1818 977 1873 1019 et
1919 966 2291 1034 Epidamnus,

723 1064 780 1106 et
811 1054 1181 1120 Amphipolis,
1215 1063 1268 1106 et
1300 1052 1665 1122 Hosyuopolis
1696 1055 1748 1106 in
1784 1055 2026 1107 hostium
2059 1065 2298 1122 potesta-

726 1152 836 1196 tem
863 1153 1134 1196 venerunt
1163 1161 1176 1195 ε
1212 1143 1526 1196 Andronico
1557 1159 1654 1212 per
1685 1145 1997 1198 vecordiam
2021 1157 2077 1198 et
2109 1147 2296 1198 luxum

727 1235 845 1287 suis
879 1249 985 1286 non
1031 1243 1415 1289 succurrente.
1457 1235 1617 1288 Hisce
1662 1236 1818 1289 malis
1866 1236 1920 1288 in
1966 1237 2088 1290 dies
2133 1251 2296 1305 auge-

727 1326 1008 1378 scentibus
1031 1365 1044 1385 ,
1077 1327 1142 1378 de
1176 1341 1495 1380 successore
1527 1328 1800 1380 sollicitus
1828 1343 1951 1381 esse
1984 1328 2154 1394 cwpit
2189 1329 2300 1381 An-

727 1415 1006 1468 dronicus.
1052 1414 1418 1480 Quamobrem
1452 1417 1672 1484 cognito
1709 1433 1805 1486 per
1839 1427 1986 1470 artes
2024 1417 2300 1485 improbas

728 1505 1112 1560 successurum
1140 1510 1241 1562 sibi
1277 1510 1567 1578 quemdam
1591 1549 1606 1571 ,
1638 1511 1726 1564 cui
1759 1523 1954 1562 nomen
1983 1518 2130 1563 esset
2155 1509 2300 1562 Isaa-

727 1602 815 1653 cio
838 1641 851 1660 ,
885 1601 1108 1669 putabat
1135 1604 1253 1670 ipse
1281 1602 1500 1669 quidem
1526 1603 1679 1654 illum
1707 1601 1972 1654 Isaacium
1997 1601 2248 1654 denotari
2281 1643 2296 1664 ,

727 1694 818 1760 qui
867 1694 1195 1761 (utdictum
1243 1696 1359 1761 est)
1419 1693 1656 1764 Cyprum
1706 1703 2110 1762 occupaverat:
2147 1693 2301 1747 fami-

728 1785 897 1836 liarcs
928 1801 1060 1837 vero
1094 1785 1356 1838 Isaacium
1391 1785 1657 1855 Angelum
1703 1786 2053 1846 metuebant,
2086 1784 2298 1838 Andro-

729 1879 855 1930 nico
889 1893 1112 1944 prorsus
1143 1878 1491 1931 adversante.
1527 1878 1878 1946 Quapmpter
1907 1878 2142 1930 consilio
2171 1891 2298 1945 pro—
2331 1847 2372 1907 Β

729 1971 853 2038 p.-io
886 1969 1200 2039 Stephanus
1243 1969 1916 2039 IIagiochristophorites,
1966 1969 2300 2025 immanissio

731 2080 859 2116 IllllS
905 2061 1206 2116 Andronici
1256 2064 1528 2116 scelerum
1576 2063 1920 2127 administer,
1967 2061 2036 2116 ad
2086 2061 2301 2116 interfl-

729 2155 985 2208 cicndum
1043 2155 1311 2209 Isaacium
1358 2165 1533 2210 semet
1575 2156 1850 2226 accingit:
1896 2155 1987 2224 qui
2036 2163 2298 2224 tanquam

729 2248 781 2302 in
841 2263 898 2302 re
951 2248 1283 2316 desperata,
1347 2247 1689 2317 Stephanum
1750 2255 2145 2308 antevertens,
2200 2259 2303 2299 sua

730 2358 896 2395 manu
948 2343 1189 2396 c0nlicit.
1244 2342 1450 2395 Deinde
1497 2341 1564 2395 ad
1606 2341 1851 2411 Magnam
1899 2340 2192 2394 ecclesiam
2243 2351 2305 2393 se

731 2434 1041 2502 recipiens,
1097 2433 1282 2502 populi
1331 2431 1662 2487 confluentis
1706 2445 1867 2500 opem
1919 2429 2200 2498 implorat.
2254 2428 2306 2483 Is

732 2543 865 2579 vero
897 2527 1068 2595 magis
1099 2541 1164 2580 ac
1196 2526 1368 2587 magis
1397 2535 1573 2580 semet
1600 2539 1854 2585 armans,
1887 2522 2158 2575 lsaacium
2189 2522 2308 2573 An-

733 2620 915 2686 gelum
949 2621 1338 2686 imperatorem
1377 2617 1713 2686 proclamat,
1743 2625 1795 2669 ct
1821 2615 1886 2668 ad
1921 2613 2183 2683 palatium
2213 2611 2306 2665 de-

731 2711 902 2764 ducit.
949 2709 1079 2763 Inde
1123 2709 1272 2761 missi
1320 2708 1622 2769 satellites,
1671 2705 1764 2774 qui
1815 2703 2193 2757 Andronicum
2227 2699 2307 2752 fu-

732 2806 968 2873 gientem
999 2808 1491 2872 persequerentur.
1518 2800 1850 2852 Pervenerat
1880 2796 1968 2850 ille
1995 2810 2120 2848 cum
2150 2796 2304 2847 Anna

731 2899 995 2968 conjuge,
1035 2910 1098 2948 ac
1129 2901 1317 2947 scorto
1349 2891 1586 2959 quodam
1624 2888 1830 2943 Cheleu
1853 2928 1867 2949 ,
1900 2887 1965 2940 ad
2001 2887 2305 2954 Tauroscy-

735 2991 857 3042 Ilius
905 2974 1054 3041 illine.
1087 2986 1442 3055 trajecturus.
1474 2981 1579 3036 Sed
1619 2981 1849 3034 marinis
1884 2977 2309 3046 tempestatibus

735 3081 1064 3151 :nlioqttotics
1093 3079 1146 3131 in
1174 3078 1329 3131 littus
1361 3077 1588 3146 ejectus,
1615 3089 1643 3128 a
1673 3072 2122 3143 persecutoribus
2153 3085 2306 3124 com-

736 3173 1046 3243 prehensus
1075 3179 1181 3222 est.

800 3267 878 3320 Ad
914 3265 1178 3318 Isaacium
1213 3262 1479 3330 perducto
1503 3300 1516 3324 ,
1549 3267 1673 3328 post
1705 3259 1882 3312 varias
1915 3255 2308 3319 contumelias,

730 3360 920 3411 dextra
966 3355 1304 3425 prmciditur.
1350 3355 1479 3408 Post
1520 3354 1728 3420 aliquot
1772 3350 1892 3404 dies
1941 3349 2114 3402 altero
2146 3348 2312 3400 oculo

730 3472 756 3504 (-
768 3451 840 3504 11η)
853 3466 933 3502 eso
965 3491 976 3507 .

733 3543 1002 3610 triumphi
1062 3539 1245 3610 specie
1295 3539 1626 3591 traducitur.
1679 3535 1820 3588 Tum
1870 3550 1998 3588 vero
2050 3533 2304 3586 nonnulli

733 3637 918 3689 clavas
947 3635 1000 3686 iu
1032 3642 1198 3704 caput
1228 3631 1348 3702 ejus
1376 3631 1681 3699 impingere
1707 3645 1720 3691 ;
1749 3627 1839 3680 alii
1869 3636 2116 3680 stercore
2147 3639 2313 3680 nares

733 3731 855 3796 t'jllS
895 3726 1145 3786 ftedare;
1177 3723 1270 3776 alii
1303 3722 1562 3792 spongias
1605 3717 1974 3773 excrementis
2019 3715 2311 3769 hominum

737 3820 1124 3887 pecudumque
1175 3813 1411 3883 repletas
1460 3812 1512 3865 in
1565 3811 1760 3864 faciem
1805 3809 1926 3877 ejus
1956 3808 2313 3877 exprimere;

735 3912 826 3964 τιΙιὶ
859 3909 1042 3962 verbis
1069 3906 1346 3960 ohseosnis
1388 3913 1645 3974 parentes
1672 3899 1844 3965 ipsius
1873 3901 2129 3954 inscctari
2154 3919 2167 3955 :
2197 3899 2319 3969 qui-

736 4004 862 4054 dam
922 3999 1166 4053 verubus
1213 3997 1386 4050 latera
1437 4009 1724 4065 pungere;
1776 4005 2021 4046 scortum
2075 3993 2316 4060 denique

735 4093 1015 4166 quoddam
1067 4091 1360 4160 impudens
1407 4090 1572 4155 ollam
1630 4087 1867 4141 ferventi
1924 4101 2065 4156 aqua
2098 4086 2313 4155 plenam

738 4191 792 4244 in
825 4189 1020 4242 faciem
1050 4187 1168 4254 ejus
1193 4183 1406 4237 effudit.
1443 4181 1555 4235 Iloc
1587 4180 1748 4234 modo
1778 4179 2049 4234 deductus
2083 4181 2137 4233 in
2169 4179 2322 4232 thea-

738 4294 882 4337 trum
904 4323 917 4342 .
957 4280 1192 4350 pedibus
1221 4277 1350 4331 fune
1380 4276 1652 4345 colligatis
1682 4272 2061 4340 s:t5pcnditur.
2093 4272 2318 4324 Interim

740 4379 857 4444 ipse
890 4373 1158 4428 clamabat
1188 4412 1200 4434 ,
1235 4369 1488 4430 Domine,
1521 4367 1821 4428 miserere;
1859 4365 1988 4417 item
2016 4406 2029 4428 ,
2066 4363 2205 4430 Quid
2234 4379 2324 4416 ca-

739 4469 942 4522 lamum
984 4463 1284 4519 contritum
1332 4459 1678 4528 iufringitis?
1725 4459 1836 4513 Nec
1876 4459 2057 4512 adhuc
2093 4465 2324 4511 conten-

1030 3447 1284 3502 scabioso
1335 3445 1548 3499 camelo
1601 3443 1928 3514 impositus,
1986 3457 2082 3509 per
2131 3441 2309 3493 forum
2355 3429 2360 3435 ’

2396 605 2534 656 citer
2569 604 2987 661 administrate.
3026 613 3223 670 prmter
3255 617 3406 669 spem
3453 602 3701 653 onmium
3749 601 3975 654 Siculos

2396 694 2575 754 delet,
2609 697 2878 764 urbesque
2909 703 3096 762 captas
3123 702 3436 761 recuperat.
3481 691 3701 746 Periere
3750 692 3978 745 Siculo-

2397 798 2519 838 rum
2547 785 2599 837 in
2629 784 2785 837 bello
2800 799 2964 847 supra
2992 781 3208 848 10,000.
3239 783 3292 836 in
3317 783 3631 836 carceribus
3658 791 3848 834 autem
3881 781 3978 833 frio

2397 889 2526 942 gore
2557 890 2620 927 ac
2656 875 2799 927 fame
2829 875 2897 927 ad
2931 884 3168 942 quatuor
3197 874 3388 926 millia.
3420 873 3594 926 Duces
3620 875 3791 927 etiam
3823 871 3976 938 capti

2398 973 2556 1028 sunt,
2603 964 2911 1020 Richardus
2959 975 3016 1018 et
3059 965 3398 1025 Balduinus,
3445 980 3550 1016 una
3596 979 3725 1017 cum
3776 961 3976 1015 Alexio

2397 1055 2700 1118 Comneao,
2726 1057 2850 1110 ὒνιιί
2879 1064 3102 1109 auctore
3121 1097 3136 1118 ,
3163 1057 3248 1110 cui
3280 1072 3404 1110 mox
3431 1055 3577 1110 oculi
3604 1065 3734 1109 sunt
3759 1053 3974 1107 effossi.

2399 1149 2714 1205 Secundum
2755 1149 2873 1203 hare
2916 1148 3214 1203 infeliciter
3255 1157 3463 1204 tentata
3505 1149 3720 1220 Cyprus
3745 1189 3760 1212 ,
3795 1157 3854 1201 et
3891 1161 3978 1200 sc-

2401 1243 2512 1295 cuti
2538 1251 2719 1296 motus
2753 1240 3086 1295 Vlachorum
3111 1241 3354 1295 nationis
3384 1257 3400 1293 :
3433 1240 3700 1294 adversus
3723 1254 3869 1308 quos
3899 1237 3981 1291 ni-

2402 1332 2479 1386 hil
2513 1340 2659 1386 recte
2683 1341 2896 1402 gestum
2932 1348 2960 1384 a
2993 1332 3206 1387 Joanne
3231 1342 3433 1400 patruo
3462 1331 3835 1399 imperatoris.
3876 1345 3981 1383 nec

2400 1439 2431 1478 ι
2459 1425 2668 1480 Joanne
2699 1424 3105 1481 Cantacuzeno.
3136 1425 3336 1478 Missus
3368 1433 3550 1476 autem
3589 1424 3654 1474 ad
3689 1421 3982 1475 debellan-

2400 1513 2502 1568 dos
2530 1529 2624 1570 eos
2665 1515 2890 1568 Alexius
2938 1513 3178 1577 Branas,
3225 1515 3459 1582 imperio
3491 1512 3752 1566 affectate
3778 1553 3792 1576 ,
3828 1512 3980 1565 Con-

2401 1606 2814 1675 stantinopolim
2848 1621 3104 1660 reversus
3131 1606 3371 1660 obsedit.
3406 1605 3606 1658 Verum
3645 1619 3757 1656 non
3795 1606 3978 1656 multo

2402 1709 2555 1769 post,
2584 1698 2742 1753 irrito
2771 1707 2970 1752 conatu
2998 1737 3014 1761 ,
3041 1713 3213 1752 cassus
3236 1709 3320 1752 est
3347 1713 3446 1767 per
3484 1697 3800 1751 Conradum
3841 1696 3982 1748 Mar-

2402 1791 2658 1844 chionem
2689 1789 3249 1844 Montisferratensem
3280 1808 3293 1843 :
3327 1790 3416 1843 cui
3441 1787 3675 1843 Caesaris
3705 1787 3981 1840 honorem

2403 1880 2705 1950 imperator
2746 1880 3053 1944 detulerat,
3100 1880 3219 1934 viro
3262 1881 3421 1934 valde
3473 1890 3700 1934 strenuo
3724 1891 3782 1932 et
3813 1879 3983 1940 forti,

2405 1972 2663 2027 maximis
2705 1971 3095 2041 largitionibus
3135 1986 3200 2024 ex
3241 1971 3396 2024 Italia
3437 1969 3983 2038 Constantinopolim

2403 2073 2647 2126 evocato,
2674 2071 2734 2116 ut
2765 2063 3109 2118 Theodoram
3137 2062 3487 2131 imperatoris
3509 2077 3755 2116 sororem
3784 2060 3982 2114 matri-

2404 2155 2591 2211 monio
2624 2157 2730 2210 sibi
2761 2157 3038 2226 jungeret.
3075 2155 3336 2223 Ejusdem
3369 2169 3536 2222 supra
3566 2168 3791 2223 quoque
3825 2152 3982 2205 facta

2405 2259 2489 2304 est
2516 2249 2744 2315 mentio,
2775 2248 2921 2319 quod
2949 2248 3326 2317 Moguntinum
3355 2247 3540 2317 praelio
3568 2247 3774 2300 victum
3810 2258 3989 2312 cepe-

2405 2341 2498 2395 rit.
2531 2341 2761 2396 Mortem
2785 2341 2923 2396 obiit
2952 2342 3326 2403 immaturam,
3359 2355 3456 2407 per
3485 2337 3736 2393 fraudem
3772 2353 3802 2391 a
3832 2336 3990 2391 Cha-

2405 2433 2491 2488 sio
2537 2434 2774 2503 quodam
2821 2433 3040 2488 occisus
3072 2433 3126 2486 in
3158 2431 3444 2486 Palaestina
3465 2472 3480 2496 ,
3527 2430 3620 2484 ubi
3654 2428 3986 2500 praeclarum

2407 2525 2626 2579 virtutis
2652 2533 2709 2579 et
2755 2524 3060 2594 prudentia:
3089 2524 3402 2593 specimen,
3425 2523 3590 2593 Ioppe
3614 2522 3803 2592 (quam
3834 2533 3991 2573 nunc

2407 2617 2669 2671 Acconen
2700 2618 2932 2684 vocant)
2959 2626 3017 2671 et
3051 2617 3175 2670 aliis
3207 2616 3425 2685 Oppidls
3455 2614 3788 2684 expugnatis
3810 2655 3824 2675 ,
3858 2627 3986 2665 ma-

2408 2722 2515 2775 gno
2571 2723 2696 2762 cum
2763 2721 2973 2761 terrore
3007 2707 3400 2761 Saracenorum
3434 2703 3708 2758 ediderat.
3740 2703 3992 2756 Durante

2410 2801 2594 2856 adhuc
2644 2800 2788 2854 bello
2829 2808 3020 2854 contra
3054 2799 3290 2855 Vlaehos
3319 2840 3334 2862 ,
3391 2797 3716 2852 Theodorus
3769 2796 3992 2864 Manga-

2411 2894 2548 2965 pbas
2575 2934 2590 2957 ,
2647 2907 2812 2962 quem
2859 2889 3341 2945 Morotheodorum
3375 2889 3638 2958 deinceps
3669 2897 3946 2942 vocarunt
3975 2925 3994 2947 ,

2411 2992 2677 3053 occupata
2725 2982 2905 3052 patria
2937 2997 3034 3036 sua
3065 2981 3439 3049 Philadelphia
3468 3024 3481 3044 ,
3533 2979 3744 3032 frustra
3807 2979 3990 3047 impco

2412 3076 2556 3130 rium
2611 3073 2908 3139 affectavit,
2960 3073 3014 3127 in
3064 3083 3362 3143 perpetuos
3412 3086 3670 3127 carceres
3721 3070 3992 3140 deinceps

2336 3196 2382 3257 ο
2416 3166 2683 3222 inclusus.

2488 3257 2803 3314 Fridericns
2839 3272 3058 3328 quoque
3107 3272 3201 3312 rex
3245 3257 3636 3311 Alemanorum
3687 3254 3999 3325 expeditio-

2412 3367 2539 3407 nem
2574 3352 2817 3422 suscepit
2843 3390 2856 3412 ,
2903 3352 2969 3405 ad
3021 3349 3364 3420 cripicndam
3393 3349 3692 3404 Saracenis
3723 3348 4004 3419 ngyptiis

2413 3442 2777 3496 Palaestinam.
2824 3439 2935 3496 lloc
2981 3441 3103 3510 ejus
3153 3441 3254 3494 iter
3304 3441 3545 3494 Isaacius
3589 3452 3781 3493 contra
3835 3440 3999 3492 tidem

2415 3536 2598 3591 datam
2638 3534 2906 3603 impedire
2943 3532 3286 3596 conabatur,
3321 3531 3414 3586 scd
3448 3545 3572 3586 cum
3606 3531 3747 3585 nihil
3780 3530 4002 3585 eﬂicere

2415 3645 2473 3686 se
2506 3629 2758 3693 videret,
2815 3627 3034 3682 tandem
3093 3627 3326 3679 liberum
3378 3625 3655 3679 Alcmanis
3704 3625 4001 3678 transitum

2416 3721 2710 3778 concessit.
2736 3719 2947 3773 Enituit
2973 3727 3087 3771 tum
3109 3725 3234 3786 erga
3261 3714 3583 3784 peregrinos
3608 3712 3844 3782 insignis
3870 3712 4006 3766 Lao—

2417 3814 2728 3871 dicensium
2779 3812 3153 3882 hospitalitas.
3224 3811 3574 3878 Quapropter
3634 3809 3702 3861 iis
3752 3806 4006 3860 Alemani

2420 3906 2753 3964 faustissima
2789 3917 3021 3974 qumque
3055 3909 3183 3955 sunt
3214 3915 3243 3968 a
3293 3899 3404 3953 Deo
3446 3897 3678 3968 precati,
3718 3909 3775 3952 et
3813 3896 4004 3951 Fride-

2422 3997 2568 4050 ricus
2597 3993 2714 4062 ipse
2763 3990 3019 4044 manibus
3049 3988 3354 4056 .oculisque
3405 3985 3636 4039 sublatis
3667 3986 3722 4038 in
3760 3985 3964 4039 cauum
3992 4025 4008 4047 ,

2425 4087 2660 4158 genibus
2685 4085 2838 4139 humi
2873 4081 3050 4146 ﬂexis,
3085 4081 3300 4144 oravit,
3334 4087 3395 4133 ut
3425 4077 3688 4147 quidquid
3718 4077 3851 4132 vitae
3884 4092 4008 4146 pro-

2423 4181 2643 4241 desset,
2694 4175 2964 4247 quidquid
3019 4170 3221 4226 animis
3263 4171 3495 4225 salutem
3533 4168 3797 4233 afferret,
3835 4185 3864 4221 a
3904 4167 4010 4219 Deo

2423 4272 2798 4344 gubernatore
2842 4268 3008 4335 hujus
3057 4263 3439 4319 universitatis
3488 4261 3873 4329 impetrarent.
3910 4260 4013 4313 Ad-

2431 4365 2570 4436 jecit
2599 4364 2704 4418 hoc
2726 4375 2971 4432 quoque,
2992 4358 3037 4414 si
3062 4357 3282 4424 reliqum
3305 4352 3604 4425 provinciae
3627 4352 4011 4405 Romanorum

2430 4469 2538 4511 tam
2576 4454 2814 4524 benigne
2847 4449 3052 4506 Christi
3085 4447 3242 4520 351
3282 4445 3487 4500 milites
3524 4443 3905 4511 excepissent,
3958 4458 4015 4497 se

742 4570 974 4620 luserat
1010 4556 1153 4625 vulgi
1192 4554 1367 4617 furor,
1402 4553 1720 4606 Andronico
1754 4565 2048 4620 suSpcuso.
2079 4549 2214 4603 Nam
2245 4549 2322 4602 Ia-
2350 4550 2402 4611 D
2430 4549 2542 4603 Illis
2574 4555 2632 4601 et
2657 4560 2791 4615 opes
2819 4557 3008 4598 secum
3055 4541 3246 4596 allatas
3275 4537 3628 4609 perlubenter
3655 4535 3831 4590 fuisse
3863 4535 4016 4589 datu-

739 4660 925 4706 ccrata
951 4647 1221 4712 tunicula,
1251 4645 1432 4698 virilia
1458 4646 1578 4713 ejus
1605 4653 1798 4697 veXata
1830 4652 1993 4708 sunt;
2021 4651 2077 4697 et
2099 4640 2324 4712 quidam

742 4745 964 4813 longum
1011 4755 1203 4794 ensem
1241 4754 1342 4808 per
1373 4737 1560 4792 fauces
1592 4739 1713 4808 ejus
1747 4736 1813 4790 ad
1854 4737 2118 4791 intestina
2153 4749 2324 4805 usque

743 4837 982 4908 trajecit.
1020 4813 1138 4888 Duo
1165 4844 1385 4904 quoque
1417 4830 1600 4884 Latini
1631 4831 1854 4900 generis
1876 4872 1890 4895 ,
1928 4845 2093 4884 enses
2124 4827 2322 4882 amba-

741 4935 848 5008 b'lS
897 4930 1154 4985 manibus
1197 4928 1251 4982 in
1291 4936 1446 4982 nates
1479 4927 1598 4997 ejus
1633 4925 1941 4996 adn-gerunt
1968 4963 1983 4984 ,
2022 4935 2080 4977 ut
2111 4922 2330 4993 pericu-

657 5010 668 5020 ’
742 5031 856 5083 lum
889 5025 1166 5087 facerent,
1197 5032 1318 5076 uter
1341 5030 1488 5077 esset
1515 5020 1753 5075 acutior.
1782 5019 1913 5074 PoSt
1946 5027 2026 5074 tot
2053 5033 2329 5072 aerumnas

741 5137 886 5192 πετο
912 5121 1079 5173 vitam
1130 5116 1390 5184 abrupit,
1418 5116 1642 5170 dextera
1671 5129 1794 5168 eum
1824 5113 2015 5167 dolore
2047 5112 2113 5165 ad
2147 5126 2208 5166 os
2239 5110 2334 5164 ad-

746 5223 891 5268 mota
923 5231 934 5266 :
970 5220 1028 5266 ut
1061 5209 1218 5264 multi
1252 5217 1550 5278 putarent,
1585 5223 1712 5262 eum
1741 5205 1978 5261 calidum
2011 5221 2074 5259 ex
2107 5221 2169 5260 ea
2202 5219 2331 5257 san-

746 5305 970 5374 guinem
1003 5301 1075 5353 ob
1108 5309 1388 5353 recentem
1433 5299 1646 5366 plagam
1693 5295 1874 5347 adhuc
1917 5292 2332 5354 destillantem,

747 5407 1036 5462 exsugere.
1069 5388 1366 5461 Imperavit
1397 5402 1574 5441 annos
1604 5386 1744 5439 duos
1766 5427 1780 5452 ,
1821 5400 1946 5439 cum
2001 5391 2162 5437 antea
2209 5397 2337 5452 quo-

749 5500 860 5556 quc
907 5497 1089 5537 rerum
1136 5480 1342 5551 potitos
1391 5487 1540 5533 esset
1592 5477 1760 5531 tutius
1805 5475 1936 5528 anui
1969 5474 2184 5544 spatio,
2217 5473 2338 5527 sine

754 5591 1000 5650 purpura
1041 5584 1097 5629 et
1125 5571 1462 5626 diademate.
1498 5569 1625 5624 Post
1655 5569 1774 5639 ejus
1811 5576 2044 5621 mortem
2075 5566 2171 5620 filii
2205 5580 2342 5635 quo-

753 5687 862 5743 q-ie
885 5713 898 5732 ,
933 5669 1174 5722 Joannes
1216 5676 1274 5721 et
1303 5665 1524 5720 Mannel
1551 5704 1563 5725 ,
1601 5662 1787 5716 czccati
1824 5661 2129 5730 perierunt.

834 5767 976 5820 IIinc
1014 5763 1259 5817 Isaacius
1301 5761 1355 5815 in
1404 5757 1781 5830 proﬂigaudos
1809 5755 2024 5810 Siculos
2057 5754 2301 5808 intentus
2326 5795 2339 5816 ,

758 5864 852 5936 qui
877 5863 989 5935 jam
1020 5855 1499 5928 Constantinopoli
1534 5853 1697 5908 etiam
1730 5832 2094 5907 innnincbant
2116 5893 2128 5917 ,
2167 5847 2344 5920 copiis

2427 4657 2540 4705 ros,
2571 4646 2882 4695 commeatu
2921 4642 3108 4706 pacate
3141 4639 3391 4702 accepto,
3441 4638 3496 4684 et
3549 4628 3686 4682 ﬁnes
3738 4628 4018 4682 Romanos

2423 4731 2753 4804 jampridem
2788 4730 2960 4784 fuisse
3000 4725 3354 4787 transituros,
3399 4723 3570 4778 hastis
3603 4721 3812 4775 nullius
3859 4721 4018 4775 Chri-

2428 4825 2591 4881 stiani
2624 4823 2890 4894 sanguine
2925 4818 3335 4875 contaminatis.
3363 4815 3504 4870 Cum
3550 4823 3735 4868 autem
3769 4812 4018 4867 Frideri-

2433 4933 2533 4974 cus
2566 4918 2853 4986 ingressus
2885 4929 3075 4984 agrum
3105 4908 3409 4966 Iconiensis
3438 4905 3660 4967 sultani,
3689 4907 3785 4974 qui
3816 4915 3876 4959 et
3909 4905 4022 4974 ipse

2433 5017 2685 5083 pacatum
2712 5007 2764 5061 ei
2792 5007 3083 5060 transitum
3112 5007 3483 5058 concesserat.
3510 5007 3704 5051 contra
3736 4996 3905 5050 Iidem
3933 4998 4024 5049 da-

2433 5113 2544 5158 tam
2583 5101 2919 5162 violaretur,
2958 5097 3175 5152 duobus
3216 5093 3420 5165 praciiis
3455 5091 3699 5149 Turcos.
3733 5088 3804 5142 ad
3841 5088 4025 5143 Philo-

2436 5195 2659 5252 melinm
2686 5204 2740 5248 et
2767 5191 3170 5260 Cingularium,
3203 5189 3284 5241 sic
3316 5176 3650 5255 prostravit{,
3678 5190 3741 5235 ut
3779 5190 3845 5236 et
3881 5182 4023 5236 cele-

2437 5289 2555 5342 bris
2587 5294 2641 5339 et
2673 5281 3044 5338 formidabilis
3079 5277 3220 5348 apud
3257 5260 3861 5340 orientalesmationes
3899 5288 4028 5326 θην

2439 5380 2595 5435 deret
2627 5396 2640 5431 :
2673 5373 2977 5446 praesertim
3007 5383 3362 5443 posteaquam
3396 5381 3507 5420 non
3555 5366 3720 5433 longo
3758 5363 4026 5433 temporis

2443 5471 2734 5542 interjecto
2785 5468 2964 5536 spatio
3019 5460 3446 5527 «ousimililibus
3502 5456 3728 5511 eosdem
3774 5455 4030 5512 cladibus

2443 5563 2588 5636 apud
2624 5564 2801 5632 ipsum
2850 5558 3098 5614 Iconium
3151 5551 3449 5628 affecisset,
3499 5547 3658 5619 quod‘
3696 5548 3748 5602 ei
3794 5563 3861 5604 se
3908 5562 4026 5602 mox

2445 5656 2678 5713 dedidit.
2727 5652 2874 5710 Urbe
2926 5649 3084 5720 potiti
3139 5644 3407 5706 Alcmani,
3471 5641 3630 5697 tectis
3691 5640 4026 5695 suburbanis

2447 5746 2717 5810 contenti,
2745 5755 2799 5799 et
2827 5751 3137 5799 commeatu
3167 5739 3359 5793 saltem
3400 5733 3608 5797 ablato,
3641 5733 3780 5787 citra
3820 5730 4026 5786 maleﬁ-

2451 5845 2596 5901 cium
2645 5834 3044 5895 diSccsseruut.
3089 5831 3226 5888 IIinc
3275 5829 3342 5887 ab
3391 5827 3674 5884 Armeniis
3723 5825 4022 5883 honorifice
