4198 6444
189 363 288 431 633

1518 371 2056 434 (ῖσἸΝἹῐΝυᾹἸῚΟ.

3325 370 3426 436 634

189 489 487 545 susceptus,
524 478 868 536 Antiochiam
904 480 988 537 ire
1029 481 1082 536 in
1142 483 1324 538 animo
1364 483 1626 548 habebat,
1661 501 1754 537 au-
1785 493 1826 544 Α
1858 499 1964 536 non
1999 486 2260 552 expertis,
2311 494 2366 539 et
2416 485 2752 540 imminentis
2791 487 2987 548 ruinm,
3027 501 3287 556 noxzrque
3327 489 3424 539 lm-

186 579 438 635 gescentc
483 571 659 626 indies
691 573 794 627 viri
838 574 1028 643 gloria,
1066 586 1123 629 et
1169 575 1391 630 nomine
1448 577 1740 638 illustrato,

192 667 302 710 tnm
331 660 402 712 ob
433 662 800 729 prudentiam,
835 673 946 718 tum
982 676 1205 734 propter
1237 667 1500 720 invictum
1531 667 1773 720 exerci»

189 755 321 810 tum,
352 748 424 800 ita
458 759 517 804 ut
544 752 724 806 nullus
756 752 928 807 hostis
960 769 1084 807 eum
1113 769 1180 808 eo
1206 756 1460 823 congredi
1492 755 1744 809 auderet.

187 837 319 889 Cnnt
359 848 539 892 antem
575 841 640 894 ad
672 841 896 896 fluviqu
921 845 1211 912 quemdam
1243 847 1598 913 pervenisset,
1622 861 1749 898 vor-

186 928 383 981 ticibus
419 945 684 1000 aquarum
714 933 1046 989 suffocatur:
1082 936 1166 988 vir
1194 936 1423 990 honesta
1457 945 1513 990 et
1551 950 1748 1005 perpe-

184 1031 276 1075 tua
306 1025 566 1078 memoria
606 1025 803 1095 dignus
827 1065 843 1091 ,
876 1037 934 1081 et
960 1028 1165 1097 judicio
1195 1027 1527 1096 prudentum
1559 1027 1642 1080 vel
1691 1026 1746 1079 in

185 1110 276 1164 tali
305 1114 458 1166 obitu
490 1114 640 1177 felix,
682 1131 791 1168 non
827 1131 896 1170 eo
953 1125 1187 1181 tantum,
1221 1117 1368 1186 quod
1394 1117 1562 1170 nobili
1592 1125 1748 1170 ortus

183 1215 384 1269 genere
408 1243 423 1267 ,
465 1204 673 1258 avitum
725 1205 1018 1275 imperium
1050 1207 1106 1261 in
1140 1208 1338 1262 multas
1366 1216 1555 1278 gentes
1603 1206 1749 1264 obti-

180 1288 325 1354 nuit,
385 1290 481 1344 sed
514 1292 585 1346 ob
617 1293 748 1347 illud
782 1296 987 1364 potius,
1026 1298 1172 1367 quod
1215 1298 1356 1351 ultra
1402 1311 1593 1352 omnes
1627 1312 1747 1351 om-

179 1379 605 1449 nium'gentium
638 1381 1084 1439 Christianarum
1113 1387 1392 1456 principes
1418 1387 1621 1442 Christi
1649 1387 1749 1441 de-

177 1473 382 1526 siderio
405 1473 660 1542 flagrans,
712 1475 915 1544 patria,
960 1476 1174 1532 deliciis
1217 1478 1402 1548 regiis,
1438 1478 1747 1548 tranquilli-

179 1571 312 1627 tate,
351 1562 509 1616 beata
553 1563 698 1618 domi
729 1566 1077 1634 superbaque
1105 1581 1228 1621 cum
1259 1567 1600 1622 charissimis
1638 1568 1748 1621 vita

172 1651 464 1720 despectis,
496 1667 620 1708 cum
645 1653 975 1711 Christianis
999 1657 1297 1732 Palaestinae
1327 1658 1521 1714 incolis
1550 1673 1748 1713 terum-

170 1757 273 1796 nas
293 1743 525 1797 tolerare
555 1745 772 1799 maluit.
797 1747 956 1802 Patre
981 1757 1219 1812 mortuo,
1251 1749 1395 1803 filius
1420 1749 1743 1804 Laodiceam

1846 575 2006 628 stilis.
2040 576 2166 630 Post
2199 576 2313 628 hzcc
2347 577 2645 644 imperator
2678 577 2865 646 Angeli
2902 590 3283 645 cognomento,
3314 579 3428 630 site

1849 674 1910 717 ut
1944 666 2236 720 humiliore
2261 706 2278 732 ,
2323 668 2438 720 sive
2481 679 2538 720 ut
2569 667 2837 721 abolendo
2870 683 2994 720 cum
3027 667 3217 730 fratre,
3257 684 3423 734 rt‘ptt-

1847 757 2028 821 diato,
2063 758 2375 814 Comuenus
2423 760 2683 828 appellari
2734 760 2924 812 voluit.
2979 759 3110 812 Tota
3163 759 3284 826 ejus
3316 759 3425 812 vita

1849 845 2031 898 mollis
2075 844 2216 910 fuit,
2269 857 2324 900 et
2357 859 2623 916 perpetuo
2685 863 2872 903 socors
2902 848 3201 916 ingenium.
3227 846 3424 901 Omnia

1849 920 1919 988 de
1953 935 2317 1003 imperatricis
2352 937 2622 992 sententia
2653 939 2767 990 fere
2797 936 3148 1006 gerebantur,
3185 939 3344 1008 cujus
3369 948 3427 991 et

1849 1023 2024 1078 virilis
2067 1035 2186 1080 erat
2230 1029 2468 1093 animus,
2497 1036 2552 1081 et
2581 1027 2924 1096 providentia
2959 1027 3275 1098 singularis,
3329 1029 3425 1082 sed

1849 1114 2126 1184 impudica
2177 1101 2337 1184 plane
2371 1118 2504 1180 vita,
2537 1132 2658 1186 qua:
2706 1133 2840 1172 sane
2890 1116 3112 1185 infantia
3164 1118 3422 1170 nutritum

1848 1219 2066 1274 quoque
2092 1206 2511 1262 dehonestabat.

1925 1295 2039 1350 Hoc
2071 1305 2314 1365 tempore
2342 1311 2435 1350 rex
2464 1296 2852 1351 Alemanorum
2888 1296 3231 1367 Ammerigus
3254 1295 3426 1366 [lien-

1851 1386 2050 1457 ricus].
2078 1387 2342 1442 Friderici
2369 1388 2533 1451 titius,
2561 1399 2787 1456 paterno
2807 1389 3115 1458 principatu
3144 1399 3424 1457 suscepto,

1853 1478 2040 1532 Sicilia
2064 1487 2119 1532 et
2144 1477 2293 1532 italia
2336 1477 2599 1543 subactis,
2628 1481 2845 1534 Graecos
2879 1480 3222 1544 lacessebat;
3256 1495 3429 1548 quan-

1850 1583 2014 1637 quam
2042 1570 2110 1622 ab
2140 1569 2458 1624 adversario
2487 1585 2612 1637 suo,
2635 1586 2774 1641 papa
2793 1571 2979 1625 Romm
3002 1572 3222 1636 veteris,
3247 1571 3318 1625 ab
3339 1573 3428 1626 in-

1851 1658 2051 1737 stituoto
2076 1659 2470 1714 retraheretur.
2499 1661 2818 1716 Postulabat
2834 1670 3015 1716 autem
3037 1663 3138 1716 sibi
3168 1679 3264 1732 per
3281 1665 3428 1733 lega-

1852 1758 1940 1804 tos
1969 1750 2183 1803 restitui
2206 1750 2480 1805 Romanas
2506 1752 2816 1820 provincias
2841 1753 2909 1806 ab
2934 1753 3239 1822 Epidamno
3257 1753 3430 1809 Thes-

173 1834 233 1886 in
287 1831 584 1904 leesyria
611 1874 627 1898 ,
657 1835 916 1906 Berytum
947 1877 962 1901 ,
993 1837 1242 1906 aliasque
1276 1839 1528 1892 civitates
1567 1837 1739 1908 Syria:
1773 1837 1818 1895 Β
1845 1841 2148 1895 salonicam
2171 1857 2367 1907 usque,
2391 1852 2648 1912 tanquam
2678 1844 2805 1899 belli
2831 1845 2956 1914 jure
2985 1860 3207 1912 nupera
3227 1845 3431 1899 Sicilia:

170 1924 414 1995 subegit,
446 1940 510 1980 ac
539 1926 786 1992 pluribus
815 1943 914 1996 pro
939 1926 1141 1982 Christi
1193 1929 1415 1984 nomine
1462 1928 1743 1984 laboribus

172 2015 484 2081 exhaustis,
514 2024 819 2070 extremum
847 2016 914 2070 ad
939 2017 1235 2083 Acconem,
1254 2032 1413 2088 quam
1436 2018 1744 2082 obsidebat,

169 2108 304 2162 vita:
333 2093 479 2162 diem
513 2108 730 2162 clausit.
766 2107 1052 2164 Exercitus
1081 2110 1326 2179 reliquus
1359 2111 1593 2166 navibus
1615 2126 1744 2166 suo-

171 2215 299 2254 rum
331 2200 455 2270 Tyri
485 2200 822 2265 conscensis,
855 2199 1148 2256 incolumis
1173 2201 1241 2256 ad
1267 2216 1396 2256 suos
1417 2202 1601 2258 rediit.

243 2289 356 2344 Nec
388 2289 635 2343 Alemani
683 2290 950 2345 duntaxat
1014 2291 1120 2346 hoc
1167 2300 1410 2362 tempore
1458 2291 1746 2349 Saracenis

167 2380 270 2450 qui
302 2381 641 2434 l'alzestiuam
665 2391 1033 2450 occuparent,
1089 2397 1141 2436 at
1156 2398 1240 2437 ma
1280 2384 1606 2450 intulerunt,
1644 2383 1742 2438 sed

166 2473 339 2526 etiam
374 2473 707 2527 Francorum
729 2473 1146 2545 Anglorumque
1176 2489 1332 2544 reges
1363 2477 1573 2546 magnis
1607 2477 1747 2530 clas-

168 2564 332 2617 sibus
367 2561 568 2634 Tyrum
614 2565 962 2633 appulerunt.
997 2563 1248 2635 Cumque
1296 2565 1600 2622 Saracenos
1645 2582 1746 2623 nec

170 2654 280 2724 ipsi
320 2654 456 2708 urbe
486 2656 902 2749 sancta/pellere
929 2665 1177 2724 possent,
1211 2656 1434 2712 infectis
1462 2660 1630 2713 rebus
1651 2658 1750 2713 do-

172 2762 330 2800 mum
365 2748 729 2803 reverterunt.
752 2748 819 2802 .ln
847 2748 1044 2802 itinere
1077 2758 1256 2803 tamen
1279 2749 1482 2819 Anglus
1505 2749 1746 2821 Cyprum

165 2838 487 2907 occupavit,
511 2848 672 2908 capto
695 2839 903 2895 lsaacio
930 2839 1211 2896 Comneno
1250 2853 1503 2912 tyranno,
1544 2842 1612 2896 de
1640 2857 1748 2912 quo

165 2946 342 2998 supra
377 2929 614 2983 diximus
647 2948 662 2983 :
699 2932 1044 3002 insulamque
1088 2948 1186 3001 pro
1219 2948 1316 2986 sua
1348 2933 1746 3004 Hierosolymi-

91 3018 96 3022 ’
166 3030 305 3073 tano
337 3022 448 3089 regi
483 3021 726 3086 donavit,
765 3031 822 3077 ut
877 3023 954 3077 ibi
1000 3023 1202 3077 amisso
1255 3039 1420 3094 regno
1453 3025 1745 3080 habitaret.

160 3111 443 3168 Caeterum
482 3130 590 3167 non
620 3115 829 3169 crebra:
859 3122 1072 3168 tantum
1106 3114 1407 3171 seditiones
1447 3117 1748 3171 multorum

1849 1945 1978 2000 rege
2015 1931 2299 1994 subactas,
2333 1932 2423 1986 cui
2455 1948 2601 1987 nunc
2627 1933 2743 2003 ipse
2774 1934 3154 1990 successisset.
3178 1934 3432 1990 Addebat

1847 2017 2086 2074 otl‘ensas
2114 2028 2390 2087 paternas,
2441 2019 2586 2089 quod
2620 2021 2921 2090 imperator
2968 2020 3428 2105 Manuel_papam

1849 2109 2036 2164 Romae
2070 2110 2273 2165 veteris
2302 2122 2488 2166 contra
2513 2111 2854 2168 Fridericum
2895 2114 3228 2170 concitasset
3257 2124 3312 2169 et
3343 2129 3429 2167 ar-

1849 2209 2074 2254 masset.
2103 2200 2297 2270 Itaque
2329 2203 2730 2269 denuntiabat,
2779 2203 3043 2258 Romanis
3097 2215 3194 2260 aut
3231 2220 3425 2274 pacem

1851 2289 2108 2342 maxima'
2139 2290 2376 2357 pecunia
2425 2290 2824 2356 redimendam,
2863 2300 2960 2345 aut
2999 2291 3205 2346 bellum
3240 2293 3429 2348 statim

1851 2378 2215 2432 tolerandum.
2245 2378 2374 2444 Quae
2395 2390 2577 2434 autem
2601 2381 2832 2450 pecunia
2859 2383 3011 2451 pacis
3032 2382 3253 2437 nomine
3279 2399 3426 2453 quo-

1852 2470 2031 2524 tannis
2055 2468 2220 2540 pendi
2245 2469 2494 2540 deberet,
2517 2471 2636 2526 auri
2667 2474 3004 2528 centenariis
3027 2457 3427 2546 quinquaginta

1849 2561 2118 2632 principio
2147 2563 2415 2632 aestimata
2442 2604 2458 2629 ,
2508 2571 2850 2633 postremum
2878 2565 2945 2619 ad
2980 2567 3330 2622 centenarias
3365 2568 3430 2621 l6

1850 2653 2068 2707 redacta
2091 2662 2215 2708 est:
2242 2669 2380 2724 quos
2415 2663 2484 2709 .ut
2515 2655 2740 2710 Alexius
2763 2656 3096 2722 exsolveret,
3131 2658 3432 2728 imperato-

1851 2759 1974 2798 rum
2003 2745 2271 2814 sepulcris
2305 2746 2574 2816 spoliatis,
2613 2747 2682 2801 ad
2719 2747 2784 2801 70
2832 2749 3183 2804 ceutenarios
3213 2749 3428 2819 argenti

1850 2843 1906 2890 et
1952 2837 2080 2890 auri
2109 2837 2360 2891 nonnihil
2387 2829 2650 2894 icorrasit.
2674 2840 2875 2895 Verum
2906 2849 3032 2895 ante
3063 2857 3224 2911 quam
3259 2857 3430 2912 pecu-

1854 2927 1944 2980 nia
1980 2927 2316 2993 mitteretur,
2345 2927 2647 2984 Alemania:
2677 2945 2773 2985 rex
2799 2941 3010 2986 natura;
3034 2931 3278 2986 debitum
3310 2947 3434 3002 per-

1849 3018 2032 3085 solvit,
2074 3033 2198 3072 cum
2264 3020 2591 3090 gravissime
2621 3022 2674 3075 in
2707 3019 2941 3088 Siculos,
2967 3023 3060 3093 qui
3103 3023 3432 3079 seditionem

1855 3108 2215 3173 concitarant,
2302 3109 2799 3165 animadvertisset.
2871 3111 3146 3166 Factionis
3203 3113 3430 3183 quidem

161 3203 267 3269 qui
326 3202 656 3259 affectabam
688 3204 1002 3275 imperium,
1045 3204 1313 3260 Isaacium
1358 3207 1736 3262 exercebant:

1852 3191 2156 3262 principem
2195 3201 2252 3247 et
2286 3209 2468 3265 regem
2499 3195 2769 3252 delectum
2831 3213 3032 3254 corona
3087 3173 3251 3271 jussit
3295 3202 3433 3256 ahe-

159 3295 269 3349 sed
303 3295 467 3349 etiam
503 3296 834 3352 \‘lachorum
865 3297 1016 3352 natio
1050 3313 1360 3368 progressa,
1392 3298 1633 3353 munitas
1658 3314 1748 3353 ur-

158 3385 274 3439 bes
299 3385 612 3447 invadebat.
637 3389 960 3443 Anchialum
989 3390 1136 3442 enim
1168 3390 1478 3454 vastabant,
1510 3391 1748 3446 Varnam

159 3476 539 3543 subigebant,
588 3479 921 3534 Triaditzam
960 3481 1075 3533 sive
1116 3479 1397 3534 Sardicam
1447 3479 1745 3544 delebant,

156 3564 425 3635 Stnntpio
452 3569 598 3623 cives
627 3569 937 3640 cjiciebant.
974 3569 1217 3624 Tandem
1274 3572 1327 3624 in
1378 3570 1738 3640 expeditione

152 3668 362 3712 contra
394 3655 646 3726 Vlachos,
673 3661 962 3731 magnifico
992 3675 1116 3716 cum
1141 3670 1408 3731 apparatu
1444 3672 1700 3732 suscepta
1729 3701 1743 3726 ,

153 3763 294 3803 cum
328 3751 604 3808 venationi
655 3760 802 3807 esset
852 3754 1098 3807 intentus
1160 3751 1422 3818 lsaacius,
1457 3754 1524 3808 ab
1558 3753 1747 3808 Alexio

151 3841 360 3904 fratre,
386 3840 453 3894 de
481 3855 592 3909 quo
624 3857 730 3895 non
761 3851 975 3897 tantum
1006 3843 1146 3898 nihil
1177 3843 1305 3897 mali
1337 3843 1744 3919 suspicabatur,

149 3933 264 3988 sed
287 3933 451 3988 etiam
470 3949 737 3989 summam
756 3935 858 3990 sibi
881 3935 1208 3991 cbaritatem
1227 3936 1747 4005 observantiamque

151 4025 550 4094 pollicebatur,
606 4035 661 4080 et
718 4026 893 4081 oculis
944 4034 1001 4081 et
1046 4011 1277 4097 imperio
1327 4027 1614 4096 spoliatus,
1636 4035 1743 4082 est.

148 4117 466 4186 Imperavit
499 4132 683 4172 annos
727 4117 780 4180 9,
813 4133 1029 4173 menses
1061 4117 1130 4185 8,
1180 4117 1425 4174 nondum
1472 4133 1648 4178 annos
1678 4118 1744 4173 lo

147 4225 191 4264 n
239 4218 354 4272 tus,
386 4224 510 4264 cum
542 4224 769 4280 regnum
805 4210 1105 4264 amitteret.

235 4301 465 4355 Alexius
504 4300 805 4369 imperator
835 4300 890 4355 in
919 4300 1116 4355 castris
1147 4301 1493 4370 designatus,
1529 4300 1739 4356 omisso

147 4404 366 4450 contra
396 4392 627 4447 Vlachos
658 4390 823 4456 bello,
849 4389 1384 4460 Constantinopolim
1430 4394 1601 4447 redit:
1645 4392 1740 4447 ubi

1853 3299 1956 3339 nea
1992 3287 2264 3351 redimiri,
2298 3302 2419 3356 qua:
2448 3302 2574 3343 cum
2611 3289 2840 3346 haberet
2870 3301 3109 3360 quatuor
3137 3292 3430 3357 foramina,

1848 3390 1948 3445 per
1967 3392 2029 3430 ea
2058 3378 2283 3433 totidem
2314 3380 2485 3435 clavis
2515 3381 2680 3450 capiti
2703 3384 2822 3452 ejus
2842 3391 2927 3437 est
2950 3382 3125 3437 affixa.
3151 3383 3304 3449 Quod
3333 3386 3426 3439 ubi

1849 3465 2053 3521 factum
2105 3468 2299 3523 fuisset
2337 3488 2349 3523 :
2382 3471 2580 3534 Habes,
2619 3471 2695 3524 ait
2743 3473 3119 3539 Ammericus,
3163 3489 3424 3529 coronam

1848 3573 2010 3629 quam
2037 3570 2265 3615 venatus
2293 3577 2351 3616 es
2373 3581 2386 3627 ;
2412 3578 2573 3616 nemo
2602 3563 2698 3617 tibi
2727 3564 2867 3618 hanc
2891 3564 3120 3619 invidet.
3142 3565 3307 3636 342
3331 3567 3428 3621 Ille

1849 3663 1980 3704 vero
2009 3666 2133 3704 mox
2163 3651 2355 3706 oborta
2382 3653 2672 3723 vertigine,
2706 3654 2853 3708 humi
2894 3655 3203 3726 prolapsus,
3243 3659 3431 3726 exspi-

1849 3744 2012 3797 ravit.
2041 3741 2212 3812 Capta
2244 3741 2435 3798 Sicilia
2461 3782 2477 3807 ,
2513 3759 2638 3798 cum
2668 3745 2883 3799 caeteris
2913 3745 3074 3801 lrene
3107 3747 3295 3802 Isaacii
3326 3750 3430 3803 im-

1847 3834 2122 3904 peratoris
2154 3833 2263 3889 ﬁlia
2290 3835 2504 3904 captiva
2534 3844 2619 3890 est
2646 3835 2906 3902 abducta,
2933 3845 2990 3891 et
3014 3837 3287 3907 desponsa
3317 3839 3430 3894 fra-

1849 3925 1921 3980 tri
1959 3925 2106 3996 regis
2125 3925 2422 3981 Alemania:
2443 3926 2718 3997 Philippo,
2741 3928 2944 3984 amisso
2967 3931 3151 3998 priore
3172 3931 3428 4000 conjuge,

1847 4019 1941 4089 qui
1982 4029 2126 4088 post,
2154 4020 2368 4075 obitum
2414 4019 2687 4076 Taucredi
2743 4023 2917 4092 patris
2954 4021 3162 4079 Sicilia:
3198 4039 3427 4096 regnum

1845 4113 2181 4168 obtinuerat.

1917 4205 2132 4260 Secuta:
2169 4213 2295 4259 sunt
2333 4203 2594 4275 deinceps
2638 4205 2982 4276 gravissima;
3027 4206 3430 4264 Constantino~

1844 4296 1985 4366 polis
2020 4294 2223 4350 clades.
2248 4295 2384 4349 Nam
2433 4294 2671 4350 Isaacius
2699 4297 2911 4366 pridem
2964 4297 3269 4366 imperator
3301 4315 3428 4354 cum

1846 4387 2052 4442 Latinis
2097 4401 2295 4441 arcana
2338 4387 2568 4442 consilia
2613 4387 2682 4442 de
2731 4389 3066 4443 ulciscendis
3114 4390 3332 4459 injuriis
3373 4406 3430 4448 et

147 4501 298 4541 cum
323 4483 683 4552 inauguratus
698 4494 866 4546 esset,
888 4483 1163 4552 quoddam
1190 4483 1544 4539 memorabile
1576 4484 1753 4540 conti-
1782 4492 1832 4553 υ
1857 4479 2153 4535 evertendo
2179 4478 2348 4534 fratre
2373 4478 2564 4533 Alexio
2591 4479 2933 4546 conferebat,
2966 4479 3166 4534 litteris
3209 4481 3275 4533 ad
3318 4481 3431 4535 ire-

145 4577 268 4648 git.
299 4575 527 4644 Temple
553 4575 701 4630 enim
729 4590 999 4646 egressus,
1026 4591 1154 4631 cum
1175 4591 1578 4632 conscensurus
1603 4585 1748 4631 esset

143 4683 375 4739 equum
403 4666 734 4733 Arabicum,
768 4682 1037 4722 sessorem
1072 4667 1164 4723 ille
1200 4684 1309 4724 non
1346 4669 1520 4722 voluit
1550 4669 1748 4722 admit-

144 4773 312 4824 tere,
339 4760 436 4814 sed
481 4760 653 4814 oculis
679 4760 946 4829 sanguine
988 4760 1233 4825 sull'usis,
1269 4761 1494 4815 auribus
1520 4763 1744 4824 erectis,

139 4854 362 4910 crebro
391 4852 567 4906 solum
602 4851 847 4920 pulsans,
876 4861 933 4905 et
962 4852 1335 4906 anterioribns
1369 4851 1588 4921 ungulis
1616 4867 1742 4906 cum

135 4945 388 4999 fremitu
417 4943 668 5008 sublatis,
703 4941 970 4997 indicium
1000 4943 1253 5013 pragbuit,
1289 4944 1446 5012 quasi
1492 4942 1744 4997 Alcxium

135 5046 323 5103 tergo
351 5035 598 5102 recipere
630 5033 1050 5102 dedignaretur.
1082 5018 1182 5088 Ubi
1213 5049 1344 5087 vero
1384 5044 1507 5101 post
1542 5033 1744 5088 multos

132 5140 498 5198 pappysmos
535 5134 591 5179 et
645 5125 880 5179 cervicis
913 5124 1258 5194 palpationes
1307 5124 1553 5195 placatus
1576 5166 1591 5188 ,
1623 5139 1745 5178 cre-

130 5220 294 5272 bros
321 5216 441 5269 illos
467 5230 628 5286 gyros
653 5226 710 5270 et
741 5216 1149 5270 calcitrationes
1182 5218 1489 5271 omissurus
1515 5218 1740 5272 videba-

129 5325 273 5374 tur,
331 5308 628 5376 imperator
677 5308 733 5362 in
787 5324 914 5363 eum
969 5309 1162 5374 insilit,
1210 5318 1267 5362 et
1320 5310 1564 5364 habenas
1617 5324 1743 5379 pre-

126 5401 376 5460 hendit.
408 5400 780 5454 Nihilominus
828 5399 917 5453 ille
966 5399 1183 5470 ferocit,
1214 5387 1316 5454 nec
1348 5402 1502 5470 prius
1531 5400 1742 5470 impor-

126 5509 297 5551 tune
322 5493 520 5547 saltare
553 5492 794 5556 desistit‘,
829 5507 994 5562 quam
1023 5504 1293 5562 gemmata
1326 5511 1529 5548 corona
1558 5495 1741 5563 capite

124 5584 513 5656 imperatoris
530 5600 782 5650 excussa,
810 5594 865 5639 et
887 5602 952 5639 ex
985 5595 1140 5655 parte
1173 5588 1534 5650 comminuta,
1561 5587 1772 5654 ipsum-

125 5693 386 5752 quoque
420 5677 727 5748 dejccisset.
775 5678 896 5733 Alio
939 5694 1083 5747 equo
1123 5678 1379 5740 adducto,
1431 5678 1598 5732 fracta
1648 5694 1743 5733 co-

124 5782 302 5829 rona
331 5766 732 5838 inauspicatum
769 5784 928 5824 omen
965 5769 1078 5825 visa
1125 5779 1221 5840 est.
1253 5769 1467 5839 imperii
1508 5769 1740 5824 cladium

1850 4589 1973 4627 nem
2009 4572 2171 4626 filiam
2202 4571 2402 4638 missis,
2437 4572 2678 4642 Philippi
2711 4572 3101 4626 Alemanorutn
3130 4575 3274 4642 regis
3299 4588 3431 4626 con-

1844 4665 2052 4735 jugem,
2077 4665 2279 4734 quibus
2313 4676 2434 4718 eam
2464 4664 2531 4718 ad
2564 4679 2724 4734 opem
2753 4665 2855 4718 sibi
2888 4664 3170 4718 ferendam
3201 4665 3430 4735 instiga-

1850 4755 1966 4818 bat,
2008 4763 2173 4824 atque
2220 4754 2349 4808 inde
2392 4754 2610 4816 litteras
2658 4753 3001 4823 recipiebat,
3039 4755 3243 4823 quibus
3293 4756 3425 4823 quid

1848 4847 2119 4917 agendum
2167 4855 2350 4911 esset,
2387 4848 2736 4901 monebatur.
2772 4847 2981 4901 Deinde
3017 4846 3161 4901 filius
3209 4861 3430 4915 quoque

1849 4941 2021 5010 ipsius
2053 4939 2294 5002 Alexius,
2325 4938 2572 4993 custodia
2602 4939 2833 4992 eductus
2860 4977 2872 5000 ,
2918 4937 3095 4991 libere
3124 4950 3234 5005 quo
3270 4935 3431 4988 libuit

1847 5033 2171 5087 ambulavit.
2200 5031 2548 5101 QuaprOpler
2578 5031 2645 5086 de
2677 5029 2910 5084 consilio
2953 5040 3206 5099 paterno,
3239 5026 3431 5080 Pisani

1847 5120 2134 5192 eujusdam
2166 5137 2289 5190 ope,
2326 5122 2628 5191 perductus
2665 5120 2719 5173 in
2748 5119 3014 5182 Siciliam,
3062 5116 3238 5171 sorori
3285 5115 3430 5168 indi-

1847 5226 2005 5267 catur
2038 5227 2052 5265 :
2084 5227 2203 5280 quae
2224 5213 2377 5282 justo
2404 5211 2662 5280 prazsidio
2688 5210 2879 5274 misso,
2903 5210 3126 5262 fratrem
3155 5205 3427 5275 amplexa,

1846 5303 2105 5358 maritum
2161 5303 2470 5372 Philippum
2522 5311 2660 5368 orat,
2717 5310 2777 5356 ut
2806 5300 2947 5371 patri
2988 5314 3088 5354 suo
3133 5312 3232 5367 pro
3284 5295 3428 5350 virili

1845 5412 2004 5466 opem
2057 5397 2216 5461 ferat,
2268 5405 2324 5450 et
2371 5395 2596 5449 fratrem
2641 5409 2861 5465 quoque
2886 5394 3062 5465 juvet,
3091 5390 3338 5458 exsulem
3372 5396 3432 5444 et

1845 5499 2146 5544 extorrem.

1916 5580 2250 5634 Acciderunt
2281 5587 2330 5632 ct
2363 5577 2470 5631 alia
2503 5558 2668 5632 mala.
2698 5577 2834 5631 Nam
2865 5592 2990 5630 cum
3023 5573 3248 5629 Venetis
3278 5585 3428 5625 mer-

1844 5673 2123 5729 catoribus
2152 5689 2215 5727 ex
2259 5673 2488 5726 avaritia
2540 5670 2918 5724 ministrorum
2972 5665 3325 5735 imperatoris
3369 5671 3429 5717 et

1845 5776 2200 5837 cognatorum
2231 5768 2606 5822 adimerentur
2634 5766 2807 5832 prisca
2840 5762 3086 5820 untrdam
3121 5753 3428 5828 privilegia:
