4198 6444
242 396 348 461 διι
411 425 428 447 ι

1587 396 1804 454 CONTl
1819 394 2123 455 NUATIO.

3384 382 3486 447 643

246 508 463 563 fervens
510 515 724 561 acetum
754 506 808 561 in
865 507 1054 562 oculos
1105 506 1343 560 infusum
1378 507 1543 561 fuisse
1576 499 1815 560 diximus
1846 523 1890 565 Α
1920 506 2069 575 quod
2096 505 2319 575 quidem
2359 506 2620 573 deinceps
2651 500 2853 557 factum
2888 510 2990 555 est.
3020 499 3160 555 Cum
3193 499 3295 553 hoc
3320 509 3485 566 nupta

245 600 423 668 (irrito
452 608 629 652 tamen
655 607 875 664 conatu,
899 615 1023 653 nam
1053 599 1227 654 visum
1254 600 1357 653 hoc
1389 609 1631 668 tempore
1656 613 1811 651 γονυ-

244 692 571 762 peraverat),
589 708 696 747 una
716 709 837 746 cum
858 692 1067 747 Joanne
1086 692 1230 745 lilio:
1260 700 1506 757 petentes
1520 689 1807 750 auxilium,

246 797 305 838 ut
376 784 605 852 imperio
668 784 966 855 Byzantino
1024 784 1316 852 potiretur.
1374 779 1509 834 Cum
1563 780 1809 846 equitum

244 874 387 929 4000
480 875 901 944 impetrassent,
995 874 1309 943 Byzantium
1385 872 1809 925 contenderunt.

243 966 479 1021 Joannes
512 974 693 1020 autem
714 966 1010 1035 imperator
1053 974 1109 1019 et
1142 964 1355 1018 Manuel
1408 962 1573 1023 filius,
1620 963 1810 1015 audito

246 1055 546 1109 Andronici
591 1054 849 1120 adventu,
899 1070 1079 1109 arcem
1130 1054 1325 1108 Aureae
1376 1053 1560 1121 (quam
1592 1052 1809 1119 vocant)

246 1145 472 1213 ingressi
519 1146 792 1200 obsidioni
840 1145 1132 1199 tolerandae
1174 1160 1232 1199 se
1265 1144 1555 1213 parabant.
1608 1143 1808 1196 Verum

243 1232 590 1289 Andronicus
617 1251 795 1290 arcem
835 1236 1181 1304 pactionibus
1208 1235 1264 1289 in
1290 1233 1625 1287 deditionem
1655 1247 1811 1285 acce-

243 1326 343 1394 pit,
383 1335 441 1380 et
482 1329 673 1381 ambos
718 1328 773 1381 in
816 1343 1093 1383 carcerem
1151 1328 1321 1382 turris
1363 1328 1603 1396 ligneum
1654 1323 1810 1379 valde

241 1425 453 1471 arctum
480 1419 752 1487 compegit
789 1437 802 1473 :
834 1420 890 1473 in
924 1434 1033 1487 quo
1060 1419 1357 1472 triennium
1391 1433 1576 1486 egere,
1609 1417 1811 1470 frustra

243 1522 499 1564 monente
531 1509 797 1581 Bajazeto,
839 1522 898 1563 ut
928 1511 1390 1564 interficerentur.
1418 1513 1577 1564 Anno
1616 1518 1811 1577 quarto

243 1602 480 1657 carceris
528 1600 783 1668 pmfccto
834 1609 1252 1669 persuaserunt,
1282 1599 1540 1653 alimenta
1581 1599 1813 1666 captivis

241 1692 596 1757 ministranti,
628 1702 687 1745 ut
711 1682 915 1746 ferrutﬁ
933 1691 1070 1745 clam
1104 1692 1235 1757 ipsis
1263 1691 1657 1760 suppeditaret.
1691 1689 1811 1756 Quo

242 1783 403 1846 facto,
451 1795 746 1838 evaserunt
799 1785 865 1837 ad
918 1783 1254 1852 Bajazetum,
1307 1799 1405 1852 pro
1463 1782 1810 1837 restitutione

1916 596 2016 650 fuit
2043 598 2286 665 quaedam
2313 610 2376 649 ex
2398 594 2794 648 Malatestarum
2815 590 2978 662 346
2993 589 3370 644 marchionum
3408 587 3486 641 fa-

1916 688 2088 750 milia,
2126 696 2392 757 praistans
2430 688 2658 740 omnino
2686 685 2862 739 forma
2903 682 3236 753 reliquisque
3265 680 3486 735 dotibus

1917 776 2137 830 mulier.

1985 868 2200 921 Mortuo
2236 869 2597 934 Machometo,
2627 882 2787 937 quem
2826 868 2880 921 in
2926 882 2985 921 se
3013 864 3185 921 Grmci
3232 865 3487 933 perbeni-

1914 977 2078 1030 guunt
2105 962 2409 1015 ctamieutn
2441 960 2652 1028 experti
2676 968 2826 1023 sunt,
2861 973 3005 1011 anno
3031 957 3247 1025 imperii
3280 956 3346 1009 1'2
3374 958 3485 1024 pri-

1917 1053 2219 1121 mogenitus
2248 1054 2536 1106 Amurates
2559 1067 2787 1120 regnum
2817 1051 3111 1104 'I‘urcicutu
3133 1051 3186 1102 in
3216 1066 3272 1103 se
3309 1058 3485 1103 trans-

1916 1144 2064 1199 tulit.
2098 1144 2209 1197 lloc
2267 1144 2558 1211 imperium
2588 1158 2744 1197 suum
2777 1142 3081 1211 auspicato,
3111 1143 3282 1196 Gnaei
3316 1157 3484 1211 seque

1914 1250 2110 1304 resque
2157 1250 2285 1289 suas
2332 1235 2492 1303 plane
2540 1232 2810 1300 perditum
2852 1231 3087 1285 ﬂerunt.
3125 1231 3486 1285 Arcessebant

1915 1326 2062 1379 enim
2103 1341 2134 1380 e
2167 1326 2375 1381 Lemno
2420 1325 2783 1393 Mustapham,
2818 1324 2910 1392 qui
2954 1322 3187 1391 Bajazcti
3224 1337 3281 1376 se
3312 1319 3484 1373 filium

1912 1417 2253 1487 perhibebat,
2273 1431 2587 1487 quanquam
2610 1416 3004 1479 Machometus,
3027 1413 3187 1481 paulo
3210 1422 3336 1466 ante
3360 1414 3483 1481 (ceu

1912 1509 2120 1563 dictum
2149 1509 2253 1577 est)
2279 1515 2547 1571 mortuus,
2572 1506 2981 1577 supposititium
3001 1519 3122 1560 esse
3151 1504 3399 1567 dixisset,
3429 1509 3486 1556 et

1912 1600 1982 1655 ab
2008 1598 2211 1654 Graecis
2245 1600 2612 1670 impetrasset,
2646 1608 2706 1653 ut
2734 1612 2957 1653 carcere
2984 1598 3205 1652 clausus
3235 1610 3483 1650 asserva-

1913 1701 2088 1746 retur.
2120 1692 2256 1747 Cum
2291 1702 2472 1747 autem
2518 1707 2630 1761 prae
2668 1703 2958 1747 ventorum
2985 1689 3484 1745 vchcmentia'Mu-

1914 1786 2138 1855 staphas
2166 1800 2197 1841 e
2217 1786 2425 1840 Lemno
2454 1785 2509 1839 in
2546 1785 2956 1854 Hellespontum
2985 1784 3347 1853 transportari
3372 1798 3482 1837 non

244 1874 507 1950 tributum
549 1873 846 1927 maximum
881 1874 1223 1943 pollicentes.
1261 1874 1571 1942 Exploratis
1603 1874 1809 1945 Byzan-
1846 1863 1887 1918 Β
1915 1886 2125 1945 posset,
2160 1891 2223 1932 ac
2254 1876 2307 1930 in
2343 1876 2559 1944 Europa
2611 1890 2704 1928 rex
2737 1874 3011 1939 constitui,
3048 1873 3367 1927 triremibus
3398 1872 3484 1924 in»

242 1964 444 2017 tiorum
507 1964 724 2028 animis,
779 1963 993 2018 Mauuel
1038 1964 1121 2019 eis
1154 1963 1452 2034 imperator
1499 1963 1664 2019 datus
1728 1976 1812 2019 est

238 2053 564 2119 auctoritate
594 2052 867 2124 .Bujazeti,
892 2056 985 2124 qui
1014 2054 1233 2122 triginta
1265 2055 1431 2110 millia
1455 2061 1807 2110 nummorum

236 2157 530 2198 aureorum
577 2143 818 2215 singulos
848 2146 903 2198 in
941 2160 1117 2199 annos
1146 2129 1331 2200 ‘Turco
1369 2146 1652 2215 penderet,
1703 2151 1810 2201 An-

237 2226 465 2290 dronico
492 2246 547 2289 et
570 2235 778 2291 Joanne
799 2236 909 2292 lilio
939 2238 992 2290 in
1010 2238 1188 2292 aulam
1219 2238 1458 2308 Bajazeti
1479 2239 1803 2308 deportatis,

237 2326 332 2379 ubi
357 2327 563 2381 victum
589 2328 875 2383 haberent.
902 2328 1208 2399 Adjuvante
1227 2330 1496 2397 Manuele,
1524 2330 1809 2401 Bajazetus

236 2415 617 2488 Philadelphia
658 2416 839 2489 Lydia:
880 2421 1089 2479 munita
1122 2421 1277 2487 urbe,
1315 2437 1448 2491 quae
1488 2423 1602 2477 sola
1634 2423 1806 2478 Graeci

236 2508 415 2561 adhuc
441 2508 581 2579 juris
605 2510 797 2563 eratin
828 2508 977 2572 Asia,
1013 2510 1220 2580 potitus
1248 2519 1351 2565 est.

308 2586 447 2655 Cum
504 2609 687 2655 autem
741 2602 1012 2671 promissa
1100 2601 1354 2673 Bajazelo
1432 2603 1645 2659 Manuel
1698 2620 1805 2659 non

240 2700 545 2760 prastaret,
574 2708 639 2746 ac
687 2693 741 2746 in
774 2693 953 2747 aulam
1004 2693 1168 2748 Turci
1210 2694 1399 2751 venire
1446 2696 1804 2760 detrectaret,

239 2783 496 2837 inchoata
539 2793 622 2838 est
659 2783 873 2839 obsidio
901 2783 1436 2855 Constantinopolis,
1464 2802 1585 2856 qua:
1632 2796 1804 2843 totum

240 2873 566 2931 decennium
591 2874 829 2939 duravit,
854 2885 909 2931 et
934 2877 1068 2931 urbs
1084 2878 1306 2933 omnino
1333 2887 1491 2947 capta
1516 2877 1729 2944 fuisset,
1749 2880 1805 2933 ni

237 2965 625 3023 Tamberlanes
654 2967 880 3039 Scytha,
900 2968 1045 3024 bello
1069 2969 1265 3023 Turcis
1290 2969 1458 3036 illato,
1493 2968 1804 3040 Bajazetum

158 3056 161 3057 ⁷
235 3055 415 3125 ipsum
448 3057 702 3127 cepisset.
751 3057 863 3114 llac
927 3059 1216 3115 obsidione
1266 3058 1524 3127 durante,
1586 3060 1803 3115 Manuel

234 3148 370 3251 urbe
387 3148 582 3204 Joanni
605 3150 902 3206 Andronici
929 3151 1041 3207 lilio
1066 3155 1377 3217 commissa,
1400 3152 1537 3222 quia
1556 3152 1804 3223 Bajazeto
1830 3191 1875 3251 Ο

236 3239 305 3292 ad
336 3240 527 3309 ipsum
578 3241 871 3309 defecerat,
916 3243 1242 3299 auxiliorum
1290 3258 1453 3298 causa
1496 3244 1551 3299 in
1593 3243 1801 3299 Italiam

229 3331 299 3385 ad
343 3331 579 3387 Venetos
603 3344 655 3389 et
686 3333 973 3389 Mediolani
1005 3334 1198 3388 ducem
1223 3337 1500 3402 profectus
1530 3343 1635 3389 est.
1669 3335 1803 3391 Inde

228 3421 458 3477 Galliam
492 3425 789 3494 ingressus,
825 3440 1005 3493 regem
1035 3425 1310 3480 Gallorum
1345 3426 1598 3481 Carolum
1634 3427 1802 3496 phre-

228 3514 349 3568 nesi
396 3513 733 3570 laborantem
783 3515 1035 3579 oﬂ‘endit,
1076 3530 1180 3570 nec
1224 3518 1402 3586 potuit
1449 3532 1479 3571 a
1524 3533 1800 3587 quoquam

226 3606 417 3661 Gallia:
466 3606 666 3661 ducum
704 3623 768 3662 ea
808 3609 1121 3676 impetrare,
1159 3624 1396 3677 quorum
1438 3623 1600 3664 causa
1642 3626 1802 3666 vene—

229 3707 339 3753 rat.
364 3699 705 3769 Quapropter
734 3702 808 3754 ita
844 3700 1261 3755 consulentibus
1287 3701 1666 3771 Optimatibus,
1706 3703 1801 3772 qui

227 3790 346 3844 illic
393 3802 568 3856 erant,
616 3804 724 3846 tam
779 3793 873 3847 diu
913 3792 1344 3862 exspectandum
1387 3794 1600 3858 statuit,
1626 3794 1809 3850 donec

226 3895 325 3936 rex
356 3884 784 3938 convalesceret.
817 3882 954 3938 Cum
990 3878 1173 3936 autem
1222 3882 1448 3938 morbus
1479 3884 1547 3944 jn
1577 3884 1799 3954 longum

220 3974 671 4045 protraheretur,
730 3960 953 4029 manere
998 3972 1210 4045 diutius
1257 3989 1369 4029 non
1423 3976 1528 4030 fuit
1555 3991 1719 4032 ausus
1783 3994 1798 4029 :

223 4065 460 4134 ideoque
512 4065 744 4121 transita
789 4064 1080 4122 Germania
1123 4064 1537 4137 Pannoniaque,
1574 4068 1800 4124 domum

228 4153 422 4209 rediit.
1546 4162 1554 4169 '

304 4245 517 4305 Mortuo
554 4247 843 4318 Bajazeto,
892 4262 1018 4301 cum
1077 4246 1454 4303 Machametus
1487 4248 1633 4303 filius
1680 4259 1801 4319 post

221 4339 432 4394 fratres
483 4337 554 4405 ad
612 4338 902 4407 imperium
962 4339 1322 4407 pervenisset,
1368 4348 1799 4410 perpetuamque

221 4445 354 4484 cum
420 4429 627 4485 Graecis
675 4444 865 4498 pacem
930 4429 1183 4495 fecisset,
1229 4430 1442 4485 Manuel
1505 4431 1800 4501 imperator

1913 1967 2274 2036 tercipiebant
2307 1966 2586 2020 Anturatis
2606 1966 2661 2019 in
2695 1964 2968 2033 Europam
2997 1965 3284 2034 trajectum
3346 1963 3483 2016 Pro-

1913 2057 2139 2126 pontide
2196 2073 2259 2111 ac
2316 2057 2669 2127 Hellesponto
2714 2056 3049 2111 interclusis.
3098 2054 3323 2110 Interim
3376 2056 3482 2125 ipsi

1910 2148 2257 2217 Calliupolim
2283 2150 2558 2218 navigant,
2576 2147 2903 2208 Chersonesi
2932 2148 3121 2201 urbem
3142 2147 3479 2215 opulentam,

1913 2248 1973 2293 ut
2009 2239 2082 2293 ibi
2116 2254 2241 2293 cum
2273 2238 2599 2292 adveniente
2625 2237 2907 2306 Mustapha
2940 2236 2995 2289 in
3023 2235 3353 2305 colloquium
3389 2252 3483 2289 ve-

1911 2329 2111 2393 nirent,
2135 2344 2297 2397 quem
2323 2328 2415 2382 ubi
2441 2342 2621 2397 regem
2646 2326 2876 2397 Europae
2899 2326 3178 2387 fecissent,
3204 2327 3482 2396 petierunt

1911 2428 1973 2472 ut
1992 2418 2337 2487 Calliupolim
2361 2418 2465 2474 sibi
2492 2418 2831 2482 restitueret,
2852 2416 3017 2487 idque
3046 2416 3203 2470 facile
3228 2417 3483 2472 obtinue-

1911 2523 2061 2565 runt.
2095 2511 2232 2565 Tum
2267 2525 2399 2565 vero
2429 2510 2598 2563 duces
2628 2508 2933 2571 Amuratis,
2964 2509 3018 2561 in
3050 2509 3270 2577 Europa
3302 2509 3479 2564 relicti

1910 2619 1939 2657 a
1992 2603 2335 2657 Macltometo
2369 2612 2542 2670 patre,
2579 2603 2885 2672 Bajazetum
2925 2617 3095 2655 unum
3145 2616 3211 2657 ex
3246 2602 3483 2671 optima-

1911 2706 2023 2748 tum
2051 2708 2282 2747 numero
2304 2693 2624 2764 Byzantium
2653 2693 2719 2746 ad
2748 2692 3051 2747 Manuelem
3080 2692 3353 2762 ablegant,
3378 2695 3474 2763 qui

1910 2793 2159 2854 rogaret,
2190 2798 2257 2838 ne
2286 2784 2481 2837 initum
2509 2799 2634 2838 cum
2666 2783 3005 2838 Machometo
3038 2783 3217 2839 imitus
3247 2787 3481 2842 violare-

1914 2886 2025 2942 tur,
2077 2876 2352 2945 simulque
2388 2874 2679 2930 duodecim
2728 2876 3020 2943 primatum
3049 2877 3193 2931 filios
3229 2878 3477 2945 obsides,

1909 2982 2200 3021 aureorum
2232 2966 2538 3021 ducentena
2566 2966 2755 3032 millia,
2783 2967 3060 3035 regionem
3090 2967 3329 3038 denique
3360 2986 3480 3026 nia-

1909 3060 2109 3112 ximam
2148 3057 2431 3126 Calliupoli
2463 3057 2716 3122 vicinam,
2756 3072 3140 3129 quamcunque
3175 3060 3346 3117 Crtcci
3377 3078 3475 3133 po-

1910 3154 2226 3215 stulassent,
2272 3150 2513 3217 offerret,
2546 3152 2591 3206 si
2621 3152 2961 3222 Mustapham
2984 3155 3273 3225 Byzantius
3303 3159 3479 3228 impe-

1908 3252 2054 3300 rator
2099 3244 2395 3309 desereret,
2455 3259 2518 3299 ac
2555 3246 2764 3299 neutris
2814 3247 3095 3315 suppetias
3144 3248 3333 3316 ferret,
3380 3252 3477 3306 sed

1905 3336 2053 3407 ipsos
2084 3336 2266 3406 potius
2301 3337 2508 3391 sineret
2545 3335 2755 3392 infestis
2783 3341 2951 3393 armis
2980 3354 3331 3396 concurrere.

1972 3428 2180 3495 Quibus
2209 3428 2517 3496 intellectis,
2542 3429 2777 3485 Joannes
2795 3430 3059 3511 Manuelis
3074 3430 3237 3500 filius,
3262 3436 3480 3506 juvenis

1904 3519 2118 3589 imperii
2163 3522 2395 3591 cupidus
2416 3562 2430 3585 ,
2460 3521 2831 3577 arbitrabatur
2878 3523 3035 3578 initio
3086 3540 3172 3580 res
3205 3542 3332 3582 suas
3357 3544 3476 3583 me-

1901 3611 2008 3665 lius
2042 3612 2340 3676 habituras,
2381 3615 2425 3668 si
2465 3615 2781 3669 inimicitias
2806 3615 2949 3669 inter
2982 3630 3039 3671 se
3073 3617 3154 3671 illi
3184 3631 3437 3687 gererent
3459 3665 3473 3684 ,

1901 3701 2283 3772 discordiaque
2331 3714 2517 3759 mutua
2565 3721 2654 3761 res
2690 3723 2816 3762 suas
2846 3710 3157 3778 perderent.
3205 3714 3473 3771 Praeterea

1902 3808 2011 3847 non
2047 3811 2238 3865 parum
2268 3796 2371 3851 sibi
2402 3799 2799 3853 conductorum
2831 3803 3077 3871 putabat,
3109 3806 3154 3859 si
3187 3806 3349 3862 ambo
3377 3823 3472 3864 sua

1901 3899 2067 3953 opera
2097 3885 2478 3956 indiguissent.
2515 3889 2671 3955 Quod
2704 3893 2749 3945 si
2774 3893 2939 3947 etiam
2970 3910 3196 3965 regnum
3230 3898 3374 3955 inter
3412 3918 3472 3956 se

1903 3978 2261 4046 partirentur,
2288 3980 2505 4036 facilius
2523 3992 2813 4053 utrumque
2834 4000 2994 4055 posse
3010 3990 3246 4059 opprimi
3263 4000 3471 4049 statue-

1900 4067 1996 4123 bat
2017 4066 2087 4124 ab
2118 4085 2200 4134 se,
2229 4072 2322 4141 qui
2352 4081 2533 4128 tamen
2564 4076 2747 4131 neutri
2773 4091 2961 4147 reapse
2987 4094 3089 4150 par
3112 4094 3276 4139 esset.
3306 4084 3472 4142 Dein-

1899 4176 2029 4230 ceps
2057 4177 2189 4217 vero
2218 4164 2376 4235 longe
2393 4166 2555 4221 aliam
2583 4178 2803 4225 secutus
2834 4178 2919 4226 est
2946 4174 3296 4241 sententiam,
3326 4187 3469 4234 totus

1898 4248 2196 4319 Mustaphaz
2226 4252 2475 4321 partibus
2515 4254 2788 4312 addictus.
2820 4256 2985 4314 Pater
3020 4272 3207 4317 autem
3242 4264 3470 4322 Joannis

1896 4341 2109 4397 Manuel
2161 4342 2462 4412 imperator
2493 4346 2770 4404 diversum
2824 4350 2993 4407 afllio
3036 4358 3330 4424 sentiebat,
3366 4359 3470 4417 fa:-

1898 4432 2089 4488 derum
2143 4436 2463 4507 religionem
2513 4449 2759 4498 statuens
2800 4445 3109 4502 violandam
3168 4465 3278 4506 non
3324 4467 3466 4510 esse.

206 4522 279 4585 in
316 4520 752 4590 Peloponnesum
783 4519 1080 4587 profectus,
1114 4520 1380 4575 Isthmum
1415 4537 1572 4577 muro
1600 4522 1793 4588 cinxit,
1823 4529 1874 4589 ι)
1898 4523 2042 4579 Vicit
2062 4536 2243 4582 tamen
2264 4528 2429 4592 illius.
2460 4531 2792 4604 decretaque
2827 4548 2960 4594 sunt
2985 4538 3286 4611 Mustapha:
3316 4548 3472 4599 auxi-

218 4620 285 4662 ut
313 4613 564 4680 universa
606 4610 756 4680 regio
805 4619 918 4664 tuta
948 4611 1109 4664 foret.
1161 4611 1331 4667 Erant
1374 4611 1606 4667 Manueli
1659 4613 1791 4678 filii,

200 4677 498 4764 Joannes,
553 4677 922 4764 Andronicus,
954 4699 1318 4773 _Theodorus,
1364 4677 1791 4767 Constantinus,

205 4789 553 4859 Demetrius,
605 4789 864 4844 Thomas.
891 4789 1158 4845 Joannem
1205 4790 1649 4861 primogenitum,
1698 4793 1791 4862 qui

164 4904 168 4906 τ
216 4880 452 4948 reliquis
484 4890 745 4948 pra-stare
784 4880 1092 4948 videbatur,
1125 4883 1181 4936 in
1210 4882 1528 4938 societatem
1579 4884 1791 4951 imperii

215 4972 466 5028 admisit.
513 4972 704 5028 Eidem
736 4989 960 5028 uxorem
987 4989 1054 5029 ex
1084 4974 1239 5031 Italia
1279 4976 1451 5041 dedit,
1483 4974 1794 5031 Montisfer-

217 5064 331 5121 rati
362 5065 625 5135 principis
645 5064 830 5128 ﬁliam,
858 5067 1041 5122 indole
1067 5068 1286 5136 quidem
1308 5068 1569 5138 praeclara
1599 5068 1796 5137 praedi-

217 5166 360 5219 tam,
388 5154 481 5209 sed
514 5154 764 5209 illiberali
794 5154 966 5209 forma
1000 5174 1013 5209 :
1043 5170 1205 5225 quam
1235 5156 1307 5211 ob
1335 5171 1556 5211 cauum
1586 5158 1675 5212 illa
1699 5172 1794 5227 pa-

215 5263 345 5304 tum
389 5248 439 5302 ei
468 5248 623 5303 cordi
653 5257 803 5311 erat,
834 5262 936 5302 nec
965 5247 1333 5313 cohabitanti,‘
1360 5264 1463 5305 nec
1512 5251 1794 5306 matrimo-

168 5324 303 5397 ἰιἰί
360 5340 535 5411 legem
575 5343 837 5399 servanti.
889 5342 965 5399 Ea
1017 5358 1152 5400 vero
1204 5359 1264 5399 se
1312 5344 1517 5417 marito
1561 5344 1792 5402 invisam

214 5434 889 5501 animadvertens,~navim
916 5439 1258 5503 conscendit,
1286 5446 1345 5494 et
1363 5438 1428 5494 ad
1457 5441 1794 5511 propinquos

212 5540 354 5583 suos
378 5538 437 5579 δε
469 5526 695 5595 ret-epit.
722 5526 1068 5584 Andronicus
1087 5528 1446 5598 elephantiasi
1477 5525 1793 5603 corruptus:

213 5615 457 5670 non-diu
496 5617 645 5672 vixit.
686 5617 1014 5674 Theodorus
1064 5637 1094 5673 a
1144 5629 1300 5690 patre
1353 5624 1553 5679 missus
1600 5635 1684 5680 est
1724 5626 1791 5680 ad

213 5707 571 5763 Theodorum
604 5706 1029 5779 purpurigenam
1060 5720 1341 5779 patruum,
1376 5723 1435 5767 ut
1470 5715 1732 5769 educatus
1761 5733 1790 5770 a

214 5810 442 5868 patruo,
470 5798 648 5852 eidem
676 5799 728 5852 in
745 5798 1101 5868 Peloponnesi
1124 5799 1434 5872 principatu
1450 5805 1786 5861 succederet.

495 5926 500 5930 -
547 5895 821 5953 PA'rttOL.
853 5894 968 5955 Gtt.
1004 5894 1261 5958 CLVIII.

1895 4615 1991 4669 lia.
2019 4616 2139 4672 Mox
2158 4618 2380 4675 obsessa
2402 4621 2719 4694 Calliupolis
2743 4636 2799 4681 et
2826 4641 3156 4700 expugnata,
3190 4651 3351 4703 quam
3374 4638 3469 4693 ubi

1895 4707 2068 4764 Graeci
2126 4722 2459 4781 repeterent,
2505 4715 2819 4787 Mustaphas
2869 4720 3076 4789 dicere,
3125 4724 3322 4783 Tur‘cis
3363 4731 3472 4783 hoc.

1896 4802 2167 4869 ingratum
2224 4802 2361 4870 fore,
2412 4819 2581 4872 regno
2626 4807 2861 4862 necdum
2914 4820 3072 4879 parto
3139 4817 3469 4888 :simulque

1894 4907 2121 4964 rogare,
2185 4902 2395 4949 tantum
2432 4896 2824 4967 aliquantisper
2863 4911 3262 4971 exspectarent.
3306 4907 3469 4964 Dein-

1896 4997 2024 5053 ceps
2056 4984 2439 5054 Adrianopolis
2472 4999 2756 5057 occupata.
2790 4989 3006 5047 Turcici
3038 4999 3186 5066 regni
3219 4999 3375 5055 sedes
3413 5002 3466 5056 in

1895 5074 2111 5144 Europa
2156 5092 2308 5145 :quo
2339 5076 2505 5139 facto,
2544 5081 2747 5148 passim
2789 5081 2855 5135 ad
2886 5098 3013 5139 eum
3054 5088 3227 5156 copia!
3257 5090 3467 5147 Tureo-

1896 5182 2039 5231 rum,
2090 5182 2187 5223 ceu
2233 5168 2469 5237 Bajazeti
2510 5171 2704 5238 lilium,
2759 5174 3095 5235 defecerunt.
3128 5181 3366 5238 Redacta
3408 5188 3464 5242 in

1895 5267 2220 5325 potestatem
2260 5260 2497 5330 Europa,
2527 5276 2650 5315 cum
2678 5263 2932 5333 Azapidis
2963 5268 3266 5327 Tureorum
3312 5278 3466 5344 pedi-

1897 5347 2064 5413 tibus,
2097 5348 2329 5419 aliisque
2356 5351 2529 5421 copiis
2558 5352 2858 5424 Europeais,
2883 5368 2937 5413 et
2963 5359 3193 5419 Zunaite
3218 5362 3466 5437 Smyrna:

1894 5438 2142 5510 principe
2173 5440 2227 5495 in
2259 5442 2444 5497 Asiam
2477 5445 2713 5515 trajecit,
2747 5457 2803 5502 ut
2828 5464 2891 5504 ea
2919 5467 3139 5523 quoque
3172 5456 3462 5527 po:iretur.

1894 5532 2068 5587 Simul
2098 5533 2166 5588 ad
2196 5532 2414 5591 Grzecos
2438 5536 2634 5608 legatis
2670 5542 2851 5597 missis
2891 5546 3067 5612 petiit,
3097 5562 3166 5604 ne
3207 5552 3339 5618 quid
3367 5554 3464 5608 a'b-

1894 5634 2048 5679 sente
2071 5627 2470 5683 seinnovarent
2507 5648 2520 5682 :
2551 5646 2609 5684 se
2639 5633 2901 5699 Aumrate
2922 5637 3089 5704 victo,
3118 5639 3462 5712 Calliupolim

1896 5716 2258 5771 redditurum.
2308 5717 2457 5773 Misit
2500 5732 2554 5775 et
2592 5738 2722 5778 suos
2755 5725 3062 5794 Amuratcs,
3097 5732 3189 5801 qui
3238 5735 3463 5803 amplis-

1895 5806 2029 5861 sima
2075 5824 2303 5880 qua'quc
2347 5810 2793 5898 pollicerenturh
2821 5818 2867 5874 si
2901 5834 3027 5873 suas
3074 5831 3259 5890 partes
3305 5826 3462 5899 sequi
