4198 6444
694 371 798 428 6ἲ3

1704 379 2123 437 31ῐηὶιῖλῖῗὶᾸὸ
2169 380 2430 439 GLYCJE
2468 386 2874 447 ;\.\’N.\l.lU.\l

3854 390 3967 457 cu

694 483 913 533 \t‘!it'lli.
948 482 1082 533 Cum
1111 494 1288 536 autem
1315 485 1366 536 lil
1399 486 1640 538 amicitia
1680 488 1765 540 Ml!
1806 490 1979 556 tapltm
2018 491 2273 557 pf‘t‘sislc-
2303 494 2348 550 Α
2378 496 2711 549 condentum
2749 499 2961 557 (licens,
2988 496 3079 563 qui
3109 512 3302 550 “mnes
3334 512 3390 550 sp
3422 497 3648 549 “omnm
3684 495 3969 563 ιιι-ηεξρίςρί

697 586 836 631 rent.
872 576 1178 643 inl'vc'aque
1208 594 1264 629 re
1300 578 1505 645 legatus
1539 580 1814 632 Atnttratis
1841 585 1905 631 ab
1939 598 1992 633 se
2030 581 2299 631 dimittor

697 680 839 728 rint,
910 668 961 717 iu
1010 677 1183 718 (astra
1235 668 1309 720 illi
1360 670 1587 724 reversi.
1665 685 1937 721 rumorem
1988 669 2269 730 «lidebant,

694 756 911 808 Gzrcos
964 754 1028 807 ad
1074 755 1384 808 Amuratem
1435 758 1712 811 traductos
1758 774 1878 810 esse
1930 776 1940 807 :
1996 757 2271 824 sEmulque

701 850 993 915 tiustaplae
1024 850 1288 902 militibus
1316 858 1556 903 extrema
1584 865 1816 917 qua-que
1850 850 2269 911 minitabantur,

699 951 953 1007 tanquam
978 944 1029 991 in
1060 942 1184 993 Asia
1209 940 1365 1008 plane
1400 941 1682 1004 perituris,
1708 941 1886 993 reditu
1922 943 1971 991 in
1998 940 2269 1008 Europam

700 1033 1019 1083 is.lt‘r:'luso.
1082 1030 1205 1110 llme
1263 1031 1407 1085 fama
1452 1047 1575 1085 cum
1623 1033 1677 1085 iu
1719 1032 1913 1085 castris
1963 1032 2273 1099 Mustapltte

702 1123 943 1184 volaret,
1001 1138 1064 1176 ac
1114 1124 1347 1177 necdum
1398 1125 1599 1193 legati,
1650 1139 1788 1192 quos
1839 1125 1953 1192 ipse
2012 1116 2271 1184 miserat,

702 1228 903 1283 praesto
933 1225 1115 1268 essent
1152 1231 1165 1266 :
1194 1225 1391 1269 nutare
1420 1215 1725 1268 Turcorttm
1751 1216 1915 1268 animi
1952 1224 2235 1282 cmperunt
2255 1253 2270 1277 ,

699 1306 994 1374 statimque
1018 1306 1279 1359 Zunaites
1301 1307 1365 1358 ad
1387 1320 1669 1375 paternam
1696 1307 1962 1361 ditionem
1996 1306 2237 1375 profugit
2254 1344 2270 1368 ,

702 1400 913 1450 ueteris
951 1414 1167 1467 quoque
1207 1399 1443 1453 ducibus
1468 1410 1521 1452 et
1554 1398 1729 1466 eopiis
1760 1396 2151 1452 dilabentibus.
2195 1396 2274 1448 Eo

703 1490 863 1548 facta.
906 1491 1226 1557 Mustapbas
1264 1491 1330 1544 ad
1364 1507 1511 1544 mare
1555 1491 1813 1559 profugit,
1864 1501 1923 1544 ut
1967 1490 2130 1544 saluti
2164 1504 2277 1544 sua:

702 1583 1036 1643 ca-nsn'eret,
1068 1581 1215 1633 ac'in
1252 1581 1526 1648 Europam
1573 1596 1629 1634 sc
1666 1579 1920 1634 contulit.

775 1672 910 1725 Cum
937 1673 1052 1725 ba'c
1077 1674 1129 1726 in
1151 1674 1275 1727 Asia
1298 1684 1639 1742 gererentur,
1664 1676 1962 1741 imperator
1981 1671 2278 1742 Byzantius

708 1767 759 1816 in
794 1765 1169 1831 Peloponneso
1196 1765 1478 1818 mulierem
1514 1764 1829 1832 quandam,
1876 1763 2178 1819 sacerdotis
2217 1763 2279 1816 fi-

2374 588 2623 657 jubeant.
2657 588 2841 656 itaque
2872 588 3110 656 sumptis
3132 602 3317 641 secum
3350 588 3626 655 Byzantiis
3653 588 3969 639 sacerdoti-

2381 682 2505 743 bus,
2564 691 2617 733 ct
2669 680 2983 734 Graecorum
3037 681 3461 748 sapientissimis
3510 680 3969 746 ductiSsiutisque

2379 772 2533 832 viris,
2571 771 2625 825 in
2661 773 2866 824 Italiam
2901 772 3212 839 navigabat.

2448 862 2584 917 Cum
2615 864 2868 915 Venetias
2897 863 3217 929 appulisset,
3244 862 3369 915 inde
3396 847 3704 915 Ferrariam
3733 869 3971 912 conten-

2383 953 2483 1013 dit,
2535 954 2628 1005 ubi
2684 953 2881 1021 degere
2917 953 3236 1020 pontificem
3274 952 3581 1019 Eugenium
3641 957 3961 1017 acceperat.

2381 1044 2461 1099 Ad
2490 1060 2614 1098 eum
2653 1046 2745 1098 ubi
2779 1045 3037 1103 venisSt-t,
3076 1044 3333 1110 precibus
3356 1042 3706 1111 fatigabatur,
3742 1052 3801 1093 ut
3825 1056 3968 1107 pon-

2383 1137 2581 1190 tificem
2614 1138 2831 1207 juvaret
2861 1137 2911 1188 in
2946 1136 3304 1189 contentione
3348 1149 3469 1202 qua-
3521 1147 3644 1185 cum
3672 1130 3969 1184 Germanis

2384 1227 2675 1281 inciderat.
2704 1226 2844 1280 lliuc
2881 1227 3219 1280 Florentiam
3258 1224 3493 1294 profecti
3530 1234 3681 1284 sunt,
3704 1237 3816 1292 quo
3838 1238 3966 1275 cum

2381 1318 2554 1373 Grasci
2586 1320 2889 1375 venissent.
2946 1317 3116 1370 multa
3151 1318 3244 1370 ditt
3276 1332 3437 1385 egere
3502 1331 3625 1370 cum
3683 1313 3967 1381 pontiﬁce,

2387 1421 2446 1463 ut
2476 1410 2761 1478 religionis
2781 1410 3017 1463 diversze
3050 1409 3334 1477 negotium
3366 1406 3601 1460 feliciter
3626 1406 3964 1474 transigere-

2386 1512 2496 1556 tur.
2530 1502 2589 1555 ld
2621 1501 2713 1554 ubi
2749 1500 3049 1555 deductum
3074 1500 3141 1551 ad
3183 1500 3392 1551 exitum
3448 1498 3671 1561 fuisset,
3745 1497 3968 1562 scriptis

2385 1604 2444 1648 et
2471 1592 2942 1647 obtestationibus
3000 1590 3174 1643 sacris
3203 1599 3525 1651 sanxerunt,
3573 1602 3633 1642 se
3698 1586 3966 1654 deinceps

2387 1683 2676 1736 unanimes
2716 1682 2770 1735 in
2798 1680 2990 1735 eadem
3044 1680 3311 1747 religione
3346 1680 3583 1733 futuros.
3620 1677 3742 1743 Quo
3796 1676 3965 1736 facto,

2388 1775 2634 1843 pontifex
2658 1774 2841 1842 allegit
2873 1774 2925 1825 iu
2987 1772 3355 1826 cardinalium
3421 1770 3674 1824 ordinem
3710 1769 3852 1821 duos
3898 1781 3967 1821 ex

708 1858 858 1915 l3a.u,
906 1857 1085 1909 aiieno
1124 1870 1348 1923 prorsus
1395 1867 1635 1923 tempore
1667 1856 1974 1923 deperibat,
2004 1856 2282 1926 negligens

2388 1868 2589 1924 Gnecis
2609 1869 2759 1921 viros
2797 1867 3195 1930 nobilissimos,
3217 1881 3426 1935 eosque
3455 1865 3561 1918 sibi
3594 1864 3969 1919 familiaritate

708 1948 928 1998 interim
960 1948 1272 2015 pranrlaram
1314 1948 1661 1999 occasionem
1690 1944 2017 1999 excludendi
2052 1944 2284 1998 Amura-

710 2038 775 2091 Iis
815 2055 844 2091 a
894 2039 1120 2106 trajectu
1157 2039 1208 2091 in
1242 2037 1533 2103 Europam.
1578 2036 1625 2091 Is
1670 2037 1758 2090 uli
1810 2039 1943 2093 suis.
1973 2051 2140 2106 opera
2178 2034 2284 2090 Ge—

710 2132 937 2183 tiu-.‘ttsis
996 2130 1276 2199 ρει]ι.8τ1εὶειὶ
1331 2130 1569 2183 nauleri
1626 2129 1882 2195 trajectis,
1939 2128 2279 2197 Mustapham

709 2225 975 2275 acerrime
1039 2231 1359 2290 persecutus
1403 2222 1639 2289 cepissm
1696 2236 1758 2274 ac
1820 2222 2218 2290 strangulasset
2269 2238 2281 2274 :

709 2317 913 2368 tlrmeis
949 2315 1214 2379 infensus,
1258 2313 1789 2382 Constantinopolim
1824 2315 2060 2379 obsedit,
2106 2330 2284 2382 quatt-

711 2423 871 2473 quam
894 2406 1050 2458 irrito
1087 2414 1309 2463 conatu,
1344 2414 1451 2456 tam
1491 2404 1705 2457 fortiter
1739 2403 1844 2455 illis
1869 2402 2282 2467 resistentibus,

714 2507 767 2544 ιιι
824 2496 1165 2549 obsidionem
1218 2495 1428 2548 solvere
1460 2508 1770 2563 cogeretur.
1810 2494 1948 2546 Cum
1995 2506 2177 2547 autem
2218 2506 2287 2545 ne

715 2602 827 2641 tum
862 2590 1083 2658 quidem
1117 2587 1321 2642 Graecis
1371 2603 1557 2655 pact-in
1594 2587 1898 2641 concedere
1946 2587 2140 2648 vellet,
2174 2584 2287 2637 lliu-

713 2683 961 2749 stapltam
995 2681 1095 2744 illi,
1133 2680 1396 2735 tredecim
1422 2695 1596 2733 annos
1629 2690 1836 2741 natum,
1876 2658 2150 2732 Arnuratis
2181 2676 2290 2730 fra-

715 2787 853 2827 trum
886 2783 1190 2831 arcessunt.
1222 2774 1383 2841 eique
1417 2787 1474 2825 se
1505 2787 1731 2840 regnum
1763 2771 2151 2823 conciliaturos
2174 2768 2289 2838 pol-

716 2868 975 2929 licentnr,
1005 2873 1064 2917 ut
1101 2864 1347 2917 Atuurati
1381 2863 1655 2931 negotium
1697 2862 2047 2915 faces~erent.
2089 2861 2287 2914 Verum

716 2961 761 3011 is
796 2973 1013 3028 quoque
1059 2956 1329 3010 deductus
1359 2969 1386 3007 a
1432 2955 1635 3010 Graecis
1667 2955 1717 3006 in
1747 2954 1955 3015 Asiam,
1988 2967 2017 3004 a
2050 2950 2289 3004 nutricio

717 3067 837 3110 sua,
874 3050 959 3102 cui
1004 3064 1032 3101 a
1066 3059 1220 3117 patre
1259 3047 1600 3115 Macltometo
1625 3044 1947 3099 educandus
1978 3044 2155 3097 fuerat
2181 3052 2291 3096 tra-

716 3146 886 3209 ditus,
917 3146 1161 3196 Amurati
1196 3140 1445 3211 proditus
1484 3139 1829 3193 interﬁcitur.

788 3236 1102 3287 Secundum
1157 3233 1272 3287 bate
1341 3232 1523 3285 missis
1587 3244 1777 3284 rursus
1849 3230 1914 3283 ad
1978 3231 2291 3283 Amuratem

718 3328 932 3395 legatis,
971 3325 1271 3394 praesertim
1299 3325 1431 3376 viris
1455 3323 1782 3386 illustribus,
1817 3321 2017 3375 Notara
2042 3331 2096 3374 et
2125 3319 2292 3374 Caro—

721 3425 863 3481 iuca.
921 3417 1139 3472 tandem
1179 3417 1349 3471 Graeci
1402 3431 1588 3484 pacem
1646 3416 2033 3483 impetrarunt.
2069 3412 2143 3465 Ea
2192 3414 2293 3466 dn-

721 3524 896 3579 rriute,
922 3513 1243 3566 Genuenses
1280 3523 1309 3562 a
1352 3508 1592 3562 Joannes
1622 3507 1888 3560 Mauuelis
1918 3505 2031 3559 filio
2070 3505 2291 3569 irritati,

723 3608 925 3660 bellum
957 3601 1438 3670 Constantinopoli
1458 3600 1728 3664 fecerunt,
1753 3614 1984 3667 eamque
2010 3596 2295 3652 obsidione

720 3702 957 3754 cinctam
1004 3704 1392 3767 oppugnarunt
1424 3712 1436 3747 :
1489 3708 1649 3762 quam
1681 3692 1770 3746 ubi
1797 3706 1995 3760 capere
2028 3706 2137 3744 non
2167 3704 2295 3759 pos-

721 3802 863 3853 ιιιιιιι,
894 3790 1085 3845 Galata
1115 3792 1257 3856 (qua
1275 3784 1651 3840 Genuensium
1688 3785 1821 3837 urbs
1842 3791 1983 3847 erat,
2016 3796 2046 3836 e
2076 3782 2298 3851 regione

726 3882 989 3953 Byzantii,
1032 3880 1181 3932 Pera:
1216 3890 1435 3946 quoque
1470 3889 1669 3929 nomen
1701 3874 1931 3943 habens)
1966 3873 2202 3937 munita,
2239 3874 2298 3928 in

726 3980 937 4033 italiam
976 3976 1281 4028 redierunt.
1320 3970 1691 4026 Nihilominus
1726 3970 1869 4023 inter
1896 3967 2213 4023 Galatenscs
2245 3975 2300 4021 et

729 4068 1016 4139 Byzantios
1054 4066 1254 4120 bellutu
1301 4064 1616 4139 gerebatur,
1653 4061 1829 4115 donec
1866 4061 2080 4114 tandem
2113 4057 2301 4112 multis

725 4135 1114 4215 Genuensibus
1162 4171 1192 4210 a
1238 4154 1449 4208 Joanne
1496 4135 1766 4208 Leontare
1805 4151 1945 4205 duce
1991 4162 2185 4220 captis,
2242 4150 2300 4204 in

726 4253 1077 4312 concordiam
1109 4249 1345 4304 reditum
1379 4247 1499 4300 fuit.

798 4353 874 4404 Eo
905 4347 1051 4401 bello
1071 4340 1506 4403 linito,Joannes
1537 4337 1806 4393 .‘llanuelis
1836 4335 2205 4406 filiuslcgatos
2231 4334 2298 4389 ad

726 4440 1032 4511 Eugenium
1084 4438 1392 4492 Romanum
1440 4431 1753 4500 pontiﬁcem
1805 4428 1990 4492 mittit,
2033 4429 2301 4497 petituros

2382 1962 2568 2032 juuxit
2606 1981 2617 2015 :
2650 1960 3032 2015 Bessarionem
3061 1958 3498 2027 Trapezuntium
3528 1957 3746 2015 Nicaea.
3783 1971 3849 2010 ac
3871 1956 3971 2009 lsi-

2386 2055 2584 2110 dorum
2608 2054 2890 2109 Sarmatiae
2914 2053 3028 2106 sive
3050 2051 3263 2105 Russiae
3282 2050 3574 2105 antistites.
3598 2049 3805 2103 llorum
3822 2048 3968 2103 enim

2386 2161 2551 2217 opera
2570 2145 2863 2214 plurimum
2885 2144 3104 2213 adjutus
3136 2142 3321 2196 eratin
3348 2141 3639 2196 concordia
3668 2155 3797 2194 cum
3819 2139 3966 2194 Gm—

2387 2240 2467 2292 cis
2493 2238 2748 2292 ineunda.
2773 2237 3019 2291 Bessario
3044 2245 3194 2289 tanta
3228 2236 3490 2306 pra‘ditns
3519 2244 3638 2288 erat
3665 2233 3870 2302 ingenii
3892 2232 3970 2293 vi,

2392 2341 2453 2385 ut
2486 2329 2802 2385 Graecorum
2842 2328 3323 2398 praestantissimos
3355 2344 3463 2382 non
3509 2337 3753 2396 mquaret
3788 2324 3970 2385 modo,

2393 2422 2487 2479 sed
2511 2425 2675 2477 etiam
2708 2432 3012 2492 superaret.
3042 2420 3257 2475 Judicio
3282 2421 3523 2490 qualibet
3553 2420 3608 2473 in
3641 2435 3701 2474 re
3740 2420 3970 2471 multum

2394 2514 2630 2568 valebat.
2664 2513 2981 2567 Grrecarum
3018 2512 3449 2579 Latinarumque
3477 2511 3787 2565 litterarum
3820 2518 3969 2561 tanta

2392 2607 2658 2663 excelluit
2689 2606 2909 2676 peritia,
2942 2616 3002 2658 ut
3041 2603 3377 2659 eruditionis
3401 2602 3638 2671 palmam
3674 2600 3823 2653 inter
3854 2613 3972 2650 om-

2392 2716 2490 2755 nes
2526 2700 2683 2753 facile
2704 2704 2947 2768 caperet.
2983 2697 3263 2760 Nicolaus,
3288 2696 3381 2764 qui
3413 2692 3659 2763 Eugenio
3684 2690 3971 2753 successit,

2393 2794 2615 2847 maximi
2646 2792 2823 2845 virutn
2852 2790 3006 2853 fecit,
3075 2801 3133 2844 et
3186 2786 3542 2856 singulariter
3576 2784 3773 2839 coluit.
3832 2781 3972 2847 Qua-

2393 2893 2617 2954 propter
2644 2882 2902 2935 Bouonia:
2948 2882 3015 2934 ab
3038 2894 3103 2933 eo
3136 2878 3428 2948 praefectus
3457 2887 3566 2942 est,
3594 2888 3656 2929 ut
3686 2888 3809 2927 eam
3834 2888 3970 2942 pon-

2395 2975 2564 3029 tificio
2596 2975 2820 3028 nomine
2848 2972 3208 3041 gubernaret.
3248 2969 3387 3024 Cum
3422 2979 3605 3024 autem
3637 2966 3774 3020 urbs
3801 2980 3865 3018 ea
3887 2978 3970 3016 se-

2393 3065 2697 3119 ditionibus
2748 3064 2917 3117 variis
2982 3062 3324 3132 agitaretur,
3404 3059 3647 3114 divinam
3726 3054 3974 3108 Bessario

2397 3158 2745 3228 prudentiam
2776 3156 3150 3224 virtutemque
3185 3168 3341 3208 suam
3398 3152 3450 3205 in
3490 3149 3823 3205 tumultibus
3869 3144 3971 3201 illis

2396 3245 2812 3300 demonstravit.
2859 3244 3131 3298 lsidorum
3161 3259 3273 3295 non
3315 3242 3497 3295 mintts
3526 3240 3860 3308 sapientem,
3916 3244 3971 3289 et

2394 3348 2667 3391 amantem
2712 3336 2924 3406 patriae,
3014 3335 3278 3388 nimirum
3338 3332 3608 3402 Byzantii,
3663 3341 3887 3398 captum
3943 3342 3972 3379 a

2394 3424 2589 3479 Turcis
2633 3439 2754 3478 esse
2797 3432 3013 3477 constat
3034 3422 3322 3491 deinceps,
3354 3420 3703 3487 Macbonteto
3729 3416 3970 3471 secundo

2396 3515 2590 3569 urbem
2616 3522 2982 3584 expugnante,
3030 3528 3129 3583 pro
3162 3514 3322 3581 cujus
3350 3512 3530 3565 salute
3584 3518 3701 3563 tum
3757 3508 3973 3561 fortiter

2399 3607 2647 3660 Isidorus
2681 3605 3059 3675 prmliabatur.
3090 3603 3375 3674 Eugenids
3425 3604 3573 3656 hunc
3601 3602 3803 3664 virum,
3840 3612 3965 3653 cum

2395 3702 2515 3773 eius
2545 3699 2848 3754 auctoritas
2893 3697 3039 3767 apud
3078 3696 3299 3751 Graecos
3359 3695 3660 3749 haberetur
3708 3693 3967 3755 maxima,

2389 3790 2760 3850 'cardiualiutn
2786 3792 2841 3844 in
2865 3803 3159 3844 numerum
3194 3788 3387 3843 retulit
3423 3805 3438 3841 :
3478 3788 3624 3857 quod
3658 3801 3786 3841 eum
3807 3793 3970 3854 puta-

2398 3896 2485 3941 ret
2518 3887 2684 3940 rebus
2706 3883 2823 3939 suis
2848 3882 3148 3952 plurimum
3179 3880 3234 3935 in
3262 3879 3563 3935 concordia
3592 3893 3719 3931 cum
3761 3875 3967 3931 Grecis

2400 3975 2785 4032 constituenda
2817 3972 3322 4035 commodaturum,
3369 3970 3451 4025 uti
3487 3985 3621 4024 sane
3650 3969 3874 4023 accidit.

2471 4068 2608 4122 Cum
2638 4074 2819 4120 autem
2853 4062 3077 4119 Graecus
3108 4065 3410 4131 imperator
3436 4060 3758 4131 pncsidium
3784 4062 3853 4113 ad
3885 4075 3971 4113 re-

2401 4162 2686 4214 tinendum
2735 4155 3058 4226 Byzantium
3106 4170 3136 4207 a
3190 4152 3449 4224 pontifice
3506 4161 3733 4222 peteret.
3782 4152 3854 4205 ita
3886 4164 3973 4204 re-

2398 4247 2622 4317 spondit
2655 4246 2765 4310 ille,
2798 4253 2860 4297 ut
2889 4242 3261 4312 polliceretur,
3293 4242 3347 4295 in
3373 4249 3653 4310 posterum
3685 4239 3790 4293 sibi
3815 4238 3969 4292 Gne-

2402 4353 2595 4395 corum
2642 4336 2936 4406 imperium
2963 4349 3111 4390 curat
3135 4334 3277 4399 fore,
3310 4348 3491 4403 neque
3538 4342 3879 4387 cessaturum
3914 4343 3972 4382 se

2402 4431 2612 4485 diceret
2672 4428 2727 4482 in
2760 4426 3054 4483 Germanis
3104 4425 3449 4494 Ungarisque
3484 4423 3849 4479 concitandis.
3910 4429 3971 4472 nt

728 4545 790 4587 ιιι
812 4528 1107 4586 concilium
1136 4524 1495 4587 indiceretur,
1518 4538 1628 4591 quo
1648 4522 1963 4576 Graecorum
1991 4529 2046 4573 et
2076 4518 2295 4574 Latino-
2333 4538 2374 4594 υ
2402 4539 2550 4577 arma
2575 4531 2768 4576 contra
2802 4520 3015 4574 Turcos
3051 4533 3117 4573 ex
3161 4533 3264 4573 usu
3321 4517 3639 4572 Grecorum
3692 4521 3972 4581 caperent.

727 4639 851 4678 rum
915 4617 1308 4675 controversiae
1358 4623 1845 4683 componerentur.
1887 4611 2158 4667 Tentabat
2198 4611 2303 4664 hoc

729 4714 895 4769 modo
923 4712 1136 4766 animos
1154 4706 1614 4767 Occidentalium,
1644 4720 1713 4759 an
1743 4704 1977 4758 redituri
2011 4718 2133 4757 cum
2158 4701 2305 4757 Grae—

728 4814 809 4864 cis
837 4808 891 4861 in
913 4802 1265 4859 concordiam
1294 4798 1629 4853 viderentur.
1648 4796 1713 4851 lli
1736 4797 1896 4866 legati
1916 4795 1979 4848 ad
2004 4794 2305 4849 Germanos

730 4898 960 4969 profecti
1001 4902 1151 4959 sunt,
1184 4892 1276 4961 qui
1309 4891 1534 4945 Basilete
1570 4888 1902 4959 congregati,
1926 4888 2112 4941 contra
2135 4887 2307 4956 Euge-

728 4992 879 5045 nium
912 4986 1205 5042 concilium
1228 4982 1597 5044 celebrabant,
1628 4996 1803 5048 eoque
1828 4980 2051 5050 reiecto,
2073 4976 2302 5031 Felicem

730 5080 1022 5137 Sabaudize
1049 5078 1267 5139 ducem,
1297 5077 1473 5129 virum
1504 5083 1760 5143 spectata:
1788 5072 2098 5143 probitatis,
2124 5070 2307 5140 ponti-

730 5174 891 5229 ficem
918 5170 1213 5224 niaximum
1243 5173 1583 5222 creaverant.
1606 5163 1766 5235 357
1789 5164 1955 5232 Igitur
1981 5163 2143 5215 atubo
2168 5177 2305 5229 pon-

733 5265 912 5319 tilices
967 5258 1255 5316 instructis
1305 5256 1643 5319 triremibus,
1693 5255 1955 5310 Joannem
1994 5254 2308 5324 Byzantium

733 5360 947 5425 impera
973 5368 1127 5409 orem
1154 5349 1524 5406 arcessebant.
1549 5350 1681 5404 Nam
1713 5357 1942 5417 uterque
1976 5349 2078 5402 sub
2099 5360 2154 5400 se
2178 5362 2309 5401 cou-

734 5451 923 5504 eilium
959 5444 1249 5507 celebrari,
1287 5454 1342 5498 et
1391 5443 1669 5513 religionis
1699 5440 2150 5511 controversiam,
2192 5453 2313 5507 qua:

734 5559 861 5597 cum
916 5540 1119 5596 Grazcis
1161 5538 1555 5599 intercedebat,
1611 5536 1754 5590 finiri
1803 5534 2038 5589 volebat.
2073 5534 2208 5589 Cum
2246 5533 2311 5587 ab

737 5646 971 5707 unoqup
1002 5635 1255 5686 triremes
1287 5630 1435 5683 ades:
1450 5639 1563 5687 ent.
1593 5629 1885 5698 imperator
1918 5627 2165 5698 benignis
2193 5644 2315 5682 vcr~

737 5729 821 5782 bis
853 5726 1073 5780 concilii
1118 5724 1427 5777 Itas‘licnsis
1453 5722 1777 5791 legationem
1814 5720 2158 5775 dimittebat:
2190 5736 2312 5775 cum

742 5820 1023 5887 Romanis,
1063 5818 1302 5881 Venetis,
1351 5815 1611 5885 italiaque
1662 5814 1867 5882 reliqua
1925 5828 1981 5868 se
2024 5816 2134 5885 jam
2172 5823 2314 5889 ante

2407 4612 2504 4667 llis
2530 4614 2691 4675 actis,
2738 4610 3039 4679 imperator
3111 4605 3437 4676 Byzantium
3512 4603 3828 4657 revertitur.
3868 4599 3975 4651 Rc-

2404 4704 2639 4759 deuntes
2670 4711 2855 4754 autem
2918 4699 3143 4753 domum
3184 4696 3384 4760 Graeci,
3439 4710 3548 4748 non
3610 4692 3845 4760 amplius
3912 4692 3976 4741 iis

2413 4812 2535 4868 qme
2573 4796 2628 4850 in
2661 4794 2815 4849 ltalia
2844 4801 3002 4864 pacta
3060 4798 3443 4857 conventaque
3495 4788 3661 4840 fuisse
3713 4784 3975 4845 diximus,

2406 4900 2550 4945 stare
2579 4887 2898 4941 voluerunt.
2930 4883 3279 4953 Quapropter
3320 4888 3504 4933 motus
3536 4878 3814 4931 Romanus
3840 4891 3973 4943 pou-

2407 4986 2559 5049 tifex,
2593 4983 2787 5036 doctos
2818 4979 3086 5049 quosdam
3134 4977 3287 5030 viros
3319 4973 3644 5044 Byzantium
3706 4971 3877 5033 misit,
3917 4980 3974 5020 ut

2407 5094 2529 5131 cum
2566 5074 2769 5129 Graecis
2798 5074 2851 5126 iu
2876 5069 3215 5139 colloquium
3241 5068 3499 5121 venirent
3530 5083 3541 5117 :
3572 5065 3667 5135 qui
3704 5063 3972 5132 synodum

2410 5170 2463 5224 iu
2492 5168 2642 5222 Italia
2672 5176 2941 5227 coactam,
3004 5166 3237 5233 ejusque
3293 5161 3517 5215 decreta
3574 5174 3683 5211 non
3722 5156 3975 5209 admitte-

2410 5262 2560 5314 bant.
2597 5259 2810 5312 Marcus
2844 5257 2989 5310 enim
3020 5256 3250 5308 antistes
3287 5251 3513 5322 Ephesi.
3562 5261 3615 5303 et
3663 5247 3975 5301 Scholarius

2410 5351 2721 5404 Gnecorum
2748 5348 3122 5413 doctissimus,
3185 5358 3245 5399 ut
3274 5354 3457 5407 antea,
3510 5343 3589 5397 sic
3612 5356 3681 5393 ne
3711 5349 3823 5393 tum
3851 5337 3980 5406 qui-

2415 5449 2538 5501 dem
2560 5443 2769 5499 Latinis
2794 5442 3050 5497 assentiri
3082 5441 3364 5496 volcbaut.
3421 5438 3521 5493 Ubi
3552 5436 3619 5491 ad
3641 5434 3973 5503 colloquium

2388 5548 2471 5593 'et
2502 5537 2931 5606 disputationem
2963 5542 3188 5587 ventum
3220 5541 3368 5587 esset
3442 5530 3579 5583 nihil
3626 5526 3840 5581 efﬁcere
3870 5526 3976 5577 lto-

2418 5630 2561 5686 tnaui
2612 5636 2942 5697 potuerunt,
2994 5625 3087 5679 sed
3143 5625 3345 5678 infecta
3407 5637 3465 5675 re
3497 5622 3717 5674 domum
3776 5615 3978 5671 reversi

2420 5732 2569 5777 sunt.
2600 5719 2712 5775 Hac
2746 5736 2804 5774 re
2840 5728 3021 5772 motus
3049 5717 3320 5787 pontifex,
3374 5714 3577 5769 auxilia
3606 5713 3809 5767 Grecis
3856 5723 3979 5777 pro-

2420 5816 2584 5870 missa
2610 5828 2720 5869 non
2748 5811 2895 5869 misit
2927 5826 3101 5882 :quos
3131 5820 3185 5868 ct
3211 5810 3358 5881 ipsos
3391 5823 3419 5863 a
3446 5808 3704 5879 pontiﬁce
3732 5814 3966 5865 aversos,
