4198 6444
247 401 351 462 645

1592 420 2132 478 CONTINUATIH.

3376 418 3478 478 646

246 514 555 567 concordia:
585 530 708 568 cum
739 519 832 572 illo
879 520 1025 576 initae
1062 524 1385 592 poenitebat.
1445 527 1812 590 Quamobrem
1850 544 1887 592 Α
1925 533 1987 582 ευΙ
2051 532 2317 582 arcendos
2376 548 2402 584 ιι
2467 531 2839 598 Peloponneso
2909 531 3117 583 Turcos
3165 538 3477 582 exstructus

247 600 428 656 missis
458 606 522 657 ad
574 608 889 663 Amuratem
948 612 1162 682 legatis,
1221 615 1460 671 Joannes
1505 618 1801 684 imperator

245 707 431 758 pacem
463 698 675 761 orabat,
705 709 758 754 et
790 702 1136 770 impetrabat.
1657 711 1660 716 ’

311 784 520 839 Secuta}
549 801 676 842 sunt
713 790 941 847 fratrum
979 795 1314 861 Grmcm‘um,
1348 799 1575 854 Joannis
1609 811 1664 855 et
1709 802 1806 855 De-

241 874 462 937 metrii,
524 875 811 935 discordiae
850 899 863 935 :
896 885 1101 952 quibus
1158 887 1511 952 durantibus,
1567 890 1808 944 Joannes

240 963 566 1018 Demetrium
597 980 748 1035 parte
784 972 1123 1041 principatus
1151 979 1406 1044 spoliavit
1442 999 1454 1034 :
1501 981 1809 1035 Demetrius

235 1053 764 1126 Constantinopolim
799 1078 900 1132 ope
929 1065 1234 1121 Turcorum
1277 1070 1514 1134 obsedit,
1585 1075 1809 1127 inlecta-

236 1161 342 1211 que
369 1163 424 1199 re
456 1147 723 1205 discessit.
757 1155 993 1209 Rursum
1026 1160 1157 1212 inita
1212 1176 1338 1214 cum
1380 1164 1642 1218 Amurate
1674 1181 1808 1218 con-

236 1237 444 1299 cordia,
501 1241 675 1294 nibilo
734 1247 988 1300 cessabat
1050 1251 1231 1305 minus
1281 1253 1579 1321 imperator
1605 1256 1810 1324 agitare

235 1329 462 1404 consilia
491 1345 612 1384 cum
645 1333 888 1401 Eugenio
914 1339 1160 1394 Romano
1193 1343 1473 1410 pontifice,
1500 1361 1564 1399 ac
1598 1347 1811 1400 Panno—

233 1433 363 1470 num
398 1435 523 1489 rege
549 1420 840 1489 Vladislao,
873 1430 966 1496 qui
1003 1446 1175 1498 nuper
1207 1434 1499 1487 admodum
1525 1452 1554 1490 e
1588 1435 1810 1492 Polonia

234 1521 478 1576 vocatus,
509 1513 832 1584 Ungaricum
868 1536 1092 1590 regnum
1129 1536 1507 1593 occupaverat.
1543 1528 1812 1597 Impetra-

232 1599 312 1652 vit
343 1612 525 1657 autem
577 1622 606 1660 a
651 1609 904 1676 pontifice
949 1613 1138 1667 det-em
1191 1616 1466 1680 triremes,
1513 1634 1633 1688 quae
1688 1636 1809 1674 cum

233 1691 349 1744 suis
375 1691 779 1765 Hellespontum
827 1704 1200 1769 custodirent,
1259 1719 1319 1761 ut
1349 1710 1579 1764 Asianas
1628 1715 1814 1782 copias

232 1781 521 1839 Amurates
552 1790 802 1856 trajicere
839 1809 944 1846 non
979 1808 1184 1862 posset.
1242 1799 1444 1854 Verum
1480 1803 1612 1856 vicit
1645 1781 1813 1857 Atnu-

1910 621 2101 673 fuerat.

1980 710 2170 778 Neque
2195 712 2365 764 multo
2404 723 2522 779 post
2561 711 2770 763 Joanne
2824 712 3150 778 imperatore
3193 711 3472 771 defuncto,

1912 799 1963 850 in
1993 798 2413 852 Constantinum
2444 803 2563 868 ejus
2595 800 2815 852 fratrem
2846 802 3162 852 devolutum
3203 810 3285 852 est
3309 801 3477 866 impe-

1910 890 2072 943 rium.
2103 891 2410 944 Demetrius
2442 891 2686 959 quidem,
2725 892 2953 944 fratrum
2984 893 3142 950 alter,
3181 892 3471 955 imperiqu

1909 998 2175 1051 occupare
2205 985 2481 1037 nitebatur
2511 1003 2521 1035 :
2561 999 2748 1036 verum
2780 983 3072 1050 impeditus
3105 983 3204 1034 fuit
3246 982 3312 1033 ab
3344 983 3476 1031 (1ιί-

1916 1073 2038 1136 bus,
2073 1084 2266 1134 matre,
2307 1074 2689 1126 Cuntacuzcno
2721 1083 2776 1126 et
2808 1073 3027 1134 Not-ara,
3082 1072 3172 1138 qui
3225 1072 3430 1123 arium—
3454 1103 3474 1109 -.

1911 1179 2030 1216 rum
2059 1165 2306 1231 partibus
2340 1165 2726 1232 fungebantur.
2762 1163 3050 1215 Timebaut
3086 1165 3254 1214 enim,
3294 1163 3333 1212 εἰ
3376 1165 3478 1211 ιη·-

1911 1254 2139 1307 metrius
2171 1265 2555 1324 assequeretur
2587 1254 2900 1322 imperium,
2934 1252 3072 1314 fore,
3126 1263 3183 1304 ut
3209 1253 3475 1304 Constan-

1915 1348 2063 1399 tinus
2087 1347 2390 1399 exercitum
2420 1345 2739 1407 adduceret,
2794 1357 2904 1412 quo
2938 1343 3104 1404 facto,
3170 1345 3474 1411 perituuzm

1908 1447 2053 1491 esset
2084 1436 2393 1505 imperium.
2429 1435 2704 1490 Demetrio
2741 1445 2943 1495 tamen,
2973 1445 3028 1487 et
3053 1434 3294 1497 Tltomre,
3322 1435 3475 1487 fratri

1911 1537 2041 1582 natu
2077 1529 2324 1593 minimo,
2358 1529 2768 1596 Peloponnesus
2790 1541 2858 1580 ex
2880 1541 3034 1593 aequo
3059 1540 3315 1579 concessa
3342 1525 3473 1579 fuit:

1912 1622 1982 1673 ob
2012 1635 2173 1688 quam
2211 1620 2358 1672 varie
2386 1618 2779 1673 tumultuatum
2813 1617 2957 1669 inter
2998 1617 3144 1682 ipsos
3180 1625 3283 1680 est,
3321 1628 3476 1669 utro-

1911 1726 2016 1778 que
2053 1709 2307 1763 studente
2333 1709 2566 1763 alterum
2592 1708 2816 1777 ejicere.

1983 1800 2098 1855 Sub
2128 1801 2234 1855 hoc
2263 1809 2481 1870 tempus
2522 1798 2815 1855 Am'urates
2850 1800 3134 1869 apoplcxia
3177 1806 3474 1864 correptus

233 1874 364 1926 ratis
402 1876 620 1930 fortuna
646 1882 968 1950 trujieientis
1001 1903 1067 1940 eo
1108 1899 1374 1957 tempore,
1425 1909 1534 1957 quo
1583 1906 1802 1964 propter
1834 1880 1877 1938 Β
1908 1893 1960 1945 in
1989 1893 2264 1953 convivio,
2302 1891 2536 1945 moritur
2559 1907 2680 1946 cum
2711 1891 2780 1945 52
2811 1892 2970 1945 annis
3005 1900 3302 1959 regnasset.
3363 1889 3476 1942 Ma-

229 1962 574 2022 adversarios
613 1981 802 2025 ventos
840 1972 1014 2029 ϐιηεοί
1051 1977 1340 2048 Latinique
1373 1991 1566 2036 contra
1595 1962 1804 2040 Turcos

231 2058 510 2113 nitinullo
542 2063 702 2117 modo
731 2076 1004 2134 poterant.
1065 2068 1195 2140 Ejus
1229 2081 1337 2125 tam
1397 2074 1606 2129 felicem
1642 2079 1804 2146 traje-

228 2147 463 2203 ctionem
485 2151 719 2208 Joannes
770 2157 1067 2226 imperator
1123 2178 1271 2232 :ugro
1322 2179 1446 2218 cum
1505 2168 1802 2236 accepisset

228 2239 430 2303 animo,
466 2243 804 2301 deliberabat
834 2265 957 2302 cum
991 2253 1126 2317 suis,
1162 2255 1293 2322 quid
1322 2254 1375 2308 iu
1411 2258 1662 2324 praesenti
1713 2274 1798 2312 re-

229 2345 348 2383 rum
381 2344 521 2388 statu
557 2340 900 2405 potissimum
932 2357 1160 2414 ageret;
1192 2348 1492 2413 bellumne,
1519 2365 1586 2402 an
1613 2367 1797 2418 parem

227 2424 468 2479 Amurati
500 2430 870 2489 denuntiaret.
921 2437 1138 2508 Quippe
1168 2439 1212 2492 si
1252 2455 1442 2508 pacem
1474 2456 1597 2494 cum
1635 2445 1801 2496 Amu-

227 2527 343 2568 rate
365 2518 545 2574 colere
574 2522 921 2586 instituisset.
954 2529 1070 2583 fore
1103 2532 1350 2599 putabat,
1382 2543 1440 2586 ut
1471 2534 1518 2587 ei
1544 2549 1641 2602 per
1664 2535 1802 2590 Pon-

233 2612 346 2657 tum
377 2612 678 2666 exercitum
706 2615 949 2681 ducenti,
1003 2632 1370 2676 commeatum
1403 2635 1457 2678 et
1493 2628 1798 2682 necessaria

225 2709 482 2764 praestare
513 2714 803 2773 cogeretur
831 2726 846 2764 z
874 2725 978 2778 qua
1011 2727 1070 2766 re
1104 2713 1396 2769 Pannones
1464 2715 1798 2772 offensurum

225 2801 284 2840 se
319 2788 557 2855 videbat,
588 2811 618 2847 a
653 2798 854 2863 quibus
883 2816 990 2854 non
1027 2803 1146 2858 leve
1180 2807 1512 2872 periculum,
1542 2809 1800 2866 Amurate

225 2877 464 2946 devicto,
497 2884 826 2945 immineret.
855 2890 1089 2948 Putabat
1115 2896 1281 2965 igitur
1308 2912 1375 2952 eo
1404 2909 1650 2969 tempore
1672 2916 1802 2954 con-

224 2973 584 3030 sultissimum
613 2979 748 3046 fore,
781 2983 1100 3039 Pannonum
1127 2991 1279 3057 sequi
1311 3001 1514 3058 partes,
1550 3003 1605 3045 et
1634 2994 1803 3046 Amu-

221 3064 328 3115 rati
354 3064 554 3120 bellum
590 3070 816 3126 inferre.
879 3076 1010 3130 Post
1059 3093 1290 3146 pugnant
1325 3097 1456 3135 vero
1505 3083 1799 3139 infeliciter

221 3156 293 3208 ab
322 3156 554 3227 Ungaris
578 3172 769 3216 contra
785 3165 995 3222 Turcos
1020 3179 1339 3240 pugnatam,
1370 3173 1592 3229 Graecus
1625 3176 1798 3246 impe-
1821 3207 1867 3272 Ο

221 3260 374 3272 ..-.-_
409 3250 457 3272 ζ.-
493 3250 561 3272 ιιμ
589 3252 665 3272 .-η
717 3271 723 3272 ,
878 3257 892 3272 .
1079 3270 1084 3272 Α
1688 3269 1714 3272 __

221 3260 374 3300 rator
409 3250 458 3300 in
493 3250 670 3308 foedus
704 3271 827 3309 eum
865 3257 1127 3314 Amurate
1171 3263 1359 3326 rediit,
1419 3279 1516 3319 nec
1551 3269 1789 3334 amplius

221 3337 277 3390 id
320 3339 578 3396 violatum
618 3355 720 3399 est.
753 3347 883 3401 Nam
917 3351 1155 3418 quietem
1194 3355 1476 3422 amplexus
1499 3367 1602 3418 est,
1628 3359 1796 3411 Amu-

225 3440 512 3499 ratcmque
549 3439 872 3493 muneribus
915 3441 1104 3508 coluit,
1161 3444 1378 3498 utnihil
1443 3447 1568 3500 mali
1605 3457 1796 3504 contra

220 3522 404 3590 ipsum
433 3529 667 3595 amplius
695 3532 1004 3589 moliretur.

299 3613 463 3669 Peada
500 3627 679 3673 autem
713 3625 994 3678 contentio
1035 3625 1180 3680 inter
1204 3627 1597 3697 imperatorem
1631 3631 1797 3686 Joan-

219 3725 352 3763 nem
379 3721 435 3764 et
468 3712 688 3767 fratrem
718 3714 1068 3771 Theodorum
1093 3729 1212 3773 erat
1233 3730 1444 3786 coorta,
1469 3721 1563 3790 qui
1595 3722 1798 3792 Byzan-

216 3801 360 3854 tium
397 3814 640 3870 venerat,
680 3817 739 3860 ut
794 3807 848 3860 in
912 3809 1234 3864 sdeietatem
1297 3813 1517 3881 imperii
1564 3829 1593 3866 a
1628 3813 1796 3870 fratre

212 3891 631 3948 admitteretur.
662 3895 712 3950 Is
732 3911 789 3950 se
813 3913 913 3965 pro
964 3898 1296 3967 imperatore
1343 3901 1518 3971 solum
1550 3904 1792 3971 gerebat,

217 3983 496 4052 fratrique
529 3986 835 4042 resistebat.
868 3989 1210 4062 Postremum
1239 3995 1414 4062 aperti
1441 3995 1629 4048 hostes
1669 3998 1792 4050 facti

213 4083 370 4126 sunt.
396 4074 528 4128 Nam
563 4077 972 4145 expeditionem
1010 4061 1333 4136 Theodorus
1383 4094 1572 4139 contra
1617 4086 1793 4154 impe-

214 4177 461 4219 ratorem
489 4167 711 4223 fratrem
737 4170 992 4227 instituit.
1015 4173 1144 4227 Erat
1167 4176 1217 4228 ei
1241 4190 1502 4231 concessa
1525 4178 1791 4248 Selybria,

213 4271 348 4310 cum
386 4258 609 4326 regione
639 4261 817 4315 vicina
850 4280 862 4316 :
898 4278 1134 4333 cumque
1166 4275 1378 4335 peteret
1434 4268 1501 4322 ab
1553 4269 1792 4340 impera-

216 4352 343 4396 tore
363 4356 662 4413 proventus
681 4363 892 4402 annuos
915 4351 1211 4419 ampliores
1231 4353 1296 4406 ad
1319 4354 1484 4407 vitam
1510 4356 1790 4410 sustinen-

1905 1980 2220 2035 chometum
2245 1981 2414 2034 filium
2440 1993 2811 2035 successorem
2839 1979 3078 2048 reliquit.
3100 1980 3149 2033 ls
3171 1978 3271 2031 sub
3299 1978 3474 2044 ipsum

1905 2072 2057 2140 regni
2119 2072 2203 2125 sui
2259 2070 2568 2140 auspicium
2630 2069 3165 2138 Constantinopolim
3218 2069 3474 2123 obsidere

1905 2163 2094 2231 C(Bpit,
2126 2172 2180 2217 et
2213 2163 2280 2216 ad
2312 2163 2776 2231 expugnationem
2795 2165 2980 2215 omnia
3015 2162 3210 2215 idonea
3246 2177 3472 2230 compa-

1904 2254 2066 2307 ravit.
2097 2254 2228 2322 Ejus
2262 2254 2416 2308 urbis
2444 2255 2750 2324 amplitudo
2781 2269 2903 2309 cum
2962 2263 3110 2308 tanta
3143 2256 3235 2318 sit,
3296 2267 3356 2310 ut
3418 2258 3470 2309 in

1903 2346 2136 2399 circuitu
2170 2347 2259 2399 lll
2296 2346 2474 2400 stadia
2502 2348 2785 2402 contineat
2815 2365 2828 2400 :
2857 2348 3168 2402 distributis
3199 2348 3251 2401 in
3287 2364 3473 2417 muros

1903 2436 2384 2504 militibus,eoque
2419 2447 2574 2504 pacto
2602 2438 2886 2491 instructis
2911 2437 3104 2506 copiis,
3165 2438 3368 2492 accidit
3416 2447 3474 2491 ut

1903 2528 2084 2580 minus
2120 2529 2326 2581 munita
2363 2528 2526 2582 foret.
2560 2529 2760 2584 Aderat
2800 2529 2854 2582 in
2890 2529 3027 2582 urbe
3049 2529 3251 2583 Graecis
3296 2529 3472 2583 Isido-

1903 2635 1993 2671 rus
2018 2619 2324 2673 Russorum
2357 2621 2588 2676 antistes
2628 2620 2922 2675 cardinalis
2978 2621 3167 2691 synodi
3217 2620 3473 2690 cogendae

1902 2723 2066 2763 causa
2096 2710 2318 2772 missus,
2349 2721 2411 2763 ut
2441 2711 2692 2764 Romano
2734 2712 2983 2778 pontifici
3020 2711 3238 2767 Graecos
3281 2725 3472 2768 recon-

1902 2803 2113 2855 ciliaret
2149 2819 2163 2855 :
2201 2813 2364 2872 atque
2389 2804 2442 2856 id
2484 2818 2593 2856 non
2635 2804 2810 2857 multo
2839 2814 2967 2858 ante
2995 2805 3328 2858 confecerat.
3371 2807 3474 2858 Ve-

1904 2908 2020 2945 rum
2051 2892 2252 2946 Gra'cis
2291 2894 2382 2947 illa
2421 2909 2546 2948 cum
2575 2891 2833 2949 Romanis
2889 2896 3264 2951 reconciliatio
3310 2897 3473 2950 nimis

1903 3001 2023 3038 sera
2057 2985 2290 3038 eXstitit.

1978 3075 2220 3129 Tandem
2245 3077 2753 3147 Constantinopolis
2792 3089 3103 3148 expugnata
3133 3088 3220 3132 est
3271 3088 3471 3147 quarto

1903 3167 2172 3222 Kalendas
2199 3167 2523 3234 Quinctiles,
2575 3170 2667 3238 qui
2719 3169 2840 3224 dies
2894 3170 3082 3224 Martis
3137 3181 3277 3234 erat,
3327 3185 3474 3224 anno

1903 3257 2040 3311 1455
2081 3257 2186 3324 Vel,
2229 3268 2288 3312 ut
2319 3259 2410 3312 alii
2444 3259 2690 3324 tradunt,
2725 3259 3181 3329 quinquagesimo
3205 3259 3471 3324 secundo,

1901 3364 2023 3404 cum
2063 3350 2408 3405 obsidionem
2446 3353 2841 3421 quinquaginta
2868 3361 3106 3421 quatuor
3140 3352 3257 3406 dies
3326 3353 3466 3406 tole-

1901 3449 2093 3494 rasset.
2116 3441 2559 3504 Cantacuzenus,
2581 3441 2943 3512 TheOpbilus,
2966 3441 3322 3510 Palaaologus.
3351 3442 3473 3496 alii-

1900 3546 2008 3599 que
2043 3531 2371 3586 nobilissimi
2405 3533 2510 3587 viri
2546 3533 2765 3588 fortiter
2816 3533 3167 3598 dimicantes,
3198 3532 3469 3587 interfecti

1900 3631 2046 3678 sunt.
2072 3624 2467 3679 Constantinus
2496 3627 2798 3694 imperator
2848 3625 3066 3693 fugiens
3091 3624 3147 3678 in
3175 3624 3469 3679 humerum

1899 3724 2122 3785 accepto
2141 3717 2370 3771 vulnere
2398 3717 2584 3785 periit.
2619 3716 2751 3786 Ejus
2770 3716 3027 3771 exstincti
3060 3727 3226 3786 caput
3262 3718 3329 3771 ad
3352 3717 3468 3772 Ma-

1897 3807 2208 3862 cbometum
2235 3807 2455 3876 quidam
2488 3807 2691 3871 attulit,
2717 3816 3028 3876 praeterque
3059 3822 3284 3862 munera
3306 3809 3470 3879 longe

1899 3899 2240 3967 amplissima
2272 3897 2588 3969 principatu
2628 3914 2852 3968 quoque
2882 3899 3118 3954 donatus
3150 3910 3262 3956 est.
3293 3901 3472 3970 Impe-

1898 3991 1981 4044 rio
2016 3990 2195 4044 tribus
2217 3992 2382 4045 annis
2414 4002 2470 4045 et
2501 3991 2681 4046 tribus
2714 3990 2995 4045 mensibus
3023 3991 3230 4058 potitus
3261 3992 3462 4047 fuerat.

1897 4082 2102 4137 Eodem
2134 4082 2244 4145 die,
2277 4081 2468 4136 Peram
2504 4097 2743 4151 quoque,
2779 4081 2895 4136 sive
2917 4080 3184 4146 Galatam,
3211 4081 3471 4137 Genuen-

1897 4175 2037 4230 sium
2090 4174 2389 4243 oppidum,
2454 4173 2617 4226 Turci
2675 4188 2773 4242 per
2837 4172 3171 4227 deditionem
3232 4187 3465 4241 occupa-

1899 4273 2048 4320 runt.
2088 4266 2220 4331 Quae
2256 4277 2440 4320 autem
2471 4265 2817 4319 calamitates
2847 4266 2900 4319 in
2927 4265 3030 4318 hac
3062 4265 3466 4334 expugnatione

1897 4355 2173 4426 Byzantiis
2199 4355 2542 4416 acciderunt,
2585 4353 2852 4422 explicari
2891 4351 3129 4407 dicendo
3159 4361 3463 4421 nequeunt.

210 4436 370 4499 dam,
407 4437 678 4506 repulsam
709 4453 898 4505 passus
921 4441 1045 4495 fuit.
1069 4443 1236 4514 348
1258 4445 1395 4498 Hinc
1419 4445 1620 4501 bellum
1648 4448 1791 4503 inter
1825 4466 1869 4520 ι)
1897 4445 2035 4500 Nam
2069 4444 2382 4500 miserabile
2417 4444 2523 4498 hoc
2547 4441 3058 4510 Constantinopolis
3122 4441 3352 4494 exitium
3386 4442 3468 4492 vi-

207 4526 474 4594 ipsumet
501 4527 728 4582 fratrem
759 4543 1013 4585 exortum
1041 4543 1147 4588 est.
1176 4537 1336 4591 Prius
1373 4531 1574 4602 tamen,
1622 4555 1786 4608 quam

205 4613 347 4667 belli
379 4613 702 4669 Theodorus
730 4617 966 4686 aliquem
998 4637 1314 4676 suceessum
1351 4625 1652 4688 habuisset,
1678 4628 1790 4682 vita

206 4703 444 4758 functus
466 4714 570 4759 est.
604 4705 919 4763 Secundum
946 4709 1068 4765 haec
1127 4712 1430 4769 lacessente
1473 4716 1788 4772 Amuratem

203 4797 606 4862 Constantino,
669 4799 844 4854 altero
900 4801 1127 4858 Joannis
1192 4806 1539 4875 imperatoris
1603 4809 1790 4875 fratre,

204 4891 458 4945 Isthmus
489 4903 797 4961 expugnata
831 4896 953 4961 fuit,
1011 4914 1164 4952 muro
1192 4898 1400 4966 diruto,
1461 4902 1552 4970 qui
1615 4919 1792 4973 nuper

1894 4537 2060 4592 detur
2088 4537 2297 4599 omnia,
2330 4551 2452 4606 quae
2476 4551 2574 4605 per
2635 4534 2952 4588 universum
2993 4531 3181 4586 orbem
3224 4531 3469 4601 contige-

1893 4639 2044 4694 runt,
2068 4629 2280 4683 excidia
2309 4642 2616 4696 superasse.
2644 4627 2822 4694 Atque
2848 4625 2937 4678 hic
2962 4623 3175 4692 imperii
3200 4622 3468 4677 Constan-

1897 4721 2247 4791 tinopolitani
2283 4721 2408 4775 finis
2444 4721 2569 4784 fuit,
2625 4718 2769 4788 quod
2804 4734 2832 4770 a
2871 4715 3229 4770 Constantino
3275 4714 3468 4783 Magno

1895 4829 1959 4868 ex
1997 4814 2150 4869 Italia
2199 4815 2546 4878 translatum,
2582 4809 2938 4882 Byzantiique
2985 4807 3366 4871 constitutum,
3408 4808 3463 4860 in

1901 4903 2264 4958 Constantino
2291 4903 2592 4973 Pala-ologo
2623 4901 2807 4955 desiit.

343 5079 853 5148 Cantt'nuatt'onis
903 5086 1320 5168 Glyca-norum
1355 5095 1714 5167 Annalium,
1757 5103 2008 5153 auctore
2045 5093 2286 5151 Joanne
2319 5090 2714 5164 Leunclavio,
2759 5087 2840 5148 ad
2871 5095 3119 5164 captum
3154 5105 3344 5165 usque

1330 5185 1337 5190 ’
1572 5199 1940 5274 Byzantium
1970 5196 2132 5272 ﬁnis.
