4198 6444
244 377 352 441 685

1634 390 2000 447 EPISTULA
2040 389 2114 449 Il.
3390 379 3492 437 63*?

243 488 469 556 ἔφθασε
503 488 577 544 δι’
604 494 798 559 αὐτὴν
847 493 1140 562 ἁμαρτίαν
1186 495 1589 566 ἑπισυμϐῆναι
1628 495 1808 561 αὐτῷ.

1940 499 2115 568 nquit,
2158 496 2628 565 corruptibileihoc
2679 495 2893 546 induere
2945 502 3408 559 lilt'OI'l'ltitllUPt“Ill,
3442 501 3484 540 rt

247 579 487 648 Πρόσεχε
516 581 629 636 οὖν.
680 584 741 637 Ei
772 584 878 657 γὰρ
906 587 1147 641 τοιοῦτον
1194 590 1471 660 ἐγείρεται
1524 592 1707 644 ὁποῖον
1741 587 1812 662 ἦν

245 667 343 721 ἀπ’
373 672 575 742 ἀρχῆς,
599 673 663 726 τὸ
705 675 761 729 δὲ
785 677 1129 747 ἐγειρόμενον
1159 681 1337 734 ἐκεῖνο
1375 682 1495 735 τότε
1527 682 1687 751 σῶμα
1720 683 1819 735 θα-

247 757 410 810 νάτου
444 762 538 813 καὶ
589 763 796 833 φθορᾶς
848 767 1073 835 ἄμεινον
1114 770 1412 840 ἐγερθῆναι
1449 773 1817 840 ὁμολογεῖται,

247 849 346 900 καὶ
376 849 585 919 βεϐαιοῖ
620 855 712 907 τὸν
737 856 895 923 λόγον
928 860 955 908 6
975 859 1279 928 πάμμεγας
1317 862 1527 921 Παῦλος
1559 861 1702 914 οὕτω
1729 861 1820 913 λέ-

1920 589 2145 643 mortale
2204 593 2297 642 hoc
2351 587 2802 641 immortalitatem
2841 601 2858 638 :
2898 582 3243 636 manifestum
3320 582 3389 633 sit
3438 590 3491 634 et

1918 697 2118 750 corpus
2161 681 2313 742 illud,
2350 680 2583 747 primum
2640 677 2892 730 videlicet
2953 691 2979 727 a
3044 676 3153 728 Deo
3226 684 3487 735 creatum,

1923 786 2049 823 vere
2085 768 2391 823 immortale
2442 767 2629 831 fuisse,
2690 774 2744 819 et
2797 764 3212 834 incorruptibile
3267 780 3280 816 :
3348 760 3492 830 quod

1926 860 2087 914 toties
2110 860 2220 927 jam
2248 859 2504 913 diximus.

246 955 392 1006 γων·
434 944 535 997 Δεῖ
575 947 643 1001 τὸ
672 950 938 1018 φθαρτὸν
973 950 1149 1006 τοῦτο
1178 952 1554 1009 ἐνδύσασθαι
1611 952 1981 1020 ἀφθαρσίαν,
2017 953 2113 1005 καὶ
2162 952 2226 1005 τὸ
2287 950 2512 1017 θνητόν
2544 950 2717 1005 τοῦτο
2745 950 3113 1003 ἐνδύσασθαι
3134 946 3496 1003 ἀθανασίαν·

246 1031 468 1102 εὔδηλον
514 1039 732 1104 πάντως
764 1044 845 1096 ὅτι
883 1045 979 1097 καὶ
1032 1047 1191 1117 σῶμα
1230 1049 1440 1110 ἐκεῖνο,
1474 1047 1618 1113 λέγω
1662 1047 1719 1100 δὲ
1754 1047 1818 1100 τὸ
1860 1047 2096 1117 πρώτως
2129 1047 2234 1099 ὑπὸ
2291 1046 2428 1098 Θεοῦ
2470 1044 2715 1115 ποιηθὲν,
2776 1044 3043 1098 ἀθάνατον
3073 1039 3289 1109 ἀληθῶς
3323 1036 3503 1105 ὑπῆρ-

246 1140 308 1191 χε
338 1127 431 1180 καὶ
461 1130 757 1201 ἄφθαρτον,
785 1136 857 1199 ὡς
893 1137 992 1206 ἤδη
1025 1140 1282 1199 πολλάκις
1314 1140 1639 1209 εἰρήκαμεν.

320 1221 461 1273 Αὐτὸ
490 1223 646 1276 τοῦτο
674 1228 975 1297 παρίστησι
1013 1230 1109 1284 καὶ
1153 1231 1181 1283 6
1230 1230 1455 1300 Νύσσης
1488 1231 1630 1293 θεῖος
1679 1230 1821 1300 Γρη-

245 1312 453 1379 γέρως,
484 1316 650 1386 ἡνίκα
695 1320 789 1372 καὶ
824 1321 1026 1388 μᾶλλον
1076 1322 1308 1392 εὓρηται
1340 1323 1403 1375 τὸ
1444 1321 1539 1375 τοῦ
1585 1322 1821 1390 Ἐκκλη-

248 1405 488 1459 σιαστοῦδ
519 1407 661 1461 θεῖον
685 1409 848 1478 ῥητὸν
878 1411 1319 1481 ἐπεξηγούμενος
1345 1413 1406 1466 τὸ
1450 1412 1822 1482 διαλαμϐάνον

244 1494 422 1558 οὕτως
453 1497 512 1549 ὲν
530 1498 706 1565 λέξεσι
725 1515 741 1531 ·
778 1502 838 1554 Τί
878 1503 944 1555 τὸ
973 1505 1261 1572 γεγονός;
1290 1504 1445 1557 Αὺιὸ
1474 1504 1539 1557 τὸ
1572 1506 1824 1574 γενησό-

242 1603 455 1654 μενον.
501 1589 609 1643 Kal
646 1591 703 1643 τι
729 1591 794 1644 τὸ
824 1593 1440 1662 πεπωημένοηᾼὺτὸ
1477 1595 1541 1649 τὸ
1572 1599 1821 1664 nomon-

246 1677 536 1746 σύμενον.
568 1680 732 1749 Λέγει
772 1683 883 1753 γὰρ
939 1683 1021 1737 ὅτι
1055 1685 1200 1754 χειρὶ
1231 1684 1366 1739 Θεοῦ
1398 1686 1769 1756 πεποιημένος
1797 1687 1825 1739 6

247 1768 539 1840 ἄνθρωπος
585 1773 683 1845 οὐχ
721 1773 749 1826 6
790 1775 885 1827 νῦν
914 1776 1030 1828 ἐστι
1061 1776 1152 1829 διά
1179 1776 1279 1845 τὴν
1325 1776 1622 1847 ἁμαρτίαν,
1655 1777 1826 1846 ἤγουν

1995 1224 2054 1278 ld
2090 1224 2268 1293 ipsum
2305 1237 2521 1291 quoque
2553 1221 2711 1276 docet
2736 1220 2918 1292 Nyssze
2951 1219 3244 1290 episcopus
3279 1227 3525 1273 Sani-tus.

1927 1315 2221 1385 Gregorius
2256 1317 2553 1385 prmsertim
2586 1315 2679 1369 ubi
2721 1315 2965 1369 divinum
3024 1311 3366 1365 Ecclesiasttr
3421 1312 3501 1364 di-

1927 1417 2074 1463 ctum
2107 1408 2347 1476 exponit,
2399 1422 2597 1475 nempe
2632 1406 2775 1459 i~tuc
2805 1421 2819 1459 :
2854 1404 2995 1469 Quid
3038 1413 3114 1457 est
3159 1403 3297 1472 quod
3354 1402 3502 1469 fuit?

1925 1498 2104 1567 Ipsum
2130 1497 2265 1567 quod
2297 1498 2535 1565 futurum
2582 1504 2682 1549 cst.
2732 1493 2869 1557 Quid
2922 1493 3059 1561 quod
3124 1495 3318 1562 factum
3371 1493 3501 1545 cst.’

1928 1588 2113 1658 Ipsum
2147 1590 2282 1657 quod
2307 1587 2605 1656 faciendum
2650 1595 2746 1639 est.
2786 1584 2877 1638 Ait
2910 1584 3057 1639 enim
3092 1600 3255 1638 manu
3292 1582 3382 1636 Dei
3419 1582 3502 1636 la-

1935 1690 2087 1734 etum
2121 1679 2397 1734 hominem
2425 1694 2534 1735 non
2558 1692 2700 1741 esse,
2734 1678 2823 1747 qui
2850 1691 2995 1730 nunc
3017 1683 3100 1729 est
3128 1684 3348 1744 propter
3379 1690 3503 1744 pec-

1933 1782 2137 1838 calum,
2161 1772 2275 1825 sive
2304 1769 2619 1824 mutabilem
2637 1777 2691 1823 et
2707 1767 3141 1836 corruptibilem.
3162 1765 3217 1819 Si
3240 1765 3427 1836 igitur,
3450 1766 3505 1818 in

248 1862 486 1929 τρεπτὸς
508 1863 601 1945 διαὶ
648 1863 891 1933 φθαρτὸς
912 1906 929 1932 ,
962 1867 1123 1920 τοῦτο
1155 1862 1223 1937 ἦν
1276 1868 1374 1921 ἀπ’
1404 1869 1602 1938 ἀρχῆς,
1661 1868 1776 1920 ἀλλ’
1800 1867 1828 1920 ὸ

1939 1865 2326 1935 incorruptione
2346 1865 2482 1917 Deus
2503 1863 2765 1915 hominem
2781 1862 2902 1933 fecit
2922 1859 3205 1913 secundum
3225 1859 3505 1929 imaginem

248 1953 614 2023 ποιηθήσεται
652 1954 900 2027 ὕστερον,
926 1959 1199 2029 ἄτρεπτος
1218 1959 1463 2028 δηλονότι
1492 1960 1587 2012 καὶ
1614 1959 1827 2030 ἄφθαρ-

248 2064 361 2112 τος.
393 2049 562 2120 Εἴπερ
594 2050 688 2106 οὖν
739 2055 767 2106 6
794 2052 925 2116 Θεὸς
957 2056 1048 2108 ἐπ’
1076 2053 1362 2126 ἀφθαρσίᾳ
1413 2055 1505 2109 τὸν
1537 2053 1827 2123 ἄνθρωπον

250 2138 435 2193 ἔκτισε
474 2143 596 2197 κατ’
630 2143 816 2199 είκόνα
844 2147 943 2215 τῆς
973 2146 1275 2216 ἀῖδιότητος
1302 2147 1489 2212 αὑτοῦ,
1520 2146 1664 2201 καθὰ
1693 2163 1827 2216 φησι

251 2234 506 2306 Σολομῶν
530 2251 547 2270 ο
608 2236 765 2310 εἴπερ
796 2238 965 2306 ἔδειξε
994 2240 1054 2293 τὸ
1105 2240 1307 2293 οἰκεῖον
1337 2240 1624 2309 φιλότιμον
1661 2254 1829 2310 μετα-

250 2330 377 2394 δοὺς
409 2330 559 2403 αὐτῷ
585 2331 766 2401 ψυχῆς
794 2333 983 2401 νοερᾶς
1005 2331 1081 2394 ὡς
1108 2329 1247 2386 εἶναι
1275 2334 1371 2385 καὶ
1392 2331 1658 2386 ἀθάνατον
1687 2332 1747 2393 ἐς
1768 2330 1829 2385 τὸ

250 2422 521 2492 διηνεκὲς,
556 2424 632 2487 ὠς
657 2425 686 2476 6
730 2424 971 2494 χρυσοῦς
1017 2424 1116 2496 τὴν
1146 2424 1395 2493 γλῶττάν
1422 2416 1636 2494 ’φησιν’
1670 2426 1830 2494 εἴπερ

250 2510 347 2567 οὖν
374 2516 591 2569 αἰωνίου
623 2515 768 2587 ζωῆς
785 2518 1089 2571 ἀπόλαυσιν
1115 2516 1412 2587 ἐχαρίσατο
1446 2518 1523 2585 τῷ
1556 2515 1831 2587 ἀνθρώπῳ

250 2608 375 2662 κη’
400 2611 568 2679 ἀρχὰς
600 2611 628 2663 6
656 2609 810 2675 θεὸς,
844 2611 919 2676 ὡς
945 2612 973 2663 6
1019 2610 1192 2679 μέγας
1224 2610 1358 2679 φησὶ
1403 2609 1687 2673 Βασίλειος
1707 2624 1723 2641 ·
1754 2610 1830 2662 εί-

253 2717 360 2769 περ
381 2700 475 2754 οῦν
505 2704 536 2770 ἠ
577 2701 767 2772 πρώτη
794 2701 1011 2772 ποίησις
1041 2702 1137 2755 τοῦ
1181 2701 1351 2768 ’Λὸᾶιμ
1400 2701 1677 2773 ἄφθαρτος
1730 2696 1825 2772 ἦν,

248 2792 328 2855 ὡς
364 2795 391 2845 6
423 2792 679 2863 Σιναῒτης
732 2793 871 2864 φησὶ
908 2792 1052 2856 θεῖος
1092 2794 1448 2857 Ἀναστάσιος
1474 2811 1488 2824 ο
1529 2797 1690 2864 εἴπερ
1736 2791 1832 2849 οὖν

255 2883 419 2953 σῶμα
470 2885 667 2937 δέδωκε
715 2884 796 2955 τῷ
847 2884 1122 2956 ἀνθρώπῳ
1161 2885 1281 2939 κατ’
1329 2886 1504 2956 ἀρχὰς
1541 2887 1569 2939 6
1611 2886 1743 2950 Θεὸς
1774 2888 1832 2939 τὸ

251 2974 521 3030 ἀθάνατον
552 2976 648 3029 καὶ
671 2977 1001 3047 ἀνώλεθρον,
1033 2977 1109 3041 ὡς
1140 2980 1167 3031 6
1196 2978 1336 3041 θεῖος
1373 2978 1630 3049 Ἀνδρέας
1665 2977 1832 3049 εὕρη-

250 3083 346 3121 ⁴ται
370 3068 581 3136 λέγων·
624 3064 781 3137 εἷπερ
829 3066 923 3121 οὖν
954 3068 1398 3140 αὐτεξουσιότητι
1432 3071 1525 3123 καὶ
1557 3068 1833 3137 ἀθανασία

1929 1962 2241 2016 wternitatis
2272 1976 2403 2024 suae,
2437 1968 2497 2013 ut
2548 1956 2807 2012 Salomon
2845 1955 2921 2010 ait
2958 1972 2970 2008 :
3008 1955 3055 2009 si
3086 1955 3139 2008 in
3167 1970 3231 2008 eo
3259 1955 3503 2009 declara-

1929 2055 2007 2111 vit
2033 2054 2273 2109 studium
2302 2067 2429 2122 erga
2463 2050 2613 2104 illum
2642 2064 2822 2115 suum,
2847 2047 2991 2117 quod
3023 2046 3263 2101 animam
3295 2046 3507 2099 ratione

1930 2148 2215 2218 prteditam
2244 2145 2319 2198 illi
2382 2143 2633 2208 innnisit,
2674 2152 2735 2197 ut
2789 2150 2937 2196 esset
2984 2140 3148 2195 etiam
3189 2137 3509 2193 immortalis

1927 2240 2148 2309 jugiter,
2189 2239 2331 2293 sicut
2355 2237 2783 2309 Chrysostomus
2817 2235 2992 2302 inquit
3025 2251 3038 2285 :
3072 2234 3117 2287 si
3151 2232 3315 2301 igitur
3345 2242 3509 2285 teter-

1928 2346 2016 2386 na:
2046 2330 2166 2385 vitae
2194 2330 2507 2384 fruitionem
2544 2328 2767 2383 donavit
2803 2328 2870 2381 ab
2901 2326 3057 2379 initio
3097 2325 3304 2379 homini
3338 2323 3507 2387 Deus,

1933 2423 2095 2478 utait
2126 2438 2356 2493 magnus
2419 2421 2698 2477 Basilius:
2730 2420 2779 2475 si
2849 2420 3015 2490 igitur
3072 2419 3249 2488 prima
3300 2419 3509 2472 creatio

1932 2522 2363 2591 incorruptibilis
2389 2531 2527 2586 erat,
2558 2528 2619 2574 ut
2661 2518 2882 2574 divinus
2935 2516 3258 2571 Anastasius
3302 2514 3511 2570 Sinaita

1930 2616 2159 2671 scribit:
2196 2616 2240 2670 si
2274 2616 2438 2686 igitur
2471 2614 2790 2683 dignitatem
2856 2612 3003 2665 dedit
3034 2609 3304 2679 principio
3337 2610 3513 2662 homi-

1930 2709 1988 2762 ni
2037 2709 2200 2772 Deus,
2240 2723 2437 2777 nempe
2467 2706 2616 2761 exitii
2669 2713 2948 2775 expertem
2975 2718 3118 2764 esse,
3149 2711 3207 2755 ut
3261 2711 3510 2756 sanctum

1931 2800 2203 2854 Andream
2229 2797 2545 2854 Cretensem
2579 2798 2780 2851 dixisse
2815 2803 2964 2865 patet
2994 2810 3010 2848 :
3050 2795 3093 2847 si
3142 2794 3306 2865 igitur
3343 2794 3513 2847 liber-

1935 2900 2043 2945 tate
2074 2889 2395 2954 voluntatis,
2434 2897 2489 2943 et
2545 2887 2956 2942 immortalitate
3008 2900 3134 2940 cum
3200 2886 3515 2938 decorasset

1934 2981 2214 3037 hominem
2258 2980 2423 3044 Deus,
2461 2995 2641 3050 regem
2703 2979 2949 3033 omnium
2987 2986 3328 3032 lerrenorum
3361 2976 3516 3030 insti-

1933 3074 2061 3140 tuit,
2118 3083 2178 3128 ut
2245 3073 2437 3128 beatus
2484 3072 2736 3126 Barlaam
2782 3071 2938 3132 dixit,
2993 3070 3269 3140 quomodo
3335 3069 3515 3122 adhuc

251 3161 493 3231 τιμήσας
521 3161 611 3213 τὸν
642 3159 927 3230 ἄνθρωπον
971 3161 999 3213 6
1050 3160 1181 3223 Θεὸς
1211 3160 1438 3228 βασιλέα
1467 3160 1687 3214 πάντων
1720 3159 1833 3213 τῶν

1939 3165 2220 3222 mortalem
2266 3181 2295 3219 a
2329 3164 2445 3219 Deo
2493 3164 2822 3234 productum
2858 3163 3216 3217 asseremus?
3286 3162 3515 3216 Prorsus

252 3254 517 3319 ἐπιγείων
562 3253 910 3323 κατέστησε,
968 3250 1224 3321 καθάπερ
1269 3254 1298 3304 6
1363 3251 1632 3322 μακάριός
1698 3267 1834 3321 φησι

254 3344 523 3413 Βαρ).αάμ
542 3362 554 3377 ι
590 3344 706 3406 πῶς
748 3343 935 3398 λοιπὸν
971 3343 1132 3399 αὐτὸν
1163 3342 1297 3414 ὁμοῦ
1322 3344 1414 3396 καὶ
1445 3342 1713 3395 ἀθάνατον
1740 3340 1837 3394 διαὶ⁹

254 3434 453 3501 θνητὸν
481 3434 586 3485 ὑπὸ
610 3431 745 3486 Θεοῦ
771 3433 1121 3504 παραχθῆναι
1144 3433 1386 3502 εἴπωμεν
1409 3450 1423 3499 ;
1462 3432 1833 3498 Ἀνὲκδεκτον,

251 3531 333 3590 ὡς
365 3520 537 3596 οἶμαι,
593 3527 753 3579 τοῦτο
788 3525 881 3578 καὶ
917 3525 1041 3578 λίαν
1075 3524 1216 3579 ἐστί.
1271 3525 1381 3577 Καὶ
1414 3523 1533 3586 πῶς
1579 3522 1690 3593 γὰρ
1736 3522 1837 3575 οὐκ

255 3620 602 3682 ἀνέκδεκτον,
639 3620 754 3686 εἴγε
788 3618 883 3671 καὶ
916 3618 945 3669 6
970 3616 1137 3679 πολὺς
1164 3617 1223 3669 ὲν
1252 3615 1502 3687 θεολογίᾳ
1530 3614 1841 3685 Γρηγόριος

253 3715 360 3769 οὐκ
394 3714 458 3784 ἑᾷ
478 3714 606 3782 περὶ
635 3711 729 3765 τοῦ
781 3709 1001 3782 πρώτου
1026 3708 1318 3780 ἀνθρώπου
1369 3706 1596 3762 τοιαῦτα
1628 3706 1838 3776 φαντά-

256 3807 484 3875 ζεσθαι;
520 3804 734 3869 Παντὸς
765 3805 871 3875 γὰρ
902 3802 1362 3871 ὲπικαλύμματος
1389 3803 1482 3855 καὶ
1515 3800 1839 3870 προϐλήμα-

257 3904 353 3967 1'0;
378 3900 602 3956 ἀνενδεᾶ
628 3898 720 3952 τὸν
769 3897 867 3951 ἀπ’
892 3896 1072 3967 ἀρχῆς
1104 3891 1248 3949 εἶναι
1279 3894 1477 3961 εἰπὼν,
1510 3893 1678 3960 ἔδειξε
1701 3909 1835 3963 προ-

258 3995 449 4063 φανῶς
477 3994 559 4047 ὅτι
585 3991 779 4062 στολὴν
809 3988 1109 4067 ἀθανασίας
1136 3987 1512 4057 ἠμφιεσμένος
1536 3983 1604 4059 ἦν
1632 3988 1659 4039 6
1688 3986 1840 4056 πρῶ-

257 4110 355 4155 τος
412 4090 517 4144 ὑπὸ
547 4088 684 4143 Θεοῦ
737 4084 1169 4157 δημιουργηθεὶς
1229 4082 1538 4152 ἄνθρωπος.
1586 4082 1697 4135 Καὶ
1731 4081 1839 4151 γὰρ

259 4187 315 4239 εί
343 4184 416 4254 μὴ
445 4182 603 4236 τοῦτο
630 4176 722 4251 ἦν,
743 4179 845 4232 οὐκ
859 4178 926 4232 ἂν
946 4179 977 4247 ἡ
995 4177 1197 4246 ἐσχάτη
1212 4175 1319 4228 τῶν
1340 4173 1610 4243 σωμάτων
1621 4173 1839 4244 ἔγερσις

257 4274 524 4337 ὲπάνοδος
552 4271 690 4327 εἶναι
721 4270 939 4339 ἐλέγετο
968 4268 1106 4339 πρός
1142 4284 1206 4337 γε
1231 4268 1331 4335 τὴν
1359 4265 1595 4337 ἀρχαίαν
1623 4265 1840 4335 ἐκείνην

260 4373 359 4426 καὶ
399 4369 623 4440 πρώτην
655 4366 959 4435 διαγωγήν.
1013 4363 1126 4415 Καὶ
1182 4360 1375 4414 πείθου
1430 4358 1718 4415 κάνταῦθα
1764 4356 1841 4427 τῷ

261 4466 492 4535 μεγάλῳ
526 4459 725 4530 Παύλῳ
749 4458 962 4527 λέγοντι
979 4473 994 4491 υ
1020 4456 1330 4521 Eae/petat
1354 4455 1423 4507 ἐν
1452 4451 1666 4523 φθορᾷ.
1690 4452 1841 4523 ἐγεί-

1940 3255 2279 3326 impossibile
2304 3255 2503 3324 opinor
2536 3268 2678 3308 esse.
2711 3251 2949 3319 Quidni?
3010 3252 3231 3321 quando
3257 3262 3313 3305 et.
3357 3252 3513 3304 theo-

1938 3348 2097 3418 logite
2122 3347 2476 3402 doctissimus
2531 3345 2830 3415 Gregorius
2876 3356 2987 3398 non
3048 3344 3183 3398 sinit
3217 3345 3284 3398 de
3342 3343 3517 3411 primo

1938 3440 2162 3495 homine
2193 3439 2314 3493 talia
2343 3437 2631 3508 cegitando
2662 3436 2980 3504 concipere.
3016 3433 3232 3489 Nullius
3259 3437 3403 3488 enim
3432 3442 3516 3487 te.-

1938 3529 2203 3603 gumenti,
2244 3539 2299 3585 et
2328 3531 2654 3584 munimenti
2680 3527 2927 3595 indigum
2958 3528 3197 3596 primunt
3235 3526 3515 3580 hominem

1938 3639 2065 3681 cum
2096 3624 2444 3689 aﬂirmasset,
2476 3622 2613 3676 stola
2649 3618 3343 3675 inmortalitatisvesdtnm
3369 3635 3516 3683 esse,

1940 3717 2033 3787 qui
2071 3716 2280 3787 primus
2308 3731 2337 3769 a
2367 3715 2478 3770 Deo
2509 3725 2592 3769 est
2620 3714 2938 3777 fabricatus,
2974 3714 3115 3768 haud
3161 3715 3394 3769 obscure
3419 3714 3515 3767 ad-
3606 3777 3615 3788 υ

1940 3819 2148 3864 monet.
2183 3806 2398 3861 Etenim
2442 3806 2486 3860 si
2522 3820 2683 3860 secus
2703 3814 2871 3867 esset,
2905 3814 3149 3859 extrema
3177 3804 3268 3859 illa
3320 3822 3520 3873 corpo-

1942 3918 2065 3957 rum
2097 3899 2431 3956 resurrectio
2457 3898 2526 3953 ad
2559 3906 2799 3953 veterem
2833 3897 2978 3950 illam
3010 3905 3065 3952 et
3096 3899 3326 3966 primam
3354 3899 3519 3954 vitam

1942 3995 2186 4050 reversio
2229 4008 2352 4049 esse
2397 3992 2511 4062 (50)
2563 4007 2672 4046 non
2723 3990 3021 4047 diceretur.
3090 3993 3202 4063 (5i)
3250 3992 3313 4046 Et
3360 3994 3520 4049 ﬁdem

1942 4088 2159 4144 habein
2205 4086 2493 4157 pra-sentia
2521 4099 2717 4155 magno
2736 4084 2902 4138 Paulo
2932 4084 3136 4139 dicenti
3172 4098 3187 4138 :
3220 4084 3526 4140 Seminatnr

1943 4184 1997 4236 in
2024 4182 2381 4248 corruptione,
2436 4178 2668 4247 resurgit
2698 4179 2754 4230 in
2782 4177 3195 4244 incorruptione,
3220 4194 3384 4247 quam
3410 4179 3522 4248 (52)

1945 4275 2143 4329 iterum
2175 4272 2429 4326 humanm
2454 4278 2665 4325 natura:
2712 4284 2812 4339 per
2864 4270 3241 4326 admirabilem
3292 4288 3445 4328 suam
3491 4293 3522 4328 ιι

1947 4364 2177 4419 mortuis
2198 4362 2657 4418 resurrectionem
2690 4361 2951 4433 elargitus
2985 4374 3072 4419 est
3098 4362 3386 4421 Dominus.
3413 4368 3526 4422 Att-

1944 4456 2000 4511 di
2028 4470 2248 4526 quoque
2271 4455 2401 4525 quid
2430 4462 2637 4509 asserat
2672 4454 3002 4510 Anastasius
3065 4455 3155 4511 ille
3203 4457 3419 4513 divinus
3470 4462 3526 4515 in

249 4572 425 4627 perm
459 4554 529 4609 ἐν
566 4550 907 4622 ἀφθαρσίᾳ,
960 4547 1031 4618 ἣν
1060 4546 1355 4618 ἐχαρίσατο
1385 4541 1540 4607 αὖθις
1571 4546 1599 4597 6
1634 4544 1834 4613 Κύριος

1946 4561 2045 4602 suo
2071 4546 2237 4610 libro,
2263 4560 2425 4615 quem
2458 4545 2565 4599 γεω
2597 4543 2796 4599 Ducem
2818 4545 2930 4616 (55)
2964 4546 3246 4616 inscripsit
3276 4565 3289 4602 :
3315 4549 3526 4604 Princi-

256 4654 329 4721 τῇ
363 4648 675 4717 ἀνθρωπίνῃ
706 4643 865 4713 φύσει
911 4642 1000 4697 διά
1046 4658 1108 4709 γε
1162 4641 1259 4711 τῆς
1306 4640 1369 4693 ὲκ
1413 4637 1626 4707 νεκρῶν
1672 4637 1839 4691 αὑτοῦ

260 4740 571 4812 παραδόξου
605 4737 895 4807 ὲγέρσεως.
952 4734 1061 4788 Καὶ
1095 4733 1262 4788 ἄκουε
1295 4731 1348 4784 τι
1387 4746 1555 4800 φησιν
1613 4730 1642 4781 6
1698 4727 1842 4790 θεῖος

270 4833 631 4894 ’Λναστάσιος
691 4832 749 4882 ὲν
798 4830 867 4898 τῇ
908 4827 1043 4896 παρ’
1087 4824 1255 4877 αὐτοῦ
1295 4821 1677 4891 συγγραφείσῃ
1725 4817 1846 4888 θείᾳ

260 4926 435 4998 βίϐλῳ
551 4922 614 4975 τὸ
642 4922 815 4987 ὄνομα
855 4917 1108 4986 Ὀδηγός
1139 4933 1153 4949 ο
1197 4918 1300 4969 Ἔν
1342 4912 1505 4983 ἀρχῇ
1544 4912 1845 4981 ἄφθαρτος

256 5017 366 5072 καί
392 5016 690 5079 ἀθάνατος
720 5010 840 5067 ὑπὸ
861 5010 1010 5064 Θεοῦ
1028 5007 1290 5079 γεγονὼς
1322 5009 1356 5077 ά
1386 5006 1723 5073 ἅνθρωπος,
1745 5002 1845 5056 διὰ

259 5111 377 5177 τῆς
409 5106 698 5177 ἁμαρτίας
749 5103 959 5174 γέγονε
1017 5101 1279 5171 φθαρτὸς
1330 5098 1431 5155 καὶ
1477 5097 1698 5165 θνητὸς
1739 5096 1842 5150 καὶ

259 5200 476 5265 ὑλικός
501 5197 598 5251 καὶ
617 5196 902 5264 ρευστός.
958 5195 1192 5262 Ἀμέλει
1214 5192 1627 5257 κατοικτείρας
1653 5190 1842 5244 αὐτὸν

259 5301 295 5352 ό
337 5296 482 5359 Θεὸς
512 5292 612 5346 καὶ
662 5288 919 5361 γεγονὼς
956 5288 1288 5355 ἄνθρωπος,
1342 5285 1415 5339 τὰ
1464 5284 1697 5353 φυσικὰ
1743 5284 1842 5339 καὶ

259 5386 596 5453 ἀδιάόλητα
623 5382 1035 5451 πάθιι,πεῖναν
1054 5379 1232 5450 λέγω,
1262 5378 1364 5433 καὶ
1382 5378 1592 5446 δίψαν,
1624 5378 1843 5441 κόπον,

339 5533 451 5601 (350)
489 5531 626 5585 Vide
653 5529 883 5601 inferius
912 5530 1075 5597 epist.
1107 5530 1161 5584 5.

338 5596 454 5672 (5|)
494 5601 769 5672 Hactenus
795 5599 910 5672 Jac.
944 5596 1169 5672 l’otitani
1205 5596 1582 5667 interpretatio
1606 5613 1621 5660 ;
1643 5605 1838 5651 castora

266 5669 682 5731 Juun.'l.:nnius
711 5671 881 5725 edidit
907 5680 964 5724 et
995 5669 1187 5722 Latine
1216 5672 1397 5722 vertit.

345 5743 457 5813 (52)
491 5741 623 5813 \_’ide
660 5740 1071 5813 inl‘erius_cpist.
1162 5748 1215 5793 et
1232 5740 1290 5813 β.

347 5807 461 5880 (55)
505 5811 665 5869 Liber
692 5811 784 5881 qui
823 5810 1072 5879 'Oemdc;
1092 5825 1190 5867 seu
1220 5809 1343 5865 Dux
1372 5808 1465 5863 ria:
1495 5807 1836 5877 inscribitur,

1949 4641 2059 4710 pia,
2091 4638 2285 4708 inquit,
2330 4637 2650 4692 immortalis
2708 4646 2756 4693 ct
2785 4639 3117 4706 corruptioni
3166 4642 3386 4696 minime
3432 4648 3525 4697 ob-

1951 4731 2139 4784 noxius
2177 4746 2211 4782 a
2240 4728 2347 4782 Deo
2386 4729 2558 4799 factus
2601 4739 2674 4782 est
2717 4730 2870 4782 homo
2898 4744 2918 4794 ;
2948 4746 3042 4800 per
3084 4742 3355 4801 peccatum
3410 4751 3528 4789 vero

1942 4822 2267 4892 corruptioni
2295 4822 2570 4884 obnoxius,
2596 4832 2645 4876 et
2687 4821 2954 4890 mortalis,
3015 4834 3062 4877 et
3099 4826 3441 4891 matcriatus,
3476 4838 3527 4883 et

1943 4919 2141 4987 ﬂuxus,
2167 4916 2354 4970 evasit.
2387 4914 2578 4985 Itaque
2611 4931 2733 4968 cum
2755 4916 2869 4984 ejus
2894 4915 3035 4969 Deus
3084 4918 3325 4971 misertus
3368 4930 3524 4981 esset,

1944 5017 1991 5062 et
2022 5006 2140 5061 ideo
2180 5006 2444 5059 [remittent
2509 5006 2782 5074 induisset,
2831 5007 2976 5060 haud
3001 5007 3273 5077 indignant
3320 5014 3530 5077 putavit

1945 5098 2220 5155 naturales
2250 5098 2369 5154 illos
2398 5109 2444 5154 et
2468 5100 2855 5168 irrcpreltensos
2916 5100 3155 5169 alfactus,
3190 5104 3409 5171 famem,
3444 5106 3529 5157 in-

1946 5207 2131 5262 quam,
2165 5201 2213 5247 et
2237 5192 2407 5258 sitim,
2430 5191 2682 5258 laborem,
2706 5208 2971 5259 somnum,
2996 5194 3243 5247 sudorem
3298 5204 3347 5249 et
3378 5214 3525 5266 qua:-

1948 5300 2150 5355 cunque
2176 5286 2286 5339 alia
2313 5296 2425 5350 post
2446 5285 2945 5355 prwvaricationem
2978 5286 3227 5340 humanae
3255 5288 3377 5343 vita:
3403 5306 3527 5344 con-

1954 5376 2513 5447 tigerunt,suscipere.
2549 5375 2667 5441 Qua
2700 5376 2768 5431 de
2799 5377 3005 5431 causa?
3056 5377 3125 5433 Ut
3162 5394 3285 5434 cum
3344 5386 3531 5438 omnia

1948 5539 2057 5579 non
2090 5535 2176 5579 est
2208 5524 2351 5579 fetus
2379 5526 2613 5579 senioris
2648 5526 2918 5580 Anastasii
2945 5525 3189 5589 Sinaitte,
3218 5527 3313 5580 sed
3344 5527 3528 5594 junio-

1948 5596 2025 5648 ris
2058 5596 2339 5664 cujusdam
2362 5597 2453 5662 qui
2489 5595 2670 5649 ﬂoruit
2704 5597 2859 5650 initio
2899 5612 2953 5651 χι
2976 5597 3183 5660 szeeuli,
3219 5597 3330 5663 ipse
3364 5598 3527 5652 etiam

1949 5664 2259 5737 patriarcha
2296 5666 2709 5737 Antiochenus,
2759 5666 2826 5737 de
2864 5684 2973 5735 quo
3019 5668 3231 5737 egimus
3277 5667 3529 5737 superius

1948 5744 2066 5809 nol.
2098 5736 2291 5809 unum
2325 5735 2661 5809 scribittlas.
2700 5735 3067 5809 Oudinuyh
3102 5738 3338 5795 εει-ἰνίον.
3365 5736 3527 5791 cccle-

1948 5806 2099 5862 siast.
2126 5806 2237 5898 Adii
2271 5816 2448 5863 tamen
2476 5806 2632 5861 aliter
2667 5816 2887 5861 censent
