4186 6430
631 350 730 414 731

1904 352 1953 408 Μ
1972 350 2141 407 lCiL‘t
2158 350 2323 409 ΕΗΒ
2362 351 2622 410 οιιόιιι

3796 348 3910 412 ’132

621 468 678 521 Si
708 467 859 520 enim
897 468 1174 520 credimus
1221 468 1511 521 universos
1566 466 1815 519 homines
1857 464 2208 532 corruptione

2312 466 2361 517 οί
2394 467 2696 531 ἄνθρωποι,
2745 466 2797 519 τί
2833 465 2897 519 τὺ
2930 464 3354 534 καταναγκάζον
3388 463 3593 527 αὐτοὺς
3629 462 3908 532 αίσθη-ἧς

614 557 941 627 superiores
963 573 1087 611 esse
1112 570 1548 618 resurrecturos,
1581 557 1849 625 responde
1876 559 2009 625 jam,
2050 556 2208 625 quid-

625 664 751 703 nam
792 647 1033 701 futurum
1072 653 1166 711 sit,
1203 642 1371 718 quod
1406 664 1503 704 eos
1567 648 1824 704 sensilcm
1882 648 2065 701 cibum
2115 660 2209 699 su-

624 755 775 795 mere
827 741 1118 809 compellat
1174 741 1329 808 (57)?
1382 741 1440 797 Si
1500 756 1630 797 vero
1681 740 1981 796 secundum
2040 739 2206 793 etiam

623 831 943 903 angelorum
975 835 1421 901 similitudinem,
1455 844 1517 889 ut
1546 835 1707 890 divus
1741 833 2039 900 Gregorius
2069 831 2207 901 Nys-

626 942 792 982 senus
849 928 964 991 ait,
1010 928 1155 981 vivet
1208 928 1265 981 in
1327 929 1739 982 resurreCtioue
1794 926 1958 978 homo
2008 924 2210 991 (inquit

625 1020 803 1073 enim:
844 1019 908 1072 Et
963 1028 1128 1072 erunt
1162 1034 1353 1073 omnes
1397 1028 1458 1073 ut
1495 1019 1671 1089 angeli
1727 1016 1873 1081 Dei),
1935 1016 2209 1084 quomodo

627 1110 805 1178 ipsum
860 1111 969 1164 cibi
1032 1118 1088 1163 et
1142 1109 1381 1178 potionis
1446 1110 1781 1180 indigentem
1828 1106 2209 1161 aﬂirmamus?

626 1200 964 1270 lmpossibile
998 1201 1098 1256 hoc
1143 1202 1391 1263 omnino,
1421 1203 1781 1270 impossibile.
1822 1200 1875 1253 Si
1916 1200 2061 1253 cnim
2112 1198 2210 1251 ali—

626 1294 826 1346 mentis
871 1295 1081 1346 utimur
1121 1293 1175 1346 in
1225 1295 1664 1360 praesentiarum.
1709 1308 1775 1346 ex
1816 1308 1882 1345 eo
1928 1301 2013 1345 est
2061 1291 2205 1360 quod

627 1396 876 1438 naturam
924 1385 1096 1454 ipsam
1153 1385 1419 1438 habemus
1451 1400 1571 1453 quae
1596 1399 1698 1437 nos
1724 1384 2040 1451 compellit;
2087 1382 2205 1445 sed,

627 1477 1078 1544 quemadmodum
1111 1476 1385 1546 Nyssenus
1419 1477 1618 1545 inquit,
1663 1477 1768 1529 hoc
1804 1484 1916 1528 tum
1954 1476 2207 1527 ministe-

627 1566 710 1620 rio
741 1567 1072 1620 liberabitur
1104 1568 1288 1630 homo,
1313 1578 1363 1622 et
1390 1583 1546 1637 eaque
1572 1582 1634 1621 ac
1660 1567 1837 1635 angeli
1868 1582 1924 1619 se
1960 1566 2201 1627 habebit,

627 1659 770 1712 sicut
831 1659 884 1713 in
939 1657 1235 1727 Evangelio
1287 1661 1553 1712 Dominus
1598 1658 1750 1711 dicit.
1807 1658 1914 1710 Sed
1966 1656 2206 1711 Joannes

629 1765 846 1819 quoque
894 1752 1261 1805 Damasccn‘us
1315 1752 1368 1804 in
1422 1767 1523 1804 suo
1557 1750 1735 1817 capite
1774 1752 2077 1804 centesimo
2131 1749 2206 1802 De

626 1842 1005 1895 resurrectione
1060 1842 1131 1895 ita
1181 1842 1316 1895 dicit
1364 1842 1431 1894 ad
1480 1843 1707 1895 verbum
1764 1854 1777 1893 :

626 1946 825 2001 Corpus
879 1933 1148 1995 animale,
1202 1948 1454 1987 crassum
1515 1932 1769 1986 videlicet
1827 1939 1881 1985 et
1934 1933 2208 1986 mortale:

628 2024 863 2093 resurgit
898 2038 1098 2093 corpus
1130 2025 1399 2094 spiritale,
1430 2024 1592 2094 quale
1629 2023 1732 2077 fuit
1774 2023 1988 2078 Domini
2015 2040 2214 2093 corpus

627 2124 747 2182 post
805 2116 1302 2179 resurrectionem,
1369 2116 1585 2170 clausas
1623 2116 1819 2183 januas
1870 2116 2211 2183 pervadens,

628 2207 1058 2279 indefatigabilc,
1112 2208 1454 2272 uutrimcnti,
1493 2208 1671 2262 somni
1704 2216 1759 2262 et
1788 2208 2027 2278 potionis
2067 2204 2213 2261 haud

625 2300 892 2371 indigum.
926 2296 1105 2352 Vitam
1149 2299 1295 2353 enim
1331 2299 1594 2368 aequalem
1636 2299 1845 2369 angells
1877 2298 1929 2352 in
1955 2299 2215 2353 omnibus

628 2389 794 2444 homo
837 2398 966 2443 tunc
1014 2390 1181 2454 vivet,
1240 2390 1396 2461 juxta
1451 2406 1577 2445 eum
1628 2390 1719 2461 qui
1750 2390 1918 2444 dicit:
1955 2389 2022 2444 Et
2050 2398 2215 2445 erunt

624 2498 820 2537 omnes
853 2493 911 2536 ut
944 2484 1123 2553 angeli
1156 2484 1249 2537 Dei
1287 2484 1421 2554 (58).
1454 2501 1472 2535 ι

699 2575 807 2629 Sed
859 2576 989 2644 quid
1042 2576 1233 2630 multis
1268 2591 1406 2645 Opus
1441 2586 1525 2631 est
1561 2577 1777 2631 verbis?
1826 2575 1881 2631 Si
1932 2572 2211 2632 Christum

625 2668 801 2738 ipsum
846 2684 954 2737 prae
984 2670 1198 2723 cunctis
1234 2669 1439 2723 habere
1487 2670 1773 2734 debemus,
1814 2672 1907 2739 qui
1945 2671 2085 2725 bona
2118 2671 2211 2724 illa

625 2762 903 2827 accepturi
944 2770 1090 2826 sunt,
1144 2776 1265 2831 quae.
1311 2763 1506 2818 oculus
1541 2780 1649 2817 non
1702 2766 1860 2827 vidit,
1914 2781 2015 2819 nec
2063 2766 2212 2819 auris

626 2853 855 2916 audivit,
892 2869 993 2908 nec
1047 2854 1100 2907 in
1158 2869 1252 2910 cor
1300 2853 1541 2911 hominis
1600 2859 2005 2919 ascenderunt;
2048 2859 2209 2911 aliam

626 2940 846 2995 vivendi
877 2944 1167 3005 rationem,
1199 2951 1257 2998 ut
1278 2944 1540 3009 arbitror,
1570 2946 1898 3015 participare
1926 2961 2207 3016 nunquam

625 3033 1046 3102 compellcntur.
1086 3034 1408 3091 Beatitatem
1443 3052 1575 3092 vero
1615 3038 1784 3103 illam,
1822 3054 1932 3093 non
1978 3041 2210 3097 sensilcs

625 3124 814 3192 epulas
846 3124 954 3191 (59)
997 3140 1138 3190 esse,
1171 3125 1267 3180 sed
1312 3127 1713 3196 intelligibilem
1756 3129 1938 3197 potius
1989 3146 2053 3183 ex
2093 3132 2205 3199 ipsa
2238 3164 2281 3224 C

626 3216 838 3269 visione
873 3216 1109 3269 laetitiam
1154 3217 1207 3270 in
1244 3218 1450 3272 sanctis
1494 3218 1812 3285 excitatam,
1859 3221 1973 3290 ipse
2022 3220 2207 3276 Domi-

627 3323 732 3362 nus
757 3307 1154 3362 demonstravit
1190 3325 1315 3363 cttm
1366 3311 1441 3364 ita
1474 3310 1647 3365 dixit:
1688 3330 1706 3362 ι
1734 3310 1916 3375 Pater,
1947 3329 2083 3382 quos
2114 3316 2211 3368 de-

627 3400 754 3455 disti
806 3400 959 3466 mihi,
1006 3400 1127 3455 volo
1164 3410 1226 3454 ut
1280 3402 1369 3455 ubi
1421 3416 1523 3472 ego
1563 3418 1709 3473 sun),
1750 3404 1913 3456 etiam
1979 3405 2052 3457 illi
2100 3406 2211 3461 sint

623 3509 859 3553 mecum.
897 3503 956 3547 ut
989 3510 1161 3551 meam
1195 3494 1425 3564 gloriam
1467 3497 1924 3565 contemplentur.
1956 3517 1973 3549 ι
2013 3500 2211 3554 Atten-

623 3587 690 3639 de
729 3588 933 3655 igitur:
967 3602 1076 3641 non
1127 3588 1284 3651 dixit,
1339 3606 1359 3640 ι
1386 3598 1445 3643 ιιι
1471 3590 1824 3659 participem,
1859 3608 1876 3641 ι
1934 3592 2047 3651 sed.
2098 3611 2117 3643 ‹
2151 3600 2209 3646 ιιι

623 3678 1069 3746 contemplemur
1098 3680 1329 3747 gloriam
1363 3695 1565 3735 meam.
1592 3700 1610 3733 ι
1646 3683 1774 3736 Inde
1796 3682 1961 3753 igitur
1981 3684 2210 3737 demon-

622 3769 835 3831 stravit,
871 3779 928 3823 ut
976 3785 1139 3823 aurea
1188 3772 1353 3825 verba
1397 3772 1633 3827 fundens
1682 3771 1923 3828 Joannes
1976 3775 2051 3828 ait
2103 3776 2208 3829 tale

621 3860 866 3913 divinum
903 3861 1106 3913 dictum
1169 3877 1459 3929 enarrans,
1494 3878 1715 3921 omnem
1767 3866 1908 3921 hanc
1961 3868 2207 3936 requiem

623 3952 674 4004 in
723 3953 812 4005 l‘-ei
878 3951 1002 4007 Filii
1056 3956 1519 4025 contemplatione
1567 3960 1878 4013 consistere
1933 3962 2065 4029 (40).
2121 3958 2207 4014 Uti

622 4048 769 4100 enim
809 4046 839 4099 ii
869 4048 960 4116 qui
988 4049 1120 4102 solis
1148 4048 1333 4103 radios
1354 4049 1729 4119 speculantur,
1753 4067 1983 4120 acrcque
2017 4054 2206 4107 l'ruun-

610 4148 747 4203 tur,
812 4138 1187 4192 tenuissimam
1230 4155 1296 4194 ex
1354 4150 1578 4209 aspectu
1631 4141 1833 4196 habent
1883 4144 2206 4200 delectatio-

622 4243 773 4283 nem.
833 4228 904 4280 ita
955 4244 1176 4297 quoque
1233 4239 1363 4282 tunc
1408 4229 1534 4282 erit.
1590 4230 1803 4284 Etenim
1857 4232 2209 4305 intelligibilis

623 4320 695 4372 ibi
727 4335 790 4373 ev
832 4320 1298 4389 contemplatione
1346 4321 1534 4375 laetitia
1570 4322 1623 4375 in
1655 4326 1882 4389 sanctis,
1916 4334 1973 4378 ut
1999 4327 2205 4381 dictum

615 4421 722 4473 est,
756 4412 1105 4467 excitabitur.
1144 4413 1255 4468 Hoc
1304 4415 1481 4481 ipsum
1518 4416 1710 4483 utique
1736 4418 2050 4473 consultum
2096 4429 2208 4475 sta-

2318 558 2587 611 ἆπτεσοαι
2625 558 2921 628 βρώσεως;
2964 559 3063 623 Δὸς
3112 559 3205 611 ἐπὶ
3234 557 3449 620 τούτοις
3482 557 3801 624 ἀπόκρισιν.
3839 554 3906 608 Et

2314 649 2370 703 δὲ
2397 652 2491 704 καὶ
2538 650 2660 706 καθ’
2703 652 3001 721 ὁμοιότητα
3046 652 3155 705 τῶν
3194 652 3467 720 ἀγγέλων,
3494 649 3580 712 ὡς
3618 651 3645 701 ὁ
3673 647 3908 714 Νύσσης

2317 740 2460 801 θεῖος
2500 743 2827 813 Γρηγόριος,
2879 746 2938 799 ἑν
2970 746 3036 815 τῇ
3083 743 3383 800 ἀναστάσει
3424 742 3651 810 ζήσεται
3686 740 3910 808 ἀνθρω-

2316 850 2419 897 πος
2454 834 2590 900 (Καὶ
2639 836 2855 889 ἔσονται
2901 836 3031 905 γὰρ,
3088 836 3248 905 φησὶ,
3297 834 3497 897 πάντες
3548 833 3623 895 ὡς
3671 831 3905 899 ἄγγελοι

2317 926 2503 995 Θεοῦ),
2536 927 2655 991 πῶς
2697 928 2863 982 αὑτὸν
2892 928 3049 981 ἐνδεᾶ
3075 927 3329 997 βρώσεως
3354 927 3449 980 καὶ
3485 926 3699 987 πόσεως
3729 924 3904 976 εἴπω-

2321 1034 2459 1087 μεν;
2505 1019 2816 1089 Ἀμήχανον
2854 1020 3018 1073 τοῦτο
3059 1018 3298 1083 πάντως,
3345 1019 3654 1087 ἀμήχανον·
3686 1016 3754 1068 Et
3787 1014 3906 1081 γὰρ

2316 1110 2411 1162 καὶ
2442 1109 2684 1179 βρώσεσι
2717 1109 2986 1181 χρώμεθα
3019 1111 3283 1183 σήμερον,
3314 1110 3411 1165 ἅτε
3452 1110 3555 1178 τὴν
3599 1108 3768 1176 φύσιν
3799 1106 3908 1158 αὖ·

2317 1200 2415 1268 τὴν
2440 1199 2656 1269 ἔχοντες
2677 1202 3123 1268 ἀναγκάζουσαν,
3148 1202 3306 1265 ἀλλὰ,
3335 1200 3594 1267 καθάπερ
3619 1200 3646 1249 ό
3672 1198 3907 1265 Νύσσης

2317 1292 2473 1357 φησὶ,
2505 1292 2605 1360 τῆς
2649 1290 2994 1363 λειτουργίας
3036 1292 3245 1357 ταύτης
3272 1291 3726 1361 ἀπαλλαγήσεται
3773 1288 3907 1340 τότε

2314 1385 2343 1436 ό
2370 1383 2659 1453 ἄνθρωπος
2692 1386 2788 1437 καὶ
2819 1389 2934 1447 τοῖς
2966 1385 3223 1455 ἀγγέλοις
3252 1385 3311 1448 ἐξ
3343 1384 3462 1437 ῐσου
3491 1384 3907 1451 διατεθήσεται,

2316 1475 2499 1539 καθὼς
2546 1479 2603 1529 ὲν
2652 1477 3011 1544 Εὑαγγελίοις
3056 1477 3160 1546 ἔφη
3209 1477 3239 1530 ό
3292 1479 3517 1545 Κύριος.
3560 1474 3718 1526 Ἀλλ1
3752 1473 3848 1525 καὶ
3876 1473 3909 1523 ὁ

2300 1568 2683 1637 ,Δαμασκηνὸς
2748 1569 3007 1638 Ἰωάννης
3067 1570 3127 1620 ὲν
3175 1567 3253 1637 τῷ
3306 1568 3445 1633 Περὶ
3498 1565 3902 1627 ἀναστάσεως

2317 1656 2600 1726 ἑκατοστῷ
2633 1658 2921 1726 κεφαλαίῳ
2959 1657 3126 1710 αὑτοῦ
3157 1658 3295 1711 κατὰ
3325 1657 3471 1720 λέξιν
3515 1656 3661 1707 οὓτω
3687 1657 3861 1723 φησίν
3889 1668 3910 1687 ο

2324 1765 2343 1799 ‹
2380 1748 2670 1818 Σπείρεται
2704 1750 2867 1817 σῶμα
2899 1750 3152 1821 ψυχικὸν,
3182 1750 3353 1819 ἢγουν
3381 1748 3527 1816 παχύ
3556 1764 3614 1800 τε
3646 1750 3737 1800 καὶ
3773 1748 3913 1815 θνη-

1837 1858 1864 1892 ι
1894 1840 2209 1895 Seminatur
2243 1819 2285 1875 Β
2316 1844 2429 1905 τὸν,
2455 1842 2735 1912 ἐγείρεται
2777 1843 2941 1912 σῶμα
2969 1819 3371 1913 τινευματικδν,
3411 1836 3523 1895 οἷον
3556 1843 3617 1893 τὸ
3658 1841 3753 1893 τοῦ
3784 1842 3909 1892 Κυ-

2320 1930 2437 2000 ρίου
2467 1932 2628 2000 σῶμα
2652 1932 2794 2001 μετά
2814 1934 2914 2003 τὴν
2944 1934 3271 1996 ἀνάστασιν,
3295 1932 3702 2001 κεκλεισμένων
3721 1931 3908 1984 ὄντων

2317 2023 2497 2093 θυρῶν
2546 2023 2926 2095 διερχόμενον,
2979 2025 3352 2090 ἁκοπίαστον,
3411 2028 3659 2094 τροφῆς,
3720 2023 3908 2075 ὕπνου

2316 2112 2413 2164 καὶ
2441 2113 2654 2176 πόσεως
2688 2116 2960 2177 ἁνενδεές.
3003 2116 3127 2168 Βίον
3158 2116 3270 2185 γὰρ
3307 2116 3595 2184 ίσάγγελον
3624 2115 3715 2167 ἐπὶ
3755 2116 3908 2166 πᾶσι

2314 2206 2437 2256 τότε
2465 2205 2693 2273 ζήσεται
2722 2208 3011 2276 ἄνθρωπος
3041 2209 3187 2261 κατὰ
3206 2207 3304 2261 τὸν
3336 2208 3583 2274 εἰπόντα,
3608 2207 3720 2261 Καὶ
3746 2205 3911 2259 ἔσον-

2314 2315 2407 2352 ται
2438 2298 2643 2364 πάντες
2670 2300 2747 2365 ὡς
2775 2300 3002 2369 ἄγγελοι
3029 2299 3187 2355 Θεοῦ.
3229 2319 3248 2353 ι

2387 2572 2497 2626 Καὶ
2524 2572 2579 2625 τί
2611 2572 2716 2643 χρὴ
2748 2573 2920 2627 πολλά
2958 2572 3179 2641 λέγει-λς
3225 2572 3291 2626 Εί
3332 2572 3421 2625 τὸν
3455 2571 3691 2643 Χριστὸν
3724 2567 3902 2623 αὐτὸν

2314 2667 2437 2719 ἀντὶ
2477 2667 2695 2719 πάντων
2732 2666 2879 2734 ἔχειν
2910 2664 3222 2732 ὀφείλοντες
3250 2665 3300 2715 οἱ
3338 2663 3448 2715 τῶν
3489 2662 3712 2730 ἀγαθῶν
3748 2662 3902 2712 ἑκεί-

2315 2776 2422 2809 νων
2455 2758 2755 2810 ἀπολαϐεῖν
2799 2757 3088 2827 μέλλοντες
3116 2757 3152 2811 ἀ
3181 2755 3461 2824 ὀφθαλμὸς
3489 2757 3590 2807 οὐκ
3628 2750 3761 2815 εἶδε,
3795 2755 3902 2805 καὶ

2314 2851 2407 2914 οῦς
2452 2853 2552 2904 οὐκ
2603 2852 2826 2920 ἢκουσε,
2884 2854 2978 2904 καὶ
3011 2852 3101 2904 ἐπὶ
3158 2851 3389 2917 καρδίαν
3444 2849 3739 2918 ἀνθρώπου
3794 2850 3904 2899 οὐκ

2314 2945 2508 3014 ἀνέθη,
2545 2946 2757 3011 διαίτης
2802 2946 3023 3013 ἑτέρας,
3055 2945 3130 3009 ὡς
3156 2940 3336 3014 οἶμαι,
3371 2945 3665 3014 μετασχεῖν
3694 2943 3795 2994 οὐκ
3828 2943 3903 2995 ἄν

2314 3054 2444 3089 ποτε
2474 3039 2941 3108 προαχθήσονται.
2976 3040 3102 3092 Ὅτι
3143 3039 3200 3092 δὲ
3242 3040 3273 3108 ἡ
3330 3039 3668 3109 μακαριότης
3704 3038 3898 3104 ἐκείνη

2315 3134 2374 3184 οὐ
2437 3133 2641 3202 βρῶσις
2700 3132 2932 3202 αἰσθητή
2994 3134 3173 3196 ἐστιν,
3227 3131 3341 3184 ἀλλ’
3391 3132 3424 3200 ἡ
3480 3130 3645 3199 νοητὴ
3689 3130 3900 3198 μᾶλλον

2316 3225 2623 3293 εὐφροσύνη
2657 3224 2743 3277 διὰ
2794 3226 2924 3288 Θέας
2958 3225 3284 3294 ἐγγινομένη
3334 3226 3448 3286 τοῖς
3486 3223 3686 3289 ἁγίοις,
3727 3222 3902 3284 αὐτὸς

2312 3321 2339 3371 ὸ
2372 3319 2577 3387 Κύριος
2620 3318 2824 3381 ἔδειξεν
2856 3320 2911 3370 ἐν
2941 3312 3021 3381 οἷς
3050 3317 3224 3380 οὓτως
3267 3318 3418 3383 ἔλεγε
3450 3332 3464 3345 ·
3503 3335 3520 3367 ι
3559 3318 3762 3383 Πάτερ,
3799 3313 3901 3373 οὓς

2313 3406 2553 3467 δέδωκάς
2592 3425 2682 3474 μοι
2715 3406 2855 3458 θέλω
2891 3407 2977 3458 ἵνα
3026 3406 3163 3460 ὅπου
3198 3405 3315 3474 εἰμὶ
3355 3405 3486 3472 ἐγὼ,
3515 3406 3758 3458 κάκεῖνοι
3788 3396 3896 3456 ὦσι

2316 3500 2435 3566 μετ’
2471 3500 2629 3566 ἐμοῦ,
2656 3499 2742 3549 ἵνα
2778 3498 3026 3568 θεωρῶσι
3057 3498 3156 3568 τὴν
3189 3497 3348 3562 δόξαν
3375 3497 3472 3567 τὴν
3501 3498 3664 3565 ἐμήν.
3694 3514 3712 3547 ι
3749 3498 3900 3564 Πρό-

2316 3602 2442 3653 σεχε
2493 3584 2588 3637 οῦν
2612 3601 2625 3615 ο
2662 3585 2759 3637 οὐκ
2793 3580 2976 3651 εἶπεν,
3010 3603 3029 3636 ι
3069 3586 3156 3637 ῖνα
3191 3585 3511 3654 μετέχωσιν,
3548 3602 3568 3635 ι
3595 3583 3714 3637 ἀλλ’
3752 3602 3771 3634 t
3803 3585 3895 3636 ῖνα

2314 3676 2566 3746 Θεωρῶσι
2595 3677 2695 3744 τῆν
2720 3677 2882 3741 δόξαν
2911 3678 3008 3744 τὴν
3041 3676 3201 3745 ἐμήν.
3235 3694 3254 3726 ι
3296 3674 3535 3737 Ἔδειξεν
3570 3670 3665 3727 οὖν
3699 3674 3893 3727 ἐντεῦ-

2312 3768 2424 3827 Θεν.
2453 3769 2529 3831 ὼς
2555 3771 2583 3821 ὁ
2619 3770 3026 3839 χρυσορῤήμων
3064 3767 3319 3835 Ἰωάννης
3362 3768 3493 3835 φησὶ
3540 3767 3601 3819 τὸ
3642 3767 3895 3819 τοιοῦτον

2311 3862 2750 3931 ὲπεξηγούμενος
2802 3862 2946 3914 θεῖον
2998 3860 3186 3930 ῥητὸν,
3237 3861 3320 3913 ὅτι
3373 3860 3524 3912 πᾶσα
3575 3859 3895 3922 ἀνάπαυσις

2312 3952 2458 4022 αῦτη
2492 3953 2642 4005 ἐστὶν
2674 3955 2753 4015 εἰς
2783 3952 2844 4004 τὺ
2873 3951 3101 4020 θεωρεῖν
3150 3952 3230 4013 είς
3271 3951 3363 4003 τὸν
3398 3951 3524 4003 Υίδν
3577 3949 3671 4003 τοῦ
3704 3949 3845 4003 Θεοῦ
3874 3967 3890 3982 ·

2308 4046 2497 4117 ὥσπερ
2526 4052 2633 4115 γὰρ
2665 4047 2713 4097 οἱ
2750 4045 2889 4116 πρὸς
2916 4045 3014 4105 τὰς
3044 4044 3270 4105 ἀκτῖνας
3299 4041 3398 4094 τοῦ
3430 4042 3580 4112 ἡλίου
3613 4041 3895 4111 θεωροῦν-

2307 4158 2399 4204 τες
2458 4144 2554 4194 καὶ
2609 4141 2768 4209 ἀέρος
2815 4137 3182 4199 ἀπολαύοντες
3236 4135 3572 4207 λεπτοτάτην
3630 4135 3739 4187 ἀπὸ
3790 4136 3893 4204 τῆς

2308 4232 2486 4301 ὅψεως
2516 4233 2702 4303 ἔχουσι
2732 4230 3182 4300 τὴννάπόλαυσιν,
3227 4230 3401 4295 οὕτως
3431 4231 3584 4284 ἔσται
3619 4232 3715 4284 καὶ
3739 4230 3890 4284 τότε.

2308 4327 2499 4397 Νοητὴ
2532 4324 2763 4394 καὶγὰρ
2814 4324 3128 4395 εὐφροσύνη
3170 4325 3346 4378 ἐκεῖσε
3392 4324 3480 4377 διὰ
3522 4323 3648 4386 θέας
3675 4327 3895 4390 ἐγγινο-

2314 4420 2451 4490 μένη
2480 4419 2593 4481 τοῖς
2618 4417 2817 4484 ἁγίοις,
2840 4415 2916 4479 ὡς
2947 4419 3184 4486 εἴρηται.
3204 4417 3373 4469 Τοῦτο
3401 4416 3584 4487 μέντοι
3614 4416 3673 4468 τὸ
3702 4416 3891 4483 δόγμα

611 4506 741 4557 'bilit
802 4505 967 4581 etiam
1017 4503 1394 4557 divinissimus
1436 4504 1677 4560 Joannes
1726 4506 2098 4565 Damascenus
2142 4512 2208 4567 de

2318 4513 2606 4580 συνίστησι
2636 4509 2733 4563 καὶ
2778 4512 2807 4563 ὀ
2855 4508 3135 4571 θειότατος
3183 4508 3433 4578 Ἰωάννης
3461 4509 3489 4560 ὀ
3522 4508 3885 4576 Δαμασκηνὸς

620 4595 965 4650 intemeratis
1011 4594 1213 4649 Christi
1245 4594 1521 4665 mysteriis
1570 4598 1733 4651 verba
1774 4597 2006 4663 faciens,
2046 4610 2102 4656 et
2148 4618 2213 4658 ea

618 4702 739 4749 ιιιιιιξ
771 4696 1079 4755 sequuntur
1124 4687 1257 4741 dicit
1287 4703 1302 4738 :
1332 4704 1349 4736 ι
1382 4686 1579 4741 Sancta
1617 4690 1732 4743 lucc
1764 4703 2107 4747 sacramenta
2140 4694 2214 4749 si-

607 4784 863 4837 ‘mulacra
896 4780 1213 4835 futurorum
1266 4779 1546 4845 dicuntur,
1598 4794 1708 4834 non
1752 4782 1879 4850 quia
1918 4799 2044 4839 vere
2100 4801 2210 4842 non

689 4949 802 5014 (37)
838 4943 1106 5015 Superius
1147 4940 1411 5015 (ξομ-702.

688 5010 802 5085 (38)
836 5010 1229 5073 Tertullianus.
1258 5012 1535 5085 De_resur.
1559 5026 1710 5066 carn.
1754 5010 2123 5085 t_"l'ransitttri
2152 5017 2204 5071 in

614 5082 818 5145 statum
849 5087 1156 5156 angelicum
1190 5100 1287 5153 per
1338 5082 1717 5156 indumentum
1771 5082 1899 5135 illud
1954 5085 2205 5139 incorru—

620 5152 954 5230 ptibilitatis,
990 5172 1086 5224 per
1116 5152 1439 5230 substantia}
1494 5152 1863 5230 t'esuscitlalze
1897 5162 2075 5230 tamen
2093 5158 2206 5230 _de-

615 5221 1002 5284 inutat'zonetn.
1039 5247 1054 5276 ι
1122 5225 1350 5277 Ktttinus
1384 5223 1579 5293 Expos.
1620 5227 1673 5273 in
1717 5221 1950 5291 Syntbol.
1979 5241 1997 5277 :
2035 5243 2051 5273 ι
2093 5227 2194 5280 lte-

616 5298 979 5354 surrctttionis
1013 5312 1141 5366 ergo
1168 5298 1341 5347 virtus
1370 5294 1677 5363 angelicum
1716 5293 2032 5349 homin:bus
2065 5311 2195 5349 con-

617 5374 723 5425 fert
757 5381 986 5431 reatum,
1032 5370 1206 5433 utqui
1251 5367 1316 5417 de
1386 5375 1526 5416 tetra
1587 5377 2028 5430 resurrexerunt,
2084 5384 2191 5421 non

616 5444 815 5495 iterum
858 5443 909 5493 in
948 5450 1092 5491 terra
1126 5451 1248 5489 cum
1277 5434 1743 5504 quadrupedibus,
1806 5434 1902 5486 sed
1957 5451 2007 5487 ιιι
2059 5440 2196 5492 coelo

617 5530 739 5565 cum
777 5510 1007 5579 angelis.
1038 5507 1249 5561 Viutttt.
1293 5526 1310 5557 ι

688 5585 796 5649 (55:)
834 5574 1123 5647 l'verpcratn
1166 5581 1329 5647 igitur
1364 5574 1599 5649 theologi
1623 5574 1840 5649 quidam
1864 5576 2197 5649 portendunt

613 5646 807 5723 gustus
839 5646 1535 5723 tactusque_\'0lttptatibus
1587 5646 1934 5723 ctcjttsmodi
1988 5649 2197 5723 tit-liciis

615 5716 803 5778 ίιιιηιιις
835 5726 884 5776 in
916 5721 1056 5774 Ctelo
1080 5721 1242 5773 etiam
1274 5721 1541 5773 fruiturus
1571 5734 1582 5768 :
1610 5724 1664 5769 et
1719 5718 1846 5767 hinc
1880 5716 2195 5771 excoluntur

611 5798 863 5851 Cirtttthi
936 5796 1186 5857 limosis,
1248 5801 1303 5846 ct
1361 5805 1550 5844 eorum
1616 5788 2032 5850 Cltiliaszat'ttrn,
2107 5791 2195 5856 qui

2312 4603 2583 4675 περὶτῶν
2634 4602 2925 4671 ἀχράντων
2979 4601 3074 4654 τοῦ
3110 4598 3360 4683 ,Χριστοῦ
3427 4598 3740 4669 μυστηρίων
3794 4599 3880 4651 τοι

2311 4698 2471 4765 λόγον
2506 4695 2851 4765 ποιούμενος,
2885 4694 2980 4745 καὶ
3014 4692 3140 4746 τάδε
3173 4689 3345 4761 φησί·
3390 4708 3409 4742 ι
3431 4691 3509 4743 Τόι
3545 4692 3681 4757 ἅγια
3708 4690 3887 4741 ταῦτα

2315 4789 2597 4862 μυστήρια
2638 4786 2752 4839 τῶν
2782 4785 3089 4853 μελλόντων
3120 4783 3387 4836 ἀντίτυπα
3424 4782 3637 4850 λέγεται
3666 4781 3770 4851 οὐχ
3806 4783 3889 4833 ὅτι

2308 4949 2560 5005 homines
2594 4955 2885 5016 postquam
2937 4941 3336 5016 resurrexerint
3403 4954 3523 5016 cum
3559 4938 3784 5016 Christo
3829 4941 3886 4993 in

2309 5022 2412 5074 hoc
2448 5011 2654 5072 mundo
2685 5011 3029 5085 regnaturos,
3058 5012 3264 5085 deliciis
3282 5011 3535 5085 omnibus
3555 5011 3887 5085 etvolupta-

2307 5093 2454 5144 tibus
2478 5078 2781 5144 atiluentes.
2814 5078 3106 5147 adiuuant,
3135 5084 3200 5137 de
3225 5082 3420 5149 quibus
3436 5082 3553 5133 vide
3587 5078 3885 5131 Eusebium

2305 5161 2695 5215 (izrsariensem
2724 5156 2816 5208 lib.
2852 5170 2909 5208 tn
2941 5154 3140 5209 llistor.
3167 5152 3326 5206 eccles
3356 5192 3371 5214 ,
3403 5165 3520 5218 cap.
3554 5150 3681 5201 Stet
3708 5150 3801 5205 50,
3829 5159 3887 5201 et

2308 5232 2400 5283 lib.
2443 5245 2536 5293 vn,
2570 5244 2690 5295 cap.
2723 5226 2812 5288 2|,
2859 5234 2913 5295 et
2958 5226 3318 5295 Augustinum
3365 5222 3461 5276 lib.
3494 5236 3580 5273 xtx
3628 5218 3703 5268 De
3729 5222 3881 5271 σητξι.

2308 5301 2426 5364 Dei,
2457 5315 2576 5368 cap.
2615 5294 2670 5357 7,
2705 5306 2763 5347 ut
2798 5294 3052 5368 reliquos
3079 5294 3346 5368 omittam.

2376 5360 2491 5438 (ιυ)
2526 5360 2661 5422 ilinc
2690 5375 2837 5419 recte
2886 5360 2983 5438 vita
3022 5363 3217 5438 doctus
3267 5362 3536 5438 evicenna
3566 5432 3576 5438 _
3601 5360 3881 5438 iustorum

2304 5430 2604 5495 secundum
2633 5437 2842 5492 obitum
2895 5434 3208 5489 felicitatem
3262 5433 3413 5502 juxta
3474 5430 3879 5482 Mnhatnmedis

2304 5515 2493 5580 placita
2531 5508 2927 5580 cxponen_s_._in
2982 5503 3205 5580 una_Dei
3235 5502 3710 5580 _contemplatione
3746 5508 3879 5547 eam

2303 5573 2553 5644 cuilocat,
2604 5573 2689 5633 ἐι
2771 5575 3154 5646 ἁλληγορικῶς
3220 5573 3640 5646 interpretatur,
3744 5581 3879 5646 qua:

2300 5638 2763 5722 ψευδοπροφήτης
2830 5638 3038 5722 ille'dc
3067 5643 3433 5722 _scnsihi|ih_us
3458 5710 3471 5722 _
3491 5638 3875 5722 voluptatibus

2304 5709 2527 5777 vitetur.
2552 5709 2827 5793 ingerere.
2869 5718 2997 5773 Vide
3031 5717 3151 5787 ejus
3178 5729 3311 5785 opus
3344 5712 3410 5765 de
3440 5709 3717 5763 Almahad.
