4186 6430
210 342 321 409 ηδε

1574 330 1949 395 EPISTOLA
1985 332 2088 394 VI.

3336 323 3441 390 770

215 453 313 507 καὶ
342 452 546 521 γήμῃς,
582 448 680 519 οὐχ
711 452 957 520 ἥμαρτες
982 465 996 482 ·
1040 449 1152 503 ἀλλ’
1184 449 1240 501 ὲν
1291 446 1584 517 ἁμαρτίαις
1628 447 1777 515 ὅμως
1804 493 1808 504 ,

1904 442 2016 497 :atis
2043 439 2297 497 similiter
2329 440 2493 495 habet
2527 451 2714 495 nostra
2755 438 3035 510 generatio
3062 453 3441 510 progressum,

216 542 250 607 ἠ
296 538 507 606 γένεσις
537 538 694 605 ἡμῶν
732 538 844 606 ἔχει
874 537 972 602 τὴν
1010 538 1289 606 πρόσοδον,
1330 536 1422 591 ἅτε
1450 536 1515 606 δὴ
1541 552 1780 606 προκατ-

216 629 475 697 άρχοντος
527 628 735 690 πάθους
790 629 959 697 αὐτῆς
983 644 996 658 ·
1030 622 1092 681 οὗ
1126 628 1287 697 χάριν
1319 628 1540 698 ἐμπαθῆ
1573 628 1779 698 ταύτην

220 715 362 769 εἶναι
407 719 502 770 καὶ
552 717 744 785 δούλην
795 721 822 770 ὁ
869 719 1128 785 Θεολόγος
1182 718 1387 786 ἔλεγεν.
1451 717 1783 772 Ἐπιϐεϐαιοῖ

220 807 394 859 ταῦτα
434 809 529 860 καὶ
562 806 726 860 Δαόὶδ
773 810 801 861 ὁ
849 808 990 871 θεῖος
1022 808 1163 860 οὕτω
1216 808 1427 873 λέγων’
1467 826 1486 859 ι
1540 809 1628 860 Ἐν
1658 809 1781 861 ἀνο-

224 900 376 968 μίαις
415 899 778 970 συνελήφθην,
800 903 895 953 καὶ
936 903 994 953 ὲν
1030 903 1327 971 ἁμαρτίαις
1357 902 1615 972 έκίσσησέ
1649 920 1715 971 με
1744 905 1776 971 ἡ

222 990 408 1059 μήτηρ
435 1006 559 1057 μου.
594 1008 612 1041 ι
648 991 757 1043 Καὶ
779 991 891 1057 γὰρ
935 993 983 1043 εί
1017 991 1091 1062 μὴ
1149 992 1305 1044 τοῦτο
1334 987 1424 1061 ἦν,
1469 994 1518 1045 εί
1571 992 1645 1061 μὴ
1682 992 1781 1061 τὴν

223 1080 415 1151 ζωὼδη
441 1080 645 1150 ταύτην
666 1081 901 1152 εὕρηκεν
922 1082 1114 1149 ἄλογον
1135 1084 1390 1151 γέννησιν
1414 1087 1493 1145 είς
1515 1084 1582 1154 ἣν
1609 1086 1636 1138 ό
1661 1084 1781 1136 κατ’

222 1170 411 1223 είκόνα
440 1172 803 1241 γεγενημένος
829 1171 963 1225 Θεοῦ
1011 1172 1317 1244 κατηνέχθη
1356 1174 1444 1228 διὰ
1469 1175 1567 1245 τὴν
1604 1174 1782 1245 παρά-

221 1260 406 1326 ϐασιν,
443 1264 542 1316 οὐκ
570 1264 636 1317 ἂν
669 1264 762 1317 ἐπὶ
793 1265 1047 1318 τοσοῦτον
1085 1265 1325 1336 ὠδύρετο
1361 1267 1563 1333 λέγων’
1607 1287 1626 1320 ι
1655 1268 1784 1321 Ἀν-

224 1354 443 1422 θρωπος
476 1354 536 1407 ὲν
567 1358 701 1426 τιμῇ
728 1355 803 1409 ὣν
830 1357 891 1409 ού
928 1357 1148 1426 συνῆκε.
1182 1359 1643 1429 Παρασυνεὸλήθη
1670 1362 1782 1422 τοῖς

219 1446 477 1517 ἀνοήτοις
507 1450 746 1518 κτήνεσι,
774 1449 867 1502 καὶ
890 1448 1148 1518 ὡμοιώθη
1181 1450 1416 1513 αὐτοῖς.»
1445 1450 1582 1504 Είδὲ
1609 1452 1782 1506 ταῦτα

221 1538 395 1601 οὕτως
426 1538 563 1608 ἔχει.
600 1540 652 1591 τί
683 1540 789 1610 χρὴ
820 1543 912 1593 καὶ
960 1542 1141 1610 λέγειν
1166 1542 1195 1611 ἢ
1225 1544 1306 1595 ὅτι
1336 1542 1441 1611 πρὸ
1483 1542 1576 1596 τοῦ
1609 1560 1784 1613 παρα-

218 1629 421 1698 χθῆναι
450 1632 510 1682 τὸ
540 1630 692 1701 θῆλυ,
729 1633 833 1701 πρὸ
864 1630 956 1685 τοῦ
1005 1633 1431 1702 συγχωρηθῆναι
1458 1634 1549 1686 τὸν
1578 1635 1780 1703 γάμον.

218 1721 356 1789 ἄλλη
391 1737 472 1783 τις
516 1722 547 1792 ἡ
597 1722 861 1791 διαγωγὴ,
913 1724 1002 1775 καὶ
1037 1723 1198 1794 ἑτέρα
1242 1722 1503 1788 ὡσαύτως
1548 1725 1634 1778 τοῦ
1671 1727 1774 1779 σώ-

226 1830 397 1881 ματος
431 1816 743 1891 κατασκευὴ
787 1818 850 1885 τῇ
886 1816 1220 1869 καταστάσει
1252 1819 1465 1877 πάντως
1496 1819 1678 1889 ἐκείνῃ
1711 1821 1775 1888 τῇ

224 1906 495 1973 πρότερον
527 1905 834 1973 πρέπουσα,
861 1905 982 1958 καθ’
1007 1906 1074 1975 ἢν
1101 1907 1363 1975 ὁμότιμος
1394 1907 1500 1968 τοῖς
1531 1908 1781 1974 ἀγγέλοις

221 1996 252 2045 ὁ
287 1994 570 2063 ἄνθρωπος
611 1992 701 2064 ἦν.
740 1996 861 2048 Ὅτι
892 1996 947 2049 δὲ
992 1998 1160 2049 ταῦτα
1193 1996 1371 2059 οὓτως
1415 1993 1529 2066 εἶχε
1556 1999 1661 2068 πρὸ
1686 2001 1783 2066 τῆς

223 2086 577 2151 ἐκπτώσεως,
604 2088 745 2141 αὑτά
791 2104 848 2140 σε
885 2088 990 2157 πρὸ
1023 2088 1116 2141 τοῦ
1157 2090 1318 2157 λόγου
1368 2089 1665 2142 διδασκέτω
1719 2090 1787 2144 τὰ

228 2176 557 2245 πράγματα.
582 2178 678 2229 Διά
709 2178 759 2230 τί
789 2179 896 2247 γὰρ
928 2180 955 2230 ὁ
986 2179 1197 2241 Παῦλος
1226 2182 1344 2243 ταῖς
1372 2183 1659 2248 παρθένοις
1693 2183 1788 2234 καὶ

223 2270 349 2328 ταῖς
386 2270 580 2337 χήραις
612 2272 794 2337 μεῖναι
824 2269 947 2322 κατ’
986 2272 1193 2324 ἐκεῖνον
1241 2272 1581 2337 ἐπέτασσεν;
1618 2274 1787 2343 Είπερ

216 2356 322 2415 νοῦν
350 2361 445 2413 ἀπ’
472 2362 647 2433 ἀρχῆς
677 2363 846 2432 ἄρσεν
874 2364 967 2416 καὶ
997 2364 1131 2433 θῆλυ
1159 2364 1415 2436 ἐποίησεν
1439 2367 1464 2417 ὁ
1489 2364 1642 2429 Θεὸς,
1676 2367 1790 2428 πῶς

221 2454 274 2506 oi
308 2453 570 2521 ὁμόζυγοι
602 2456 726 2516 τοὺς
758 2455 971 2524 γάμους
1002 2456 1176 2508 ἐνίοτε
1206 2456 1426 2520 λύοντες
1450 2458 1667 2519 ἑκόντες
1699 2456 1791 2510 ἀπ’

224 2544 479 2614 ἀλλήλων
511 2546 849 2614 διίστανταις
883 2549 981 2602 Διὰ
1016 2548 1069 2601 τί
1102 2551 1194 2602 καί
1240 2549 1425 2621 ἀσιτία
1460 2550 1793 2617 προσταλαι-

227 2637 475 2707 πωροῦσί
502 2655 668 2702 τινες,
700 2643 795 2692 καὶ
813 2643 880 2711 τῇ
906 2641 1069 2711 λοιπῇ
1100 2643 1369 2713 κακουχίᾳ
1390 2642 1484 2695 τοῦ
1513 2643 1792 2710 σώματος;

227 2729 331 2781 καὶ
360 2729 531 2782 ταῦτα
558 2730 652 2783 τοῦ
708 2731 843 2784 Θεοῦ
880 2732 1054 2803 μυρία
1104 2735 1525 2804 παραγαγόντος
1566 2734 1799 2803 ἐδώδιμα

229 2822 372 2891 πρὸς
425 2823 702 2892 ἡμετέραν
737 2824 1058 2878 ἀπόλαυσιν.
1112 2824 1346 2896 Εὔδηλον
1392 2824 1488 2880 οῦν
1530 2827 1611 2880 ὄτι
1665 2827 1800 2898 πρὸς

222 2916 332 2984 τὴν
374 2916 608 2984 ἀρχαίαν
654 2915 871 2985 ὲκείνην
905 2915 1051 2986 ζωὴν
1083 2916 1395 2987 ἀφορῶντες
1440 2919 1489 2970 οί
1523 2917 1801 2989 ἅνθρωποι

230 3009 333 3063 καὶ
360 3008 661 3077 παρθενίαν
694 3008 949 3074 ἀσκοῦσι,
1000 3010 1094 3063 καὶ
1135 3010 1351 3078 γάμους
1388 3011 1561 3063 ἐνίοτε
1594 3010 1801 3075 λύουσι,

1808 1772 1848 1829 Β

1880 535 2281 604 perturbatione
2312 533 2565 586 videlicet
2625 546 2745 586 eam
2801 540 3207 595 antevertente;
3256 548 3444 600 quam-~

1881 627 2071 680 obrem
2119 632 2373 694 azgrotam
2408 638 2526 676 eam
2557 632 2612 676 et
2637 637 2847 677 servam
2872 637 2993 676 esse
3025 622 3115 675 ille
3136 621 3444 691 Theologns

1882 718 2037 773 dixit.
2071 716 2371 772 Confirmat
2396 716 2512 769 haec
2563 715 2784 768 divinus
2830 715 2994 767 etiam
3044 715 3210 767 David
3248 714 3318 767 ita
3359 715 3446 769 di-

1881 825 2015 863 cens
2046 826 2058 862 :
2106 827 2125 860 ι
2159 809 2215 862 In
2252 808 2633 877 iniquitatibus
2661 814 2958 874 conceptus
2986 820 3126 869 sum,
3150 814 3204 859 et
3233 806 3288 858 in
3321 821 3447 874 pec-

1883 900 2020 954 catis
2043 899 2293 966 concepit
2321 913 2406 950 me
2443 907 2615 951 mater
2647 912 2788 950 mea.
2817 915 2835 947 »
2877 896 2931 950 Si
2973 897 3120 949 enim
3174 897 3317 949 haud
3374 899 3445 950 ita

1885 1006 1972 1044 res
2004 1006 2062 1044 se
2104 991 2360 1054 habebat,
2391 989 2434 1041 si
2460 1004 2568 1041 non
2603 989 2891 1041 animalem
2932 987 3070 1042 hanc
3100 988 3259 1050 vidit,
3289 995 3345 1042 et
3375 989 3446 1040 ir-

1884 1081 2249 1136 ritationalcm
2291 1082 2695 1150 generationem
2731 1080 2798 1134 ad
2846 1096 3005 1148 quant
3065 1081 3174 1144 ille,
3230 1081 3322 1150 qni
3380 1082 3447 1134 ad

1884 1175 1978 1229 Dei
2017 1175 2306 1246 imaginem
2338 1174 2510 1228 factus
2540 1174 2738 1237 fuerat,
2794 1189 2890 1242 per
2940 1175 3446 1242 praevaricationem

1884 1265 2153 1320 deductus
2175 1275 2277 1329 est,
2301 1280 2409 1318 non
2428 1267 2615 1332 utique
2639 1265 2774 1319 adeo
2802 1266 3192 1321 lamentaretur
3217 1269 3406 1321 dicens
3431 1283 3446 1319 :

1890 1374 1907 1409 ι
1952 1355 2127 1411 iiomo
2155 1371 2278 1410 cum
2314 1355 2371 1409 in
2408 1358 2614 1410 honore
2647 1364 2795 1409 esset
2818 1371 2924 1409 non
2957 1357 3253 1421 intellexit,
3302 1372 3454 1412 com-

1883 1458 2105 1519 paratus
2126 1456 2207 1502 est
2239 1447 2503 1517 jnmentis
2541 1448 2947 1516 insipientibus,
2967 1459 3021 1502 et
3046 1449 3451 1503 similisJ’actus

1884 1551 1970 1598 est
1995 1541 2125 1595 illis.
2158 1560 2177 1593 ι
2215 1539 2271 1593 Si
2299 1554 2428 1594 vero
2453 1541 2567 1594 hmc
2601 1541 2674 1593 ita
2702 1531 2761 1594 Se
2796 1541 3014 1607 habent,
3052 1542 3180 1609 quid
3205 1557 3341 1611 opus
3371 1554 3457 1598 est

1884 1632 2065 1688 dicere
2087 1638 2265 1685 utrum
2296 1641 2592 1700 antequam
2618 1631 2819 1684 femina
2845 1632 3261 1699 produceretur,
3299 1643 3454 1686 ante-

1884 1735 2044 1789 quam
2076 1718 2522 1789 permitterentur
2574 1718 2799 1787 nuptiae,
2850 1720 2956 1773 alia
2996 1712 3263 1788 qumdam'
3295 1722 3458 1783 fuerit

1882 1811 2005 1865 vitae
2032 1810 2327 1873 institutio,
2357 1820 2412 1863 et
2442 1810 2609 1863 altera
2639 1825 2705 1863 eo
2726 1812 2830 1863 lem
2853 1810 3015 1863 modo
3038 1812 3284 1877 corporis
3316 1821 3459 1864 strn-

1883 1912 2038 1957 ctura
2098 1904 2173 1958 illi
2231 1903 2606 1957 universitatis
2652 1903 3059 1966 constitutioni,
3126 1919 3248 1972 quae
3306 1905 3459 1973 prius

1885 1992 2009 2057 fuit,
2042 1994 2397 2056 conveniens,
2448 1992 2749 2046 secundum
2801 2008 2960 2059 quam
2994 1994 3199 2061 angelis
3252 1995 3459 2047 honore

1888 2089 2051 2143 homo
2081 2096 2202 2141 erat
2232 2085 2475 2156 aequalis.
2512 2085 2632 2140 [hcc
2665 2094 2845 2138 autem
2872 2086 2943 2138 ita
2973 2102 3028 2139 se
3054 2087 3307 2140 habuisse
3332 2098 3459 2142 ante

1888 2180 2098 2249 lapsum
2130 2194 2218 2233 res
2273 2180 2407 2248 ipsa:
2438 2193 2538 2247 pro
2598 2192 2849 2232 sermone
2912 2188 2963 2231 te
3029 2180 3279 2233 doceant.
3353 2180 3459 2233 Cur

1888 2277 2037 2325 enim
2067 2270 2268 2325 Paulus
2300 2271 2606 2337 virginibus
2654 2280 2710 2323 et
2744 2270 2923 2323 viduis
2958 2270 3025 2324 ita
3067 2288 3287 2324 manere
3340 2289 3461 2341 por-

1892 2364 2065 2421 misit.
2120 2364 2163 2416 si
2196 2364 2264 2417 ab
2303 2363 2460 2417 initio
2522 2362 2663 2417 Deus
2722 2366 3019 2416 masculum
3092 2374 3145 2416 et
3204 2365 3459 2418 feminam

1895 2455 2023 2509 fecit
2058 2455 2080 2506 ?
2113 2455 2395 2520 Quomodo
2445 2455 2703 2524 coniuges
2762 2455 2978 2524 nuptias
3040 2457 3309 2509 interdum
3369 2472 3465 2509 vo-

1898 2546 2136 2601 luntarie
2196 2547 2471 2601 solventes
2527 2546 2595 2598 ab
2649 2545 2881 2600 invicem
2940 2549 3296 2616 separantur?
3356 2550 3464 2604 Cur

1902 2638 2081 2692 inedia
2112 2652 2171 2691 se
2204 2638 2424 2706 quidam
2454 2636 2719 2705 afﬂigunt,
2749 2649 2807 2692 et
2850 2649 3046 2692 cretei-0
3086 2641 3334 2710 corporis
3372 2659 3468 2695 nc-

1902 2731 2115 2802 glectu?
2146 2748 2271 2786 cum
2304 2739 2558 2786 sexcenta
2591 2734 2704 2786 haec
2729 2733 2908 2787 edulia
2942 2735 3103 2797 Deus,
3135 2745 3194 2790 ut
3224 2737 3289 2790 iis
3321 2736 3467 2793 frue-

1902 2840 2108 2891 remur,
2128 2824 2485 2894 produxerit?
2508 2824 2699 2894 Liquet
2730 2825 2894 2894 igitur
2915 2841 3039 2880 eum
3082 2828 3146 2880 ad
3189 2829 3466 2897 antiquam

1906 2916 2051 2969 illam
2112 2915 2277 2969 vitam
2338 2914 2587 2970 homines
2639 2915 2955 2983 respiciant,
3005 2926 3061 2970 et
3102 2917 3469 2986 virginitatem

1909 3022 2151 3070 servare,
2192 3017 2248 3061 ct
2280 3006 2503 3075 nuptias
2537 3006 2814 3069 interdum
2845 3008 3076 3071 solvere,
3123 3016 3179 3062 et
3234 3008 3469 3062 inediam

232 3101 332 3154 atat
360 3100 578 3154 ἀσιτίαν
616 3100 981 3164 ἀσπάζονται,
1018 3102 1114 3155 καὶ
1159 3104 1341 3155 πᾶσαν
1393 3102 1560 3171 ἄλλην
1591 3102 1798 3171 ὑπομέ-

1906 3099 2185 3169 amplecti,
2213 3106 2268 3151 et
2300 3112 2518 3151 omnem
2572 3097 2733 3151 aliam
2785 3097 3138 3152 amictionem
3178 3098 3473 3155 sustinere.

231 3210 390 3246 νουσι
425 3193 694 3247 κάκωσιν.
729 3192 872 3263 Θῆλυ
923 3196 1072 3263 γὰρ,.
1100 3194 1177 3257 ὡς
1217 3194 1460 3265 εἴρηται,
1490 3196 1585 3248 καὶ
1623 3195 1803 3264 γάμου

234 3286 508 3354 συνάφεια
540 3286 641 3338 ούκ
669 3281 737 3357 ἦν
767 3284 861 3338 ἀπ’
891 3285 1089 3355 ἀρχῆς,
1129 3284 1293 3356 ἡνίκα
1322 3285 1526 3356 δηλαδὴ
1552 3285 1646 3338 τὸν
1678 3286 1803 3339 κατ’

235 3374 424 3427 εἰκόνα
459 3376 811 3444 παρήγαγεν.
853 3372 916 3427 Ei
964 3375 1020 3428 δὲ
1062 3374 1139 3445 μὴ
1185 3375 1355 3428 ταῦτα
1386 3375 1591 3444 παρῆν,
1622 3375 1742 3428 οὐδὲ
1771 3377 1804 3445 ὴ

240 3464 351 3515 τῶν
381 3466 676 3534 σχημάτων
704 3465 921 3527 πάντως
942 3465 1178 3536 διαφορά
1197 3481 1210 3495 ο
1236 3467 1354 3529 πῶς
1376 3465 1506 3534 γάρ,
1528 3466 1644 3534 είγε
1669 3466 1805 3536 μετὰ

228 3556 335 3626 τὴν
363 3557 463 3624 τῆς
496 3555 703 3617 είκόνος
761 3556 1127 3627 κατασκευὴν,
1172 3558 1249 3622 ὡς
1303 3561 1332 3611 ὁ
1377 3559 1600 3630 Νύσσης
1650 3561 1806 3628 φησι,

230 3648 544 3700 τελευταῖον
580 3646 716 3715 αῦτη
750 3648 1101 3716 ἐπιτεχνᾶται
1131 3648 1209 3717 τῷ
1260 3647 1581 3718 πλάσματι;
1632 3650 1809 3719 Πρόσ-

234 3756 331 3810 ex:
378 3737 494 3793 οῦν.
545 3739 680 3792 Οὐδὲ
728 3742 838 3810 γὰρ
887 3739 983 3792 ἀπ’
1043 3741 1240 3810 ἀρχῆς,
1289 3741 1365 3803 ὡς
1419 3742 1655 3813 είρηται,
1709 3741 1807 3813 τὴν

239 3835 503 3901 τοιαύτην
535 3831 758 3900 ἐποίησε
786 3830 1057 3901 διαφορὰν
1088 3832 1118 3885 6
1147 3831 1282 3895 Θεός
1303 3846 1318 3861 °
1348 3831 1461 3885 ἀλλ’
1493 3832 1653 3896 αὐτὸς
1681 3833 1810 3886 ἑαυ-

237 3925 319 3993 τῷ
344 3923 710 3993 προύξένησεν
742 3922 970 3993 ὕστερον
993 3926 1021 3976 ὁ
1051 3924 1267 3993 πρῶτος
1300 3923 1494 3993 ’Δδὰμ,
1526 3926 1809 3979 ἐκπίπτων

239 4015 347 4084 ήδη
400 4014 500 4083 τῆς
552 4015 915 4085 τελειότητος.
944 4015 1050 4069 Καὶ
1104 4015 1211 4085 γὰρ
1265 4016 1314 4068 εί
1369 4017 1445 4087 μὴ
1495 4016 1811 4086 παραϐῆναι

237 4104 501 4174 ἔμελλεν,
552 4104 601 4157 εί
656 4103 734 4175 μὴ
788 4107 976 4157 πεσεῖν
1008 4105 1090 4166 είς
1148 4104 1358 4175 φθορὰν
1415 4105 1810 4170 ἐκινδύνευσεν,

235 4200 343 4252 οὐκ
373 4198 440 4250 ἂν
484 4196 608 4265 ἔσχε
644 4195 850 4267 χώραν,
883 4196 956 4257 ὡς
993 4196 1104 4250 ἄνω
1147 4196 1478 4267 διείληπται,
1528 4198 1637 4251 τῶν
1683 4213 1814 4267 σχη-

240 4290 435 4358 μάτων
461 4287 692 4357 διαφορά
720 4286 814 4339 τοῦ
853 4302 912 4339 τε
939 4286 1166 4357 ἄρσενος
1205 4289 1298 4339 καὶ
1331 4286 1541 4358 θήλεος.

1904 3191 2130 3247 Femina
2162 3189 2330 3255 enim,
2374 3198 2433 3243 ut
2475 3189 2682 3243 dictum
2709 3199 2818 3255 est,
2849 3200 2904 3244 et
2935 3192 3245 3259 nuptiarum
3305 3208 3475 3248 nexus

1906 3296 1936 3335 a
1962 3279 2235 3351 principio
2262 3294 2373 3334 non
2404 3288 2543 3346 erat,
2570 3294 2696 3334 cum
2731 3280 2875 3334 Deus
2906 3281 3161 3337 videlicet
3192 3283 3342 3337 illum
3371 3284 3477 3337 ho-

1908 3374 2109 3427 minem
2136 3372 2205 3426 ad
2242 3371 2532 3441 imaginem
2566 3387 2718 3427 suam
2760 3373 3039 3442 produxit.
3088 3374 3145 3428 Si
3190 3375 3305 3430 haec
3349 3392 3476 3431 vero

1909 3477 2018 3518 non
2046 3462 2297 3526 aderant,
2331 3476 2511 3531 neque
2536 3463 2762 3517 omnino
2791 3473 2910 3518 erat
2973 3466 3267 3536 figurarum
3314 3467 3480 3521 dific-

1908 3551 2103 3607 rentia.
2143 3550 2430 3617 Quomodo
2461 3552 2606 3607 enim
2644 3553 2687 3607 si
2735 3564 2858 3623 post
2918 3554 3168 3625 imaginis
3221 3568 3476 3611 constru-

1909 3647 2141 3699 ctionem
2170 3654 2234 3697 ut
2274 3643 2551 3714 Nyssenus
2580 3644 2676 3708 ait,
2712 3645 2827 3699 haec
2851 3655 3186 3715 postremum
3219 3648 3479 3718 figmento

1909 3734 2345 3805 supermdificata
2401 3735 2517 3788 est?
2576 3736 2813 3789 Attende
2859 3736 3044 3803 igitur.
3092 3737 3279 3807 Neque
3332 3740 3476 3792 enim

1912 3824 2201 3895 principio,
2245 3832 2304 3879 ut
2332 3824 2591 3885 diximus.
2628 3826 2893 3895 ejusmodi
2927 3827 3292 3882 dill‘erentiam
3337 3829 3481 3883 Deus

1912 3915 2061 3978 fecit,
2102 3916 2195 3970 sed
2224 3916 2336 3982 ipse
2370 3916 2471 3969 sibi
2498 3931 2619 3970 eam
2654 3918 2863 3986 primus
2892 3918 3153 3984 Adamus,
3188 3937 3311 3973 cum
3353 3937 3478 3990 per-

1912 4007 2149 4062 fectione
2176 4006 2285 4077 jam
2312 4007 2628 4068 excidisset.
2668 4008 2960 4063 novissime
2989 4011 3327 4063 conciliarit.
3356 4012 3481 4065 Ete-

1914 4098 2026 4153 nim
2044 4098 2153 4153 nisi
2183 4107 2624 4169 transgressurus
2643 4099 2855 4165 fuisset,
2871 4101 2973 4155 nisi
2998 4103 3051 4155 in
3071 4105 3479 4171 corruptionem

1912 4189 2110 4245 cadere
2136 4191 2471 4259 periclitatus
2500 4201 2665 4254 esset,
2706 4193 2846 4246 haud
2892 4195 3103 4263 utique,
3134 4205 3192 4247 ut
3245 4198 3355 4261 jam
3394 4213 3483 4249 su-

1917 4281 2104 4351 perius
2136 4281 2461 4337 afﬁrmatum
2500 4292 2604 4347 est,
2656 4283 2977 4351 figurarum,
3044 4287 3209 4341 maris
3274 4288 3483 4343 scilicet

1920 4374 2269 4444 feminaeque,
2298 4375 2589 4429 discrimen
2619 4375 2799 4429 locum
2830 4376 3127 4431 habuisset.

318 4463 383 4515 Et
417 4462 471 4515 δὲ
505 4463 602 4531 μὲν
632 4462 746 4527 οὖν,
775 4460 1059 4527 ὁσιώτατε,
1090 4463 1340 4533 καθάπερ
1368 4465 1416 4516 oi
1452 4463 1672 4526 πλείους
1704 4480 1807 4532 φα-

1985 4465 2137 4537 Opus
2165 4476 2281 4522 erat
2310 4466 2497 4536 igitur,
2531 4482 2563 4520 ο
2597 4467 2678 4520 vir
2709 4468 3077 4531 sanctissime,
3128 4480 3188 4522 ut
3233 4470 3485 4539 plerique
3574 4488 3575 4491 η

246 4560 328 4621 at,
358 4555 458 4624 τὴν
489 4556 583 4607 τοῦ
612 4554 786 4624 ’Δδάμ
814 4553 1071 4622 γενέσθαι
1099 4555 1365 4625 πρότερον
1393 4555 1690 4619 ἔκπτωσιν,
1716 4554 1812 4606 καὶ

241 4648 369 4699 τότε
423 4646 484 4699 τὸ
535 4646 668 4714 θῆλυ
719 4646 1093 4717 παραχθῆναι,
1138 4646 1212 4707 ὡς
1254 4645 1524 4710 ἐντεῦθεν,
1564 4646 1813 4715 εὐπαρά-

245 4739 418 4790 δεκτα
452 4732 589 4790 εἶναι
609 4738 853 4790 δοκεῖτὰ
888 4737 1158 4806 λεγόμενα
1182 4748 1195 4769 δ
1230 4737 1343 4789 ἀλλ’
1375 4737 1577 4791 ειδέναι
1602 4736 1814 4805 ὀφείλο-

249 4845 354 4899 μεν
383 4830 467 4882 ὃτι
517 4829 550 4897 ἠ
592 4827 701 4883 ἀπὸ
752 4829 851 4897 τῆς
906 4828 1149 4898 πλευρᾶς
1196 4828 1289 4880 τοῦ
1322 4829 1494 4897 Ἀδὰμ
1522 4827 1621 4895 τῆς
1668 4826 1813 4891 Εὔας

245 4921 562 4992 παραγωγὴ
592 4922 686 4976 καὶ
735 4922 879 4976 πάνυ
921 4924 1197 4991 ἀναγκαία
1232 4923 1307 4993 τῷ
1344 4924 1466 4976 τότε
1530 4924 1815 4992 ἐτύγχανε.

244 5016 406 5077 Τίνος
439 5016 661 5080 ἓνεκεν;
696 5016 860 5068 Ὥστε
884 5016 971 5085 τμὴ
999 5016 1217 5083 φύσεως
1245 5017 1416 5086 αὐτὴν
1446 5016 1637 5087 ἑτέρας
1666 5017 1820 5086 νομί-

246 5109 440 5174 ζεσθαι
468 5108 555 5160 διὰ
582 5107 644 5159 τὸ
685 5108 922 5176 ἑτεροῖον
959 5107 1054 5159 τοῦ
1091 5109 1407 5177 σχήματος,
1445 5104 1711 5169 καϊὸπως
1737 5110 1815 5170 είς

245 5198 503 5268 ὁμόνοιαν
532 5198 717 5271 ἀγάγῃ
741 5199 812 5250 τὰ
840 5199 970 5266 γένη
1012 5199 1104 5251 καὶ
1149 5201 1389 5268 φυσικήν
1428 5217 1548 5253 τινα
1582 5199 1818 5268 στοργήν

247 5290 536 5361 ἐντεθῆναι
566 5291 964 5362 παρασκευάσῃ
1007 5292 1204 5353 αὐτοῖς.
1238 5292 1378 5361 Πρὸς
1405 5291 1612 5353 τούτοις
1640 5290 1696 5343 δὲ
1728 5290 1822 5343 καὶ

329 5475 444 5547 (8!)
482 5475 674 5547 Glycas
706 5486 891 5547 noster
923 5476 1208 5531 Annalium
1240 5486 1468 5547 parur:
1500 5476 1820 5544 ’Δναγκαῖον

248 5548 365 5626 γάρ
394 5544 460 5627 ἦν
494 5544 570 5627 μῆ
612 5547 708 5627 την
737 5546 885 5627 Edax:
944 5547 1052 5627 ἀπὸ
1081 5548 1183 5627 γῆς
1213 5544 1517 5627 Zippeleaiy,
1558 5547 1687 5627 ἀλλ’·
1712 5548 1819 5600 ἀπὸ

252 5617 357 5687 τῆς
387 5616 573 5678 οὐσίας
599 5616 691 5669 τοῦ
737 5617 932 5686 Ἀδάμ,
978 5618 1050 5679 ὡς
1092 5616 1339 5669 ἐντεῦθεν
1404 5618 1628 5687 φίλτρον
1671 5619 1818 5670 ὲντε-

258 5686 425 5754 ϐῆναι
495 5688 608 5748 τοῖς
680 5687 990 5755 όμοζύγοις.
1060 5686 1437 5754 Augustinus,
1495 5686 1590 5740 lib.
1636 5703 1686 5741 ιχ
1742 5688 1819 5740 De

254 5756 442 5819 Genet.
488 5758 556 5811 ad
608 5756 747 5810 liter.
773 5773 893 5827 cap.
930 5758 1028 5813 i5:
1059 5756 1195 5821 Quid
1232 5772 1352 5829 ergo
1383 5758 1480 5814 sibi
1525 5757 1630 5813 ruit
1657 5758 1818 5812 etiam

573 5854 840 5914 ΡΑτιιοι..
889 5851 1004 5913 Gn.
1042 5851 1306 5912 CLVIII.

1916 4561 2162 4625 tradunt,
2193 4569 2252 4612 ut
2276 4560 2465 4614 Adami
2497 4559 2656 4614 ruina
2685 4561 2835 4628 prius
2863 4561 3224 4629 contingeret,
3254 4571 3309 4615 et
3357 4573 3487 4617 tunc

1918 4652 2119 4708 femina
2161 4651 2581 4721 produceretur,
2635 4661 2694 4706 ut
2737 4653 2867 4707 hinc
2914 4668 2997 4720 ea,
3048 4668 3167 4722 quae
3205 4655 3484 4717 dicuntur,

1920 4742 2422 4811 facilerecipienda
2452 4740 2771 4798 videantur:
2795 4744 2911 4797 Non
2957 4754 3033 4799 est
3100 4754 3281 4798 tamen
3333 4746 3486 4814 igno-

1922 4835 2153 4892 randum
2188 4835 2312 4887 Evae
2351 4850 2416 4888 cx
2449 4834 2641 4889 Adami
2688 4837 2858 4890 latere
2902 4835 3321 4905 productionem
3388 4838 3491 4890 ho-
3558 4871 3580 4891 ,ο

1926 4926 2058 4981 mini
2081 4924 2137 4978 in
2168 4934 2450 4994 peccatum
2482 4925 2635 4994 lapso
2663 4926 3029 4979 necessariam
3055 4926 3278 4979 omnino
3300 4926 3489 4980 fuisse.

1921 5017 2087 5085 Cujus
2127 5016 2204 5068 rei
2240 5014 2445 5085 gratia?
2477 5015 2555 5070 Ne
2586 5016 2797 5069 scilicet
2844 5016 2961 5085 ipsa
3016 5018 3243 5071 alterius
3280 5029 3493 5071 naturae

1925 5116 2247 5162 censeretur
2271 5115 2492 5175 propter
2512 5106 2694 5178 figura:
2715 5107 3111 5169 diversitatem,
3136 5118 3187 5160 et
3217 5115 3273 5160 ut
3295 5124 3493 5178 genera

1924 5197 1988 5250 ad
2025 5196 2447 5251 consensionem
2478 5207 2530 5250 et
2558 5198 2909 5252 concordiam
2966 5198 3285 5264 adduceret,
3313 5209 3366 5252 et
3396 5214 3497 5250 na-

1926 5289 2154 5343 turalem
2188 5289 2476 5358 quemdam
2510 5306 2754 5344 amorem
2807 5289 2885 5345 eis
2914 5290 3128 5345 inderet
3155 5289 3308 5359 ,(81).
3367 5291 3495 5342 Erat

1928 5476 2083 5543 illud,
2113 5476 2250 5546 quod
2310 5474 2498 5527 mulier
2556 5474 2655 5546 uiri
2706 5476 2982 5546 dellatere
3041 5476 3182 5545 facta
3237 5483 3311 5528 est
3354 5475 3379 5527 .’
3417 5474 3499 5528 Ve-

1929 5564 2043 5601 rum
2072 5544 2200 5611 esto,
2232 5556 2441 5613 propter
2470 5545 2634 5611 ipsius
2682 5544 3064 5613 conjunctionis
3104 5549 3207 5599 vim
3239 5562 3502 5599 commcn-

1927 5618 2161 5671 dundam
2218 5618 2311 5668 hoc
2338 5626 2417 5667 tta
2439 5614 2551 5681 ﬁeri
2598 5616 2891 5681 oportuisse
2918 5616 3207 5669 credamus.
3228 5614 3496 5669 Cazterum

1924 5686 2210 5755 Cajetanus
2264 5687 2403 5739 hanc
2436 5684 2558 5755 Eva:
2592 5700 2654 5739 ex
2685 5685 2875 5738 Adami
2912 5697 3062 5739 costa
3085 5684 3498 5753 productionem

1929 5754 2095 5812 totam
2131 5754 2510 5827 ἀλληγορικῶς
2540 5756 2934 5827 interpretatur
2987 5764 3044 5809 et
3078 5756 3329 5824 explicat,
3365 5771 3499 5811 con-

3002 5846 3081 5908 25
