4186 6430
211 387 331 450 7'73-

1580 383 1948 443 EPISTOLA
1990 383 2088 446 Vl.

3329 383 3435 444 πε

210 503 304 555 τοῦ
329 501 519 568 θήλεος
552 501 718 554 ἀὑτοῦ
752 500 804 553 τί
829 499 936 570 χρὴ
977 500 1069 553 καὶ
1098 501 1314 568 λέγειν;
1346 500 1459 566 εἴγε
1502 498 1592 574 διὰ
1616 498 1773 549 τοῦτο

1880 495 2136 564 producta
2175 507 2280 560 est,
2311 507 2597 564 propterea
2633 495 2902 556 videlicet,
2932 498 3076 565 quod
3112 497 3272 550 homo
3325 498 3430 566 jam

213 591 490 661 παρήχθη,
517 591 602 644 διὰ
629 594 690 643 16
725 592 1084 661 παραϐαίνειν
1114 594 1210 663 ἥδη
1232 593 1324 644 τὸν
1356 591 1642 658 ἄνθρωπον
1671 589 1766 642 καὶ

209 682 388 749 φθορᾷ
411 681 758 745 ὑποπίπτειν,
783 682 857 744 ὡς
884 683 913 733 6
941 683 1299 752 Δαμασκηνὸς
1327 681 1580 751 Ἰωάννης
1609 681 1764 750 φησὶ,

211 773 430 831 πάντως
454 771 606 823 οὐδὲν
640 772 724 824 ἒτε
736 789 826 839 ρον
853 772 886 840 ἦ
911 772 992 826 ὅτι
1018 773 1077 826 16
1108 774 1296 840 σχῆμα
1317 769 1474 822 τοῦτο
1507 769 1768 834 παρελεύ-

208 878 381 926 σεται,
414 863 533 914 ἐπεί
566 862 652 914 διὰ
689 863 788 930 τὴν
817 863 1090 931 ἁμαρτίαν
1146 861 1473 928 ὑπεισῆλθεν
1505 862 1634 930 ἡμῖν
1678 859 1768 911 καὶ

209 953 486 1015 τοιούτους
536 952 827 1022 ἐγερθῆναι
865 952 1110 1014 ἅπαντας
1149 953 1328 1012 ὁποῖος
1381 947 1449 1022 ἦν
1478 952 1506 1001 6
1555 949 1768 1017 πρῶτος

204 1042 512 1112 ἄνθρωπος,
543 1044 571 1096 6
608 1042 729 1094 κατ’
767 1042 949 1096 εἰκόνα
979 1043 1178 1111 δηλαδὴ
1211 1041 1575 1110 γεγενημένος
1609 1040 1766 1093 Θεοῦ.

210 1134 316 1185 Καὶ
347 1135 454 1201 γὰρ
485 1134 534 1185 εἰ
571 1134 645 1201 μὴ
675 1133 831 1184 τοῦτο
857 1127 946 1202 ἦν,
978 1133 1080 1185 οὐκ
1114 1133 1180 1184 ἂν
1208 1134 1236 1183 ὁ
1267 1132 1488 1200 Νύσσης
1515 1132 1770 1184 ἐπάνοδον

207 1221 347 1277 εἶναι
379 1223 530 1290 ἔλεγε
569 1224 703 1293 πρός
734 1239 796 1290 γε
834 1224 932 1292 τὴν
965 1223 1197 1293 ἀρχαίαν
1243 1224 1336 1276 καὶ
1375 1222 1597 1292 πρώτην
1625 1222 1769 1291 ζωὴν

206 1315 304 1383 τὴν
330 1314 696 1382 ἐλπιζομένην
726 1314 942 1377 ἐκείνην
979 1315 1335 1367 κατάστασιν.

279 1405 555 1455 Δέῖεικται
587 1398 680 1454 οὖν
703 1405 768 1454 ἐκ
805 1401 1013 1454 πολλῶν
1041 1404 1122 1455 ὅτι
1149 1406 1262 1468 τοῖς
1305 1403 1555 1469 ἀγγέλοις
1579 1403 1769 1471 ὁμότι-

211 1512 310 1561 μον
337 1495 537 1546 ἔπλασε
565 1493 654 1545 τὸν
688 1495 902 1561 πρῶτον
939 1493 1226 1563 ἄνθρωπον
1267 1496 1294 1546 6
1322 1494 1477 1557 Θεὸς,
1528 1494 1618 1546 καὶ
1647 1491 1768 1545 κατ’

205 1584 446 1645 ἐκείνους
478 1583 641 1636 αὑτὸν
673 1583 1037 1646 πληθύνεσθαι
1067 1584 1226 1654 ἤθελε
1251 1601 1264 1615 ’
1293 1585 1380 1636 διά
1402 1601 1465 1651 γε
1503 1585 1602 1652 τὴν
1633 1600 1776 1652 παρ-

205 1679 482 1746 εκτροπὴν
540 1679 605 1748 ἢν
670 1679 810 1732 ἑκὼν
852 1679 1078 1748 ὑπέστη,
1115 1677 1189 1740 ὡς
1231 1667 1438 1730 ἀνωθεν
1472 1676 1770 1747 εἴρηται,ή

204 1768 432 1835 τοιαύτη
464 1767 722 1838 παρήχθη
751 1770 1100 1837 κατάκρισις,
1131 1769 1164 1836 ἡ
1193 1768 1304 1820 τῶν
1333 1767 1543 1835 ἀλόγων
1570 1767 1770 1836 δηλαδὴ

205 1858 360 1922 ζώων
389 1861 670 1928 ὁμοίωσις.
701 1861 764 1912 Εἰ
798 1861 873 1929 μὴ
899 1859 1006 1927 γάρ
1031 1859 1189 1912 τοῦτο
1214 1855 1303 1930 ἦν,
1333 1860 1433 1912 οὐκ
1466 1859 1530 1912 ἂν
1553 1861 1580 1912 ὁ
1609 1857 1771 1911 Δαυῒὸ

202 1951 553 2018 ὀδυρόμενος,
594 1968 612 2002 ι
659 1951 841 2019 Οῐμοι,
877 1967 896 2001 ι
935 1950 1142 2018 ἔλεγεν,
1201 1968 1219 2000 ι
1259 1950 1340 2002 ὃτι
1393 1949 1676 2018 ἄνθρωπος
1714 1951 1770 2000 ἐν

200 2042 337 2109 τιμῇ
393 2037 485 2097 ,ὢν
546 2041 606 2092 ού
666 2039 887 2107 συνῆκε.
939 2038 1401 2108 Παρασυνεδλήθη
1449 2040 1558 2100 τοῖς
1610 2038 1770 2107 ἀνοή-

201 2146 319 2192 τοις
357 2132 596 2198 κτήνεσι,
641 2131 734 2184 καὶ
781 2129 1037 2200 ὡμοιώθη
1068 2133 1268 2194 αὐτοῖς.
1297 2147 1315 2181 ι
1353 2130 1462 2183 Καὶ
1494 2130 1594 2199 ὅρα
1634 2132 1772 2200 πρὸς

201 2223 387 2281 αύτίν.
415 2224 464 2275 εἰ
498 2221 700 2292 βούλει,
731 2222 823 2275 16v
853 2223 1069 2292 πρῶτον
1098 2223 1404 2294 ἄνθρωπον.
1432 2222 1494 2275 Εἰ
1540 2221 1637 2292 μὴ,
1665 2221 1772 2290 γὰρ

205 2313 462 2384 ὡμοιώθη
497 2315 584 2366 διὰ
612 2314 710 2384 τὴν
739 2314 1014 2384 ἁμαρτίαν
1045 2317 1155 2377 τοῖς
1188 2318 1475 2384 κτήνεσινο
1510 2316 1557 2366 εἰ
1588 2313 1662 2384 μὴ
1688 2315 1775 2367 διὰ

202 2405 307 2472 τὴν
354 2406 639 2476 παρακοήν
686 2406 748 2459 16
803 2407 899 2476 τῆς
947 2407 1144 2474 ἀλόγου
1193 2404 1544 2475 κατασκεῦης
1579 2406 1773 2474 ἰδίωμα

203 2498 344 2565 πρὸς
375 2499 561 2550 ἐαυτὸν
585 2500 936 2553 ἐπεσπάσατο
957 2513 971 2528 ·
997 2500 1045 2551 εἰ
1073 2498 1148 2568 μὴ
1175 2497 1273 2568 τὴν
1297 2497 1600 2567 ἀγγελικὴν
1630 2498 1771 2550 ἐκεί-

201 2604 303 2654 νην
360 2589 551 2658 στολὴν
592 2591 786 2642 ἐαυτὸν
841 2585 981 2644 εἶδεν
1033 2588 1424 2653 ἀπεκόυθέντα,
1477 2587 1773 2641 κάντεῦθεν

204 2680 366 2734 ἄλλον
408 2679 468 2744 ἐξ
497 2682 661 2735 ἄλλον
689 2683 1057 2750 ’παραχρῆμα
1108 2680 1392 2749 γεγονότα,
1425 2679 1525 2732 οὐκ
1573 2680 1638 2733 ἄν
1681 2680 1775 2732 ἐπί⁹

203 2771 461 2826 τοσοῦτον
493 2772 769 2843 ᾐσχύνθηο
822 2773 922 2825 οὐκ
969 2773 1036 2826 ἂν
1087 2772 1293 2844 ερῤαψε
1337 2771 1510 2841 φύλλα
1557 2774 1730 2842 συκῆς
1757 2788 1772 2802 ⁸

204 2865 312 2917 οὐκ
336 2864 402 2916 ἂν
435 2867 543 2916 ἀπὸ
579 2865 716 2919 Θεοῦ
758 2864 1058 2934 τηνικαῦτα
1109 2865 1315 2936 ἐκρύϐη
1341 2880 1356 2896 ⁸
1396 2867 1489 2918 καὶ
1521 2865 1639 2927 πῶς
1665 2866 1773 2935 γὰρ

205 2957 275 3008 οὐ
311 2957 582 3026 κρυϐῆναι
612 2958 838 3028 ἔμελλεν
868 2958 1016 3012 ῐσασι
1043 2957 1243 3020 πάντες
1286 2960 1335 3010 οἰ
1376 2959 1435 3023 ἐξ
1473 2957 1681 3010 ἐκείνου
1717 2957 1775 3009 16

207 3049 366 3115 γένος
393 3051 728 3118 κατάγοντες
753 3051 854 3120 τῆς
883 3052 1146 3119 αἰσχύνης
1175 3050 1390 3120 ἐκείνης
1419 3051 1545 3103 ὅσον
1587 3049 1649 3102 16
1684 3048 1778 3116 μέ-

1869 597 2244 655 transgressus
2275 585 2484 648 fuerat.
2521 597 2574 640 et
2623 587 2954 654 corruptioni
3019 587 3318 654 subjectus.
3379 597 3436 637 nt

1869 677 2236 730 Damasccnus
2263 675 2502 729 Joannes
2535 675 2628 738 ait,
2669 677 2896 730 omnino
2920 676 3054 729 nihil
3081 676 3245 736 aliud,
3275 688 3464 744 quam.

1869 771 1997 838 quia
2034 770 2255 824 habitus
2286 771 2374 822 hic
2409 771 2734 838 praeteribit,
2761 771 2884 835 quia
2921 786 3014 836 per
3039 781 3323 838 peccatum
3378 772 3428 822 in

1872 877 1971 916 nos
2001 861 2244 930 irrepsit,
2281 871 2336 913 et
2365 862 2502 914 tales
2535 877 2725 915 omnes
2751 871 3054 929 resurgunt.
3091 863 3267 930 qualis
3319 871 3436 914 erat

1871 952 2080 1020 primus
2118 953 2299 1011 homo,
2334 950 2424 1004 ille
2454 950 2704 1004 videlicet
2739 951 2828 1014 qni
2866 952 2930 1003 ad
3000 951 3288 1018 imaginem
3340 951 3434 1003 Dei

1871 1041 2048 1095 factus
2076 1041 2193 1094 fuit.
2227 1041 2442 1094 Etenim
2472 1041 2579 1093 "iri
2621 1040 2670 1094 id
2705 1039 2915 1102 fuisset,
2956 1040 3097 1093 haud
3129 1051 3274 1094 certe
3303 1040 3435 1110 Nys-

1873 1149 2038 1188 settus
2094 1149 2402 1203 regressum
2459 1148 2579 1187 esse
2627 1133 2857 1187 dixisset
2929 1134 2994 1186 ad
3046 1135 3322 1201 antiquam
3385 1144 3439 1186 et

1874 1222 2109 1290 priorem
2145 1222 2334 1283 vitam,
2368 1221 2510 1274 illam
2546 1223 2994 1277 constitutionem
3026 1241 3186 1291 quam
3249 1241 3433 1294 spera'

1877 1331 2016 1368 IDUS.

1942 1406 2235 1462 Ostensum
2299 1419 2384 1463 est
2434 1410 2598 1474 igitur
2667 1423 2734 1462 ex
2797 1409 2980 1462 multis
3032 1409 3199 1462 Deum
3245 1409 3437 1474 aequali

1875 1500 2084 1553 honore
2133 1514 2253 1552 cuin
2304 1501 2510 1567 angelis
2571 1499 2805 1567 primum
2868 1501 3142 1554 hominem
3197 1500 3436 1561 finxisse,

1875 1587 1967 1654 qui
2002 1588 2220 1641 volebat
2241 1589 2406 1642 etiam
2433 1603 2557 1642 eum
2597 1591 2790 1642 eodem
2827 1591 2989 1643 modo
3020 1605 3080 1642 ac
3115 1590 3238 1642 illos
3299 1591 3440 1642 mul-

1873 1678 2128 1749 tiplicari.
2176 1679 2402 1747 Propter
2463 1679 2977 1748 transgressionem,
3031 1669 3212 1748 quam’
3243 1693 3438 1748 Sponte

1877 1777 2065 1840 subiit,
2116 1787 2176 1831 ut
2221 1777 2474 1846 superius
2507 1776 2710 1830 dictum
2779 1785 2882 1841 est,
2926 1775 3049 1832 talis
3111 1776 3440 1830 inductaest

1873 1869 2576 1932 condemnatio,mutarum
2601 1869 2807 1921 scilicet
2824 1869 3091 1936 pecudum
3111 1869 3434 1923 similitudo.

1870 1959 1986 2014 Nisi
2025 1963 2168 2014 enim
2208 1961 2259 2015 id
2288 1959 2500 2024 ΐιιὶδειιι,
2528 1961 2666 2014 haud
2693 1963 2878 2030 utiun
2906 1960 3070 2015 David
3096 1962 3438 2017 lamentans:

1881 2072 1900 2105 ι
1942 2052 2037 2107 Hei
2067 2053 2221 2118 mihi,
2260 2053 2511 2115 dixisset,
2553 2053 2717 2105 homo
2744 2067 2864 2105 cum
2919 2055 2971 2105 iu
3033 2053 3240 2106 honore
3297 2064 3442 2108 esset

1876 2157 1986 2197 non
2025 2141 2321 2206 intellexit,
2361 2150 2706 2211 comparatus
2732 2153 2813 2196 est
2841 2143 3105 2210 jumentis
3131 2143 3438 2212 insipienti-

1874 2232 1997 2299 bus,
2033 2242 2088 2287 et
2114 2233 2310 2288 similis
2347 2233 2524 2287 factus
2553 2243 2636 2287 est
2668 2233 2794 2287 illis.
2839 2253 2857 2284 ι
2893 2234 2960 2288 Et
2992 2235 3222 2304 respice,
3259 2240 3440 2298 sodes,

1875 2325 1940 2380 ad
1974 2326 2152 2394 ipsum
2185 2326 2422 2394 primum
2457 2326 2756 2380 hominem.
2791 2322 2900 2379 Nisi
2930 2327 3074 2380 enim
3104 2328 3442 2382 assimilatas

1876 2416 2070 2471 fuisset
2103 2431 2201 2485 per
2225 2422 2506 2485 peccatum
2540 2416 2837 2486 iumentis;
2868 2416 2970 2470 nisi
3002 2432 3096 2485 per
3127 2417 3442 2472 inobcdien-

1876 2509 2005 2563 tiam
2047 2507 2379 2577 irrationalis
2409 2509 2818 2562 constitutionis
2843 2509 3236 2578 proprietatem
3264 2511 3330 2564 ad
3384 2529 3439 2566 se

1882 2600 2060 2670 ipsum
2093 2602 2440 2666 attraxisset;
2467 2601 2569 2655 nisi
2597 2602 2844 2671 angelico
2881 2603 2973 2656 illo
3005 2603 3328 2658 indumento
3385 2620 3444 2658 se

1884 2701 2112 2746 exutum
2148 2693 2392 2753 vidisset.
2426 2703 2480 2746 et
2509 2693 2674 2745 alium
2725 2708 2791 2746 ex
2819 2693 2929 2747 alio
2972 2694 3156 2748 statim
3217 2697 3442 2755 factum.

1883 2786 2026 2840 haud
2054 2787 2239 2854 utique
2276 2793 2486 2839 tantum
2523 2784 2869 2850 erubuisset;
2905 2785 3054 2839 haud
3088 2788 3277 2856 utiun
3313 2787 3442 2840 folia

1880 2877 2017 2932 ﬁcus
2074 2877 2414 2942 censuisset;
2451 2876 2593 2929 haud
2628 2876 2812 2945 utique
2869 2892 2898 2928 a
2953 2876 3062 2931 Deo
3102 2881 3171 2932 ita
3206 2899 3264 2933 se
3321 2881 3443 2931 al;s~

1879 2970 2174 3023 condissct.
2209 2970 2273 3022 Et
2301 2972 2574 3037 qttoniodo
2603 2970 2746 3022 enim
2783 2985 2840 3023 sc
2872 2985 2980 3023 non
3002 2971 3285 3025 celaturus
3308 2973 3412 3024 fui:

1879 3060 1998 3114 set?
2030 3059 2222 3114 Sciunt
2257 3076 2468 3123 clunes,
2516 3065 2608 3132 qui
2677 3077 2741 3115 ex
2774 3063 2866 3115 illo
2921 3078 3093 3132 genus
3146 3064 3442 3127 deducunt,

205 3140 389 3206 γεθος.
428 3141 638 3194 Οὐκοῦν
668 3143 731 3193 ἐκ
764 3143 1142 3211 κατακρίσεως
1169 3143 1202 3210 ἡ
1228 3140 1418 3208 ἄλογος
1446 3139 1584 3208 αὕτη
1613 3157 1778 3192 κατα-

1881 3161 2080 3220 quanta
2113 3153 2456 3205 verecundia:
2497 3151 2641 3207 illius
2673 3153 2839 3208 fuerit
2872 3156 3208 3225 magnitudo.
3259 3157 3444 3224 Itaque

205 3235 379 3303 σκευή
402 3249 416 3262 ·
453 3235 547 3284 καὶ
585 3233 675 3285 διὰ
705 3231 864 3285 τοῦτο
904 3232 971 3285 τὰ
1006 3233 1104 3303 τῆς
1136 3231 1398 3301 αἰσχύνης
1431 3235 1490 3285 ὲν
1517 3231 1653 3300 αὐτῇ
1685 3232 1777 3284 καὶ

207 3323 354 3394 μόνῃ
388 3322 846 3392 συμπεριίστατο.
881 3321 1042 3375 Ἀλλά
1087 3321 1261 3376 ταῦτα
1310 3323 1409 3390 μὲν
1463 3323 1496 3391 ἡ
1533 3322 1777 3389 ἁμαρτία

204 3413 570 3482 προύξένησε.
612 3413 768 3466 Ἐπεὶ
800 3414 857 3466 δὲ
920 3413 1027 3483 πρὸ
1079 3413 1180 3490 τῆς
1237 3413 1586 3479 ἐκπτώσεως,
1636 3413 1710 3476 ὡς
1751 3413 1794 3469 6.

199 3503 367 3570 λόγος
413 3505 512 3574 ήδη
561 3505 774 3574 φθάσας
831 3505 1138 3574 ἐδήλωσεν,
1189 3505 1492 3576 ἀγγελικῆς
1540 3509 1777 3576 μεγαλο-

211 3581 382 3662 φυΐας
415 3597 706 3667 περίπλεος
737 3597 852 3667 (85)
899 3599 927 3651 6
961 3597 1178 3667 πρῶτος
1221 3599 1432 3661 ἐκεῖνος
1472 3597 1777 3669 ἄνθρωπος,

204 3691 240 3739 6
281 3687 401 3741 κατ’
448 3689 635 3742 εἰκόνα
685 3688 888 3759 δηλαδὴ
935 3678 1304 3758 γεγενημένος
1353 3688 1509 3754 Θεοῦ,
1559 3687 1779 3759 εὔδηλον

216 3782 445 3844 πάντως
476 3782 559 3833 ὅτι
587 3781 679 3834 καὶ
705 3781 848 3834 κατά
887 3797 952 3849 γε
977 3780 1078 3849 τὴν
1109 3782 1204 3834 τοῦ
1227 3783 1428 3845 παντὸς
1465 3782 1778 3836 συντέλειαν

205 3874 578 3942 γενησόμενος
603 3871 844 3936 τοιοῦτος
863 3875 926 3924 ἐκ
941 3873 1149 3943 νεκρῶν
1171 3872 1550 3941 ἐγερθήσεται.
1583 3872 1643 3927 Ἡ
1673 3873 1780 3939 γὰρ

203 3967 309 4033 τῆς
337 3965 685 4026 ἀναστάσεως
715 3963 872 4034 χάρις
891 3963 1046 4018 οὐδὲν
1075 3965 1204 4034 ἡμῖν
1230 3964 1634 4032 ἐπαγγέλλεται
1665 3965 1781 4017 ἓτε-

207 4072 308 4123 ρον
339 4054 370 4123 1“;
402 4056 502 4122 τὴν
525 4056 606 4116 είς
653 4052 712 4106 16
753 4055 979 4123 ἀρχαῖον
1010 4046 1133 4107 ’τῶν
1167 4053 1536 4107 πεπτωκότων
1565 4055 1779 4109 ἀποκα-

202 4166 234 4200 τ
247 4165 499 4201 αστασιν.

287 4328 426 4398 Πρὸς
452 4328 507 4380 δέ
533 4345 594 4397 γε
624 4328 736 4389 τοῖς
765 4328 1086 4398 εἰρημένοις
1114 4331 1211 4384 καὶ
1237 4329 1327 4384 τὸν
1358 4328 1632 4383 θειότατον
1664 4327 1782 4398 έχο-

207 4438 317 4490 μεν
379 4419 732 4473 Ἀναστάσιον
785 4421 913 4488 περὶ
967 4419 1171 4473 τούτων
1232 4419 1375 4473 οὔτω
1427 4421 1567 4474 κατά
1629 4420 1780 4490 ῥῆμα

202 4513 474 4578 διεξιόντα
497 4528 510 4542 ·
545 4530 563 4563 ι
611 4512 831 4580 Ἐπειδὴ
862 4513 1042 4566 τοίνυν
1072 4513 1132 4565 ἐν
1161 4519 1239 4581 τῷ
1271 4511 1394 4565 κατ’
1425 4514 1610 4565 εἰκόνα
1642 4511 1778 4563 Θεοῦ

205 4605 576 4676 γεγενημένῳ
631 4605 732 4656 οὐκ
767 4602 910 4674 ἦνή
967 4605 1231 4674 διαίρεσις
1285 4603 1446 4672 αὕτη,
1505 4605 1675 4675 ἤγουν
1721 4602 1781 4655 16

204 4702 386 4771 ᾶρσεν
416 4698 507 4750 καὶ
534 4697 595 4750 16
624 4698 784 4766 θῆλυ,
819 4696 940 4749 οὐδὲ
978 4697 1087 4766 γὰρ
1125 4699 1182 4748 ἐν
1217 4698 1283 4766 τῇ
1307 4695 1444 4766 ,Θείᾳ
1475 4697 1568 4749 καὶ
1601 4714 1783 4767 μακαο

211 4792 312 4862 ρίᾳ
340 4789 508 4842 εἰκόνι
536 4787 779 4840 τοιοῦτόν
811 4804 864 4840 τι
907 4789 1253 4857 ἐπινενόηται
1283 4803 1299 4820 ο
1336 4788 1460 4840 ούδέ
1513 4789 1652 4856 μετὰ
1683 4787 1784 4858 τὴν

205 4884 517 4938 ἀνάστασιν
555 4879 743 4933 λοιπὸν
782 4877 1020 4930 τοιοῦτόν
1068 4894 1124 4930 τι
1172 4877 1281 4948 χρὴ
1337 4879 1653 4949 ἐπιζητεῖν,
1703 4880 1783 4931 ὅτι

210 4973 698 5048 μετασχηματίσει
743 4971 866 5022 τότε
921 4969 982 5022 τὸ
1032 4970 1194 5038 σῶμα
1245 4969 1346 5039 τῆς
1399 4969 1785 5034 ταπεινώσεως

207 5070 377 5142 ἡμῶν
401 5071 429 5122 ό
452 5069 660 5136 Σωτήρ.
681 5065 742 5118 Εἰ
766 5063 874 5134 γὰρ
894 5064 922 5114 6
943 5062 1040 5131 τῆς
1064 5063 1284 5132 Νύσσης
1312 5064 1466 5130 φησὶ,
1497 5063 1569 5114 Τὸ
1598 5061 1788 5131 σχῆμα

205 5165 320 5230 τῆς
370 5160 566 5226 ἀλόγου
622 5156 838 5224 φύσεως
901 5153 1118 5206 ἐνέδυσε
1180 5154 1319 5223 μετά
1361 5152 1461 5223 τὴν
1510 5152 1786 5221 ἁμαρτίαν

206 5255 366 5324 ἡμᾶς
397 5255 424 5305 6
453 5249 612 5312 Θεδςι
642 5247 736 5315 ἀφ’
774 5240 836 5300 οὗ
872 5247 1020 5314 μίξις
1059 5247 1153 5298 καὶ
1189 5244 1476 5314 σύλληψις,
1507 5247 1665 5306 τόκος
1691 5243 1786 5296 καὶ

211 5349 416 5423 ῥύπος,
442 5343 576 5411 θῆλυ
626 5341 723 5394 καὶ
763 5342 960 5411 τροφὴ,
997 5341 1093 5392 καὶ
1147 5340 1180 5408 ἡ
1230 5339 1351 5391 κει-τ⁹
1395 5337 1575 5406 ὀλίγον
1607 5339 1698 5389 ἐπὶ
1729 5341 1790 5390 τὸ

207 5439 430 5495 τέλειον
463 5433 714 5501 αὔξησις,
753 5433 908 5501 ἀκμή
948 5447 1010 5484 τε
1041 5432 1137 5483 καί
1159 5430 1356 5500 γῆρας.
1388 5428 1541 5492 νόσος
1568 5429 1662 5481 καὶ
1691 5429 1790 5482 θά-

209 5546 421 5593 νατος·
453 5528 676 5597 εὕδηλον
717 5527 933 5586 πάντως
985 5525 1065 5577 ὅτι
1113 5521 1579 5592 μετασχηματίσει
1625 5521 1789 5575 πάλιν

206 5630 248 5698 ᾗ
259 5625 370 5694 μᾶς
399 5621 489 5675 τὸν
537 5617 757 5688 εἰδεχθῆ
795 5618 892 5670 καὶ
945 5615 1140 5690 ἄλογον
1195 5613 1505 5678 anus-5m;
1557 5613 1786 5685 χιτῶνα,

292 5781 404 5854 (35)
438 5778 594 5835 Forte
625 5774 1023 5848 παραπλήσιος.

1750 4509 1778 4563 ὖ
1813 4481 1856 4536 D
1885 4516 2048 4586 igitur
2086 4517 2137 4570 in
2169 4532 2253 4578 eo,
2312 4517 2404 4585 qui
2456 4518 2522 4572 ad
2558 4519 2846 4589 imaginem
2901 4521 2991 4574 Dei
3048 4521 3221 4575 factus
3248 4522 3450 4581 fuerat.
3549 4563 3554 4569 .

1879 3259 1944 3298 ex
1976 3245 2428 3299 condemnatione
2467 3245 2799 3301 irrationalis
2853 3249 2969 3302 haec
3003 3249 3356 3314 constitutio;
3390 3260 3447 3304 et

1881 3350 1975 3404 per
2017 3335 2118 3390 hoc
2147 3335 2201 3388 in
2237 3337 2350 3403 ipsa
2381 3336 2546 3390 etiam
2579 3339 2693 3392 sola
2718 3339 2942 3408 pudoris
2976 3355 3174 3394 census
3208 3342 3447 3396 circnm-

1878 3428 2049 3480 stetit.
2085 3425 2190 3481 Sed
2227 3428 2342 3481 haec
2368 3429 2588 3497 quidem
2615 3442 2902 3498 peccatum
2937 3433 3270 3489 conciliavit.
3302 3434 3449 3500 Quo—

1880 3517 2026 3570 niam
2066 3533 2192 3572 vcro
2224 3529 2352 3572 ante
2409 3521 2644 3589 lapsmn,
2700 3537 2882 3575 sermo
2927 3524 3039 3591 jam
3102 3535 3448 3582 antevertens

1881 3605 2177 3661 declaravit
2209 3608 2467 3677 angelica:
2499 3610 2910 3679 magniﬁcentia}
2970 3615 3279 3682 proximum
3335 3618 3448 3685 pri-

1882 3710 2028 3748 mum
2061 3695 2212 3749 illum
2247 3697 2522 3752 hominem
2559 3699 2751 3765 fuisse,
2783 3703 2873 3770 qui
2920 3702 2987 3756 ad
3046 3704 3333 3775 imaginem
3370 3708 3449 3760 vi-

1881 3785 2080 3841 delieet
2119 3786 2208 3841 Dei
2238 3787 2412 3843 factus
2433 3798 2568 3855 erat,
2599 3793 2939 3860 exploratum
2971 3796 3197 3849 omnino
3226 3813 3450 3868 perspe-

1882 3889 2137 3949 ctumque
2166 3891 2253 3936 est
2286 3882 2450 3935 etiam
2477 3883 2530 3936 in
2560 3884 2928 3939 universitatis
2979 3891 3448 3944 consummatione

1883 3972 2044 4026 talem
2078 3972 2323 4026 futurum
2359 3988 2388 4026 a
2427 3974 2662 4028 mortuis
2697 3976 3016 4032 excitatum.
3068 3981 3448 4036 Βρεμι-νεαιῑο-

1883 4059 1968 4114 nis
1992 4060 2137 4113 enim
2163 4061 2332 4132 gratia
2362 4062 2501 4115 nihil
2523 4063 2686 4118 nobis
2719 4065 2866 4119 aliud
2918 4067 3230 4136 pollicetur,
3287 4087 3447 4138 quam

1882 4165 2071 4206 eorum
2102 4153 2194 4220 qui
2221 4151 2537 4207 ceciderunt
2589 4154 2644 4207 in
2671 4156 2964 4222 pristinum
3027 4167 3225 4212 statum
3269 4176 3451 4214 resur-

1884 4242 2205 4297 rectionem.

1953 4333 2157 4387 Prreter
2200 4343 2380 4388 autem
2411 4333 2557 4390 dicta
2591 4336 2751 4390 etiam
2783 4337 3183 4394 divinissimum
3217 4345 3450 4398 Anasta-

1884 4423 2023 4478 sium
2058 4424 2324 4479 habemus
2359 4425 2443 4479 his
2483 4427 2660 4480 verbis
2689 4427 3048 4483 disserentem
3079 4447 3093 4483 :
3126 4450 3144 4482 ι
3180 4432 3448 4497 Quoniam

1881 4623 1991 4662 non
2020 4617 2137 4661 erat
2169 4608 2464 4663 discrimen
2498 4610 2621 4672 hoc,
2666 4611 2945 4665 masculus
2988 4612 3243 4668 videlicet
3284 4624 3337 4668 ct
3372 4615 3454 4669 fc-

1882 4699 2252 4768 minazneque
2277 4699 2423 4754 enim
2445 4700 2500 4754 in
2527 4700 2708 4754 divina
2737 4711 2792 4755 et
2813 4701 2970 4756 beata
3005 4705 3235 4773 imagine
3265 4704 3455 4773 hujus-

1883 4791 2028 4845 modi
2076 4790 2280 4858 aliquid
2323 4791 2679 4860 concipitur:
2712 4807 2890 4862 neque
2932 4805 3053 4861 post
3095 4796 3452 4851 resurrectio-

1885 4897 2011 4935 nem
2042 4882 2148 4935 talc
2180 4880 2380 4950 aliquid
2407 4881 2677 4951 reliquum
2711 4882 2994 4951 requirere
3032 4895 3282 4952 oportet;
3317 4902 3454 4955 quo-

1884 4971 2030 5026 niam
2062 4971 2470 5026 transformabit
2503 4980 2632 5028 tunc
2664 4989 2865 5039 corpus
2901 4975 3225 5030 humilitatis
3251 4989 3456 5031 nostra:

1886 5063 2161 5120 Servator.
2182 5064 2235 5119 Si
2259 5065 2402 5118 enim
2426 5064 2706 5136 Nyssenus
2728 5067 2825 5128 ait.
2845 5065 3098 5122 Habitum
3123 5069 3458 5123 irrationalis

1889 5167 2095 5211 natura-
2151 5157 2326 5212 induit
2378 5166 2497 5226 post
2548 5169 2826 5227 peccatum
2891 5175 2991 5214 nos
3050 5161 3213 5225 Deus,
3242 5177 3305 5215 ex
3349 5179 3457 5231 quo

1888 5249 2068 5300 coitus
2093 5255 2147 5300 et
2184 5247 2510 5314 conceptio;
2550 5251 2746 5316 partio,
2797 5259 2850 5303 et
2896 5252 3123 5315 sordes;
3159 5252 3359 5306 femina
3401 5269 3456 5307 et

1889 5337 2304 5400 nutrimentum,
2337 5349 2393 5391 et
2435 5338 2655 5392 tacitum
2678 5338 2744 5392 ad
2775 5341 3158 5408 perfectionem
3194 5357 3457 5410 angnien-

1891 5436 2038 5493 tum;
2067 5425 2266 5481 ﬂorens
2299 5441 2452 5491 aetas,
2482 5437 2536 5482 et
2566 5440 2850 5494 senectus;
2907 5433 3126 5488 morbus
3159 5446 3211 5488 et
3265 5450 3412 5493 mors
3439 5457 3451 5492 :

1890 5515 2236 5571 manifestum
2263 5517 2488 5571 omnino
2515 5527 2599 5572 est
2631 5533 2733 5573 nos
2772 5535 2890 5574 esse
2932 5521 3127 5576 iterum
3186 5527 3456 5580 transfor-

1893 5617 2189 5677 maturum,
2209 5623 2330 5663 cum
2352 5609 2795 5680 superindnctam
2821 5621 2875 5666 et
2906 5613 3272 5672 irrationalem
3310 5621 3455 5675 tnui-
