  <div class='ocr_page' id='page_1' title='image "/cluster/home/n/w/nwhite01/storage/ocr_20150623/158/nnc1.0046980636/412.png"; bbox 0 0 4186 6430; ppageno 0'>
   <div class='ocr_carea' id='block_1_1' title="bbox 271 331 2110 394">
    <p class='ocr_par' dir='ltr' id='par_1_1' title="bbox 271 331 2110 394">
     <span class='ocr_line' id='line_1_1' title="bbox 271 331 2110 394; baseline 0.001 -2"><span class='ocrx_word' id='word_1_1' title='bbox 271 334 334 394; x_wconf 77' lang='grc' dir='ltr'><strong>’Π</strong></span> <span class='ocrx_word' id='word_1_2' title='bbox 1599 331 1967 393; x_wconf 68' lang='lat' dir='ltr'><strong>EPISTOLA</strong></span> <span class='ocrx_word' id='word_1_3' title='bbox 2012 333 2110 394; x_wconf 80' lang='lat' dir='ltr'><strong>VI.</strong></span> 
     </span>
    </p>
   </div>
   <div class='ocr_carea' id='block_1_2' title="bbox 3380 334 3485 392">
    <p class='ocr_par' dir='ltr' id='par_1_2' title="bbox 3380 334 3485 392">
     <span class='ocr_line' id='line_1_2' title="bbox 3380 334 3485 392; baseline 0.019 -2"><span class='ocrx_word' id='word_1_4' title='bbox 3380 334 3485 392; x_wconf 53' lang='grc' dir='ltr'><strong>’ἴτε</strong></span> 
     </span>
    </p>
   </div>
   <div class='ocr_carea' id='block_1_3' title="bbox 249 438 1810 513">
    <p class='ocr_par' dir='ltr' id='par_1_3' title="bbox 249 439 1802 513">
     <span class='ocr_line' id='line_1_3' title="bbox 249 439 1802 513; baseline -0.002 -16"><span class='ocrx_word' id='word_1_5' title='bbox 249 440 499 512; x_wconf 70' lang='grc' dir='ltr'>Ἀϐραὰμ</span> <span class='ocrx_word' id='word_1_6' title='bbox 535 441 562 494; x_wconf 86' lang='lat'><strong>6</strong></span> <span class='ocrx_word' id='word_1_7' title='bbox 590 439 846 503; x_wconf 81' lang='grc' dir='ltr'>πλούσιος</span> <span class='ocrx_word' id='word_1_8' title='bbox 869 454 882 470; x_wconf 84' lang='lat'><strong><em>°</em></strong></span> <span class='ocrx_word' id='word_1_9' title='bbox 909 440 958 494; x_wconf 82' lang='grc' dir='ltr'><strong>εί</strong></span> <span class='ocrx_word' id='word_1_10' title='bbox 995 441 1072 512; x_wconf 82' lang='grc' dir='ltr'>μὴ</span> <span class='ocrx_word' id='word_1_11' title='bbox 1115 443 1222 511; x_wconf 75' lang='grc' dir='ltr'><strong>γὰρ</strong></span> <span class='ocrx_word' id='word_1_12' title='bbox 1273 441 1570 513; x_wconf 72' lang='grc' dir='ltr'><strong>ἐγνώρισεν</strong></span> <span class='ocrx_word' id='word_1_13' title='bbox 1617 442 1802 506; x_wconf 76' lang='grc' dir='ltr'>αὐτὸν,</span> 
     </span>
    </p>
   </div>
   <div class='ocr_carea' id='block_1_4' title="bbox 1917 438 3483 513">
    <p class='ocr_par' dir='ltr' id='par_1_4' title="bbox 1917 438 3483 510">
     <span class='ocr_line' id='line_1_4' title="bbox 1917 438 3483 510; baseline -0.004 -15"><span class='ocrx_word' id='word_1_14' title='bbox 1917 440 2061 495; x_wconf 82' lang='lat' dir='ltr'><strong>dives</strong></span> <span class='ocrx_word' id='word_1_15' title='bbox 2087 458 2100 506; x_wconf 90' lang='lat'><strong>;</strong></span> <span class='ocrx_word' id='word_1_16' title='bbox 2127 441 2228 496; x_wconf 88' lang='lat' dir='ltr'><strong>nisi</strong></span> <span class='ocrx_word' id='word_1_17' title='bbox 2254 441 2399 495; x_wconf 85' lang='lat' dir='ltr'><strong>enim</strong></span> <span class='ocrx_word' id='word_1_18' title='bbox 2427 454 2552 494; x_wconf 90' lang='lat' dir='ltr'><strong>cum</strong></span> <span class='ocrx_word' id='word_1_19' title='bbox 2586 439 2950 510; x_wconf 84' lang='lat' dir='ltr'><strong>Cognovissct,</strong></span> <span class='ocrx_word' id='word_1_20' title='bbox 2969 438 3240 506; x_wconf 73' lang='lat' dir='ltr'><strong>t&#39;ptmuodo</strong></span> <span class='ocrx_word' id='word_1_21' title='bbox 3265 455 3483 489; x_wconf 61' lang='lat' dir='ltr'><strong>tinuum-.-</strong></span> 
     </span>
    </p>
   </div>
   <div class='ocr_carea' id='block_1_5' title="bbox 235 532 1804 602">
    <p class='ocr_par' dir='ltr' id='par_1_5' title="bbox 235 532 1804 602">
     <span class='ocr_line' id='line_1_5' title="bbox 235 532 1804 602; baseline -0.001 -16"><span class='ocrx_word' id='word_1_22' title='bbox 235 534 351 597; x_wconf 84' lang='grc' dir='ltr'><strong>πῶς</strong></span> <span class='ocrx_word' id='word_1_23' title='bbox 384 534 452 587; x_wconf 83' lang='grc' dir='ltr'>ἂν</span> <span class='ocrx_word' id='word_1_24' title='bbox 484 533 747 586; x_wconf 76' lang='grc' dir='ltr'>ἐκάλεσεν</span> <span class='ocrx_word' id='word_1_25' title='bbox 785 533 845 597; x_wconf 81' lang='grc' dir='ltr'>ἐξ</span> <span class='ocrx_word' id='word_1_26' title='bbox 875 532 1177 599; x_wconf 73' lang='grc' dir='ltr'>ὀνόματοςς</span> <span class='ocrx_word' id='word_1_27' title='bbox 1208 532 1308 586; x_wconf 79' lang='grc' dir='ltr'>οὐκ</span> <span class='ocrx_word' id='word_1_28' title='bbox 1355 533 1421 587; x_wconf 77' lang='grc' dir='ltr'>ἄν</span> <span class='ocrx_word' id='word_1_29' title='bbox 1461 551 1546 590; x_wconf 80' lang='grc' dir='ltr'><strong>τις</strong></span> <span class='ocrx_word' id='word_1_30' title='bbox 1583 534 1804 602; x_wconf 78' lang='grc' dir='ltr'>ἀμήχα-</span> 
     </span>
    </p>
   </div>
   <div class='ocr_carea' id='block_1_6' title="bbox 233 619 1801 694">
    <p class='ocr_par' dir='ltr' id='par_1_6' title="bbox 233 619 1801 694">
     <span class='ocr_line' id='line_1_6' title="bbox 233 619 1801 694; baseline -0.001 -16"><span class='ocrx_word' id='word_1_31' title='bbox 233 642 343 685; x_wconf 83' lang='grc' dir='ltr'>νον.</span> <span class='ocrx_word' id='word_1_32' title='bbox 371 623 449 687; x_wconf 83' lang='grc' dir='ltr'><strong>ὡς</strong></span> <span class='ocrx_word' id='word_1_33' title='bbox 499 619 676 693; x_wconf 75' lang='grc' dir='ltr'>οἶμαι,</span> <span class='ocrx_word' id='word_1_34' title='bbox 718 624 1009 694; x_wconf 78' lang='grc' dir='ltr'>ἡγήσεται.</span> <span class='ocrx_word' id='word_1_35' title='bbox 1051 623 1144 689; x_wconf 84' lang='grc' dir='ltr'><strong>Μὴ</strong></span> <span class='ocrx_word' id='word_1_36' title='bbox 1189 625 1285 676; x_wconf 76' lang='grc' dir='ltr'>καὶ</span> <span class='ocrx_word' id='word_1_37' title='bbox 1327 623 1446 676; x_wconf 81' lang='grc' dir='ltr'>τόδε</span> <span class='ocrx_word' id='word_1_38' title='bbox 1493 624 1554 678; x_wconf 79' lang='grc' dir='ltr'>τὸ</span> <span class='ocrx_word' id='word_1_39' title='bbox 1588 625 1801 677; x_wconf 79' lang='grc' dir='ltr'><strong>παιδίον</strong></span> 
     </span>
    </p>
   </div>
   <div class='ocr_carea' id='block_1_7' title="bbox 234 714 1804 786">
    <p class='ocr_par' dir='ltr' id='par_1_7' title="bbox 234 714 1804 786">
     <span class='ocr_line' id='line_1_7' title="bbox 234 714 1804 786; baseline -0.001 -17"><span class='ocrx_word' id='word_1_40' title='bbox 234 717 326 770; x_wconf 75' lang='grc' dir='ltr'>καὶ</span> <span class='ocrx_word' id='word_1_41' title='bbox 359 715 516 786; x_wconf 72' lang='grc' dir='ltr'>τήνδε</span> <span class='ocrx_word' id='word_1_42' title='bbox 540 716 640 786; x_wconf 76' lang='grc' dir='ltr'>τὴν</span> <span class='ocrx_word' id='word_1_43' title='bbox 675 719 928 783; x_wconf 83' lang='grc' dir='ltr'>γυναῖκα,</span> <span class='ocrx_word' id='word_1_44' title='bbox 953 717 1050 769; x_wconf 74' lang='grc' dir='ltr'>καὶ</span> <span class='ocrx_word' id='word_1_45' title='bbox 1079 716 1170 769; x_wconf 80' lang='grc' dir='ltr'>τὸν</span> <span class='ocrx_word' id='word_1_46' title='bbox 1203 714 1436 784; x_wconf 81' lang='grc' dir='ltr'>γέροντα</span> <span class='ocrx_word' id='word_1_47' title='bbox 1467 716 1674 770; x_wconf 81' lang='grc' dir='ltr'>ἐκεῖνον</span> <span class='ocrx_word' id='word_1_48' title='bbox 1709 717 1804 768; x_wconf 74' lang='grc' dir='ltr'><strong>ὑπ’</strong></span> 
     </span>
    </p>
   </div>
   <div class='ocr_carea' id='block_1_8' title="bbox 232 806 1802 878">
    <p class='ocr_par' dir='ltr' id='par_1_8' title="bbox 232 806 1802 878">
     <span class='ocr_line' id='line_1_8' title="bbox 232 806 1802 878; baseline 0.001 -20"><span class='ocrx_word' id='word_1_49' title='bbox 232 807 476 875; x_wconf 80' lang='grc' dir='ltr'>ἀλλήλων</span> <span class='ocrx_word' id='word_1_50' title='bbox 519 806 930 878; x_wconf 71' lang='grc' dir='ltr'><strong>ἐπιγνωσθῆναι</strong></span> <span class='ocrx_word' id='word_1_51' title='bbox 974 808 1121 872; x_wconf 87' lang='grc' dir='ltr'>τότε,</span> <span class='ocrx_word' id='word_1_52' title='bbox 1173 808 1221 859; x_wconf 87' lang='grc' dir='ltr'><strong>εί</strong></span> <span class='ocrx_word' id='word_1_53' title='bbox 1271 808 1367 860; x_wconf 70' lang='grc' dir='ltr'>καὶ</span> <span class='ocrx_word' id='word_1_54' title='bbox 1421 809 1548 876; x_wconf 82' lang='grc' dir='ltr'>μιᾶς</span> <span class='ocrx_word' id='word_1_55' title='bbox 1582 807 1802 877; x_wconf 71' lang='grc' dir='ltr'>ἡλικίας</span> 
     </span>
    </p>
   </div>
   <div class='ocr_carea' id='block_1_9' title="bbox 233 899 1804 969">
    <p class='ocr_par' dir='ltr' id='par_1_9' title="bbox 233 899 1804 969">
     <span class='ocr_line' id='line_1_9' title="bbox 233 899 1804 969; baseline 0.001 -19"><span class='ocrx_word' id='word_1_56' title='bbox 233 900 325 951; x_wconf 66' lang='grc' dir='ltr'>καὶ</span> <span class='ocrx_word' id='word_1_57' title='bbox 355 903 636 969; x_wconf 78' lang='grc' dir='ltr'>σχήματος</span> <span class='ocrx_word' id='word_1_58' title='bbox 667 899 784 965; x_wconf 80' lang='grc' dir='ltr'>ἐνὸς</span> <span class='ocrx_word' id='word_1_59' title='bbox 824 901 1240 968; x_wconf 83' lang='grc' dir='ltr'>ἀναστήσονται.</span> <span class='ocrx_word' id='word_1_60' title='bbox 1282 900 1417 953; x_wconf 81' lang='grc' dir='ltr'><strong>Οὐδὲ</strong></span> <span class='ocrx_word' id='word_1_61' title='bbox 1447 899 1556 968; x_wconf 83' lang='grc' dir='ltr'><strong>γὰρ</strong></span> <span class='ocrx_word' id='word_1_62' title='bbox 1583 899 1647 952; x_wconf 84' lang='grc' dir='ltr'><strong>ἐκ</strong></span> <span class='ocrx_word' id='word_1_63' title='bbox 1673 916 1804 952; x_wconf 85' lang='grc' dir='ltr'>συσ-</span> 
     </span>
    </p>
   </div>
   <div class='ocr_carea' id='block_1_10' title="bbox 232 987 1805 1058">
    <p class='ocr_par' dir='ltr' id='par_1_10' title="bbox 232 987 1805 1058">
     <span class='ocr_line' id='line_1_10' title="bbox 232 987 1805 1058; baseline 0.001 -21"><span class='ocrx_word' id='word_1_64' title='bbox 232 987 425 1055; x_wconf 82' lang='grc' dir='ltr'>σὴμων</span> <span class='ocrx_word' id='word_1_65' title='bbox 470 988 566 1040; x_wconf 83' lang='grc' dir='ltr'>καὶ</span> <span class='ocrx_word' id='word_1_66' title='bbox 601 988 919 1057; x_wconf 80' lang='grc' dir='ltr'><strong>’σχημάτων</strong></span> <span class='ocrx_word' id='word_1_67' title='bbox 968 989 1062 1041; x_wconf 69' lang='grc' dir='ltr'><strong>καὶ</strong></span> <span class='ocrx_word' id='word_1_68' title='bbox 1097 988 1328 1057; x_wconf 77' lang='grc' dir='ltr'>ἡλικιῶν</span> <span class='ocrx_word' id='word_1_69' title='bbox 1373 989 1408 1058; x_wconf 77' lang='grc' dir='ltr'><strong>ἡ</strong></span> <span class='ocrx_word' id='word_1_70' title='bbox 1457 987 1805 1057; x_wconf 86' lang='grc' dir='ltr'>γνωριμότης</span> 
     </span>
    </p>
   </div>
   <div class='ocr_carea' id='block_1_11' title="bbox 229 1078 1804 1150">
    <p class='ocr_par' dir='ltr' id='par_1_11' title="bbox 229 1078 1804 1150">
     <span class='ocr_line' id='line_1_11' title="bbox 229 1078 1804 1150; baseline 0.009 -21"><span class='ocrx_word' id='word_1_71' title='bbox 229 1079 452 1130; x_wconf 80' lang='grc' dir='ltr'>ἐκεῖσε·</span> <span class='ocrx_word' id='word_1_72' title='bbox 503 1079 642 1133; x_wconf 80' lang='grc' dir='ltr'>ἀλλὰ</span> <span class='ocrx_word' id='word_1_73' title='bbox 692 1078 772 1145; x_wconf 85' lang='grc' dir='ltr'><strong>τῷ</strong></span> <span class='ocrx_word' id='word_1_74' title='bbox 824 1080 1118 1150; x_wconf 84' lang='grc' dir='ltr'>διορατικῷ</span> <span class='ocrx_word' id='word_1_75' title='bbox 1163 1082 1262 1150; x_wconf 77' lang='grc' dir='ltr'><strong>τῆς</strong></span> <span class='ocrx_word' id='word_1_76' title='bbox 1309 1080 1486 1150; x_wconf 77' lang='grc' dir='ltr'>ψυχῆς</span> <span class='ocrx_word' id='word_1_77' title='bbox 1537 1079 1804 1150; x_wconf 63' lang='grc' dir='ltr'>ὀφθαλμῷ</span> 
     </span>
    </p>
   </div>
   <div class='ocr_carea' id='block_1_12' title="bbox 229 1167 1798 1240">
    <p class='ocr_par' dir='ltr' id='par_1_12' title="bbox 229 1167 1798 1240">
     <span class='ocr_line' id='line_1_12' title="bbox 229 1167 1798 1240; baseline 0.002 -20"><span class='ocrx_word' id='word_1_78' title='bbox 229 1167 570 1237; x_wconf 85' lang='grc' dir='ltr'>γνωριοῦμεν</span> <span class='ocrx_word' id='word_1_79' title='bbox 596 1170 797 1230; x_wconf 77' lang='grc' dir='ltr'>πάντες</span> <span class='ocrx_word' id='word_1_80' title='bbox 820 1169 946 1231; x_wconf 83' lang='grc' dir='ltr'>τοὺς</span> <span class='ocrx_word' id='word_1_81' title='bbox 980 1170 1205 1234; x_wconf 81' lang='grc' dir='ltr'>πάντας,</span> <span class='ocrx_word' id='word_1_82' title='bbox 1228 1170 1301 1232; x_wconf 86' lang='grc' dir='ltr'>ὠς</span> <span class='ocrx_word' id='word_1_83' title='bbox 1322 1173 1350 1223; x_wconf 98' lang='lat'><strong>6</strong></span> <span class='ocrx_word' id='word_1_84' title='bbox 1378 1171 1608 1239; x_wconf 82' lang='grc' dir='ltr'>ποιητὴς</span> <span class='ocrx_word' id='word_1_85' title='bbox 1639 1169 1798 1240; x_wconf 76' lang='grc' dir='ltr'>ἡμῶν</span> 
     </span>
    </p>
   </div>
   <div class='ocr_carea' id='block_1_13' title="bbox 230 1255 1801 1327">
    <p class='ocr_par' dir='ltr' id='par_1_13' title="bbox 230 1255 1801 1327">
     <span class='ocr_line' id='line_1_13' title="bbox 230 1255 1801 1327; baseline 0.001 -21"><span class='ocrx_word' id='word_1_86' title='bbox 230 1257 323 1308; x_wconf 81' lang='grc' dir='ltr'>καὶ</span> <span class='ocrx_word' id='word_1_87' title='bbox 345 1255 593 1325; x_wconf 81' lang='grc' dir='ltr'>πλάστης</span> <span class='ocrx_word' id='word_1_88' title='bbox 621 1257 948 1327; x_wconf 76' lang='grc' dir='ltr'><strong>ηὐδόκησεν.</strong></span> <span class='ocrx_word' id='word_1_89' title='bbox 979 1257 1126 1311; x_wconf 73' lang='grc' dir='ltr'><strong>Αὐτὸ</strong></span> <span class='ocrx_word' id='word_1_90' title='bbox 1152 1257 1314 1311; x_wconf 89' lang='grc' dir='ltr'>τοῦτο</span> <span class='ocrx_word' id='word_1_91' title='bbox 1338 1258 1436 1310; x_wconf 79' lang='grc' dir='ltr'>καὶ</span> <span class='ocrx_word' id='word_1_92' title='bbox 1470 1259 1498 1310; x_wconf 89' lang='lat'><strong>6</strong></span> <span class='ocrx_word' id='word_1_93' title='bbox 1525 1257 1801 1322; x_wconf 87' lang='grc' dir='ltr'>θειότατος</span> 
     </span>
    </p>
   </div>
   <div class='ocr_carea' id='block_1_14' title="bbox 255 1347 1803 1420">
    <p class='ocr_par' dir='ltr' id='par_1_14' title="bbox 255 1347 1803 1420">
     <span class='ocr_line' id='line_1_14' title="bbox 255 1347 1803 1420; baseline 0.002 -22"><span class='ocrx_word' id='word_1_94' title='bbox 255 1347 590 1410; x_wconf 74' lang='grc' dir='ltr'>Λναστάσιος</span> <span class='ocrx_word' id='word_1_95' title='bbox 631 1348 1018 1420; x_wconf 85' lang='grc' dir='ltr'>ἁριδηλότερόν</span> <span class='ocrx_word' id='word_1_96' title='bbox 1048 1361 1132 1402; x_wconf 83' lang='grc' dir='ltr'><strong>σοι</strong></span> <span class='ocrx_word' id='word_1_97' title='bbox 1178 1350 1501 1420; x_wconf 79' lang='grc' dir='ltr'>παρίστησι,</span> <span class='ocrx_word' id='word_1_98' title='bbox 1539 1349 1634 1402; x_wconf 74' lang='grc' dir='ltr'><strong>καὶ</strong></span> <span class='ocrx_word' id='word_1_99' title='bbox 1660 1347 1803 1402; x_wconf 77' lang='grc' dir='ltr'>οὕτω</span> 
     </span>
    </p>
   </div>
   <div class='ocr_carea' id='block_1_15' title="bbox 229 1439 1802 1510">
    <p class='ocr_par' dir='ltr' id='par_1_15' title="bbox 229 1439 1802 1510">
     <span class='ocr_line' id='line_1_15' title="bbox 229 1439 1802 1510; baseline 0.004 -21"><span class='ocrx_word' id='word_1_100' title='bbox 229 1439 398 1507; x_wconf 79' lang='grc' dir='ltr'>φησί·</span> <span class='ocrx_word' id='word_1_101' title='bbox 440 1440 547 1491; x_wconf 79' lang='grc' dir='ltr'><strong>Καὶ</strong></span> <span class='ocrx_word' id='word_1_102' title='bbox 573 1439 674 1492; x_wconf 84' lang='grc' dir='ltr'>οὐκ</span> <span class='ocrx_word' id='word_1_103' title='bbox 700 1441 765 1492; x_wconf 84' lang='grc' dir='ltr'><strong>ἐκ</strong></span> <span class='ocrx_word' id='word_1_104' title='bbox 798 1441 1100 1510; x_wconf 77' lang='grc' dir='ltr'>συσσήμων</span> <span class='ocrx_word' id='word_1_105' title='bbox 1145 1443 1438 1510; x_wconf 76' lang='grc' dir='ltr'><strong>ἐπίγνωσις</strong></span> <span class='ocrx_word' id='word_1_106' title='bbox 1469 1441 1623 1494; x_wconf 77' lang='grc' dir='ltr'>ἔσται</span> <span class='ocrx_word' id='word_1_107' title='bbox 1656 1441 1802 1496; x_wconf 82' lang='grc' dir='ltr'>τότε.</span> 
     </span>
    </p>
   </div>
   <div class='ocr_carea' id='block_1_16' title="bbox 239 1530 1802 1603">
    <p class='ocr_par' dir='ltr' id='par_1_16' title="bbox 239 1530 1802 1603">
     <span class='ocr_line' id='line_1_16' title="bbox 239 1530 1802 1603; baseline 0.002 -20"><span class='ocrx_word' id='word_1_108' title='bbox 239 1530 379 1583; x_wconf 59' lang='grc' dir='ltr'><strong>⁹Ἀλλ’</strong></span> <span class='ocrx_word' id='word_1_109' title='bbox 412 1531 536 1584; x_wconf 73' lang='grc' dir='ltr'>οὐδὲ</span> <span class='ocrx_word' id='word_1_110' title='bbox 575 1531 645 1584; x_wconf 69' lang='grc' dir='ltr'>τὰ</span> <span class='ocrx_word' id='word_1_111' title='bbox 693 1534 991 1602; x_wconf 69' lang='grc' dir='ltr'>γεννητικὰ</span> <span class='ocrx_word' id='word_1_112' title='bbox 1025 1533 1199 1586; x_wconf 71' lang='grc' dir='ltr'>ταῦτα</span> <span class='ocrx_word' id='word_1_113' title='bbox 1249 1534 1414 1603; x_wconf 80' lang='grc' dir='ltr'>μόρια</span> <span class='ocrx_word' id='word_1_114' title='bbox 1458 1535 1519 1586; x_wconf 75' lang='grc' dir='ltr'><strong>τό</strong></span> <span class='ocrx_word' id='word_1_115' title='bbox 1562 1550 1618 1585; x_wconf 87' lang='grc' dir='ltr'><strong>τε</strong></span> <span class='ocrx_word' id='word_1_116' title='bbox 1667 1534 1802 1603; x_wconf 84' lang='grc' dir='ltr'>θῆλυ</span> 
     </span>
    </p>
   </div>
   <div class='ocr_carea' id='block_1_17' title="bbox 228 1623 1802 1698">
    <p class='ocr_par' dir='ltr' id='par_1_17' title="bbox 228 1623 1802 1698">
     <span class='ocr_line' id='line_1_17' title="bbox 228 1623 1802 1698; baseline 0.003 -24"><span class='ocrx_word' id='word_1_117' title='bbox 228 1624 324 1675; x_wconf 75' lang='grc' dir='ltr'>καὶ</span> <span class='ocrx_word' id='word_1_118' title='bbox 363 1623 424 1675; x_wconf 85' lang='grc' dir='ltr'>τὸ</span> <span class='ocrx_word' id='word_1_119' title='bbox 453 1625 622 1694; x_wconf 75' lang='grc' dir='ltr'>άρῤεν</span> <span class='ocrx_word' id='word_1_120' title='bbox 680 1623 1034 1695; x_wconf 78' lang='grc' dir='ltr'>παρίστησιν,</span> <span class='ocrx_word' id='word_1_121' title='bbox 1069 1627 1150 1679; x_wconf 74' lang='grc' dir='ltr'><strong>δτι</strong></span> <span class='ocrx_word' id='word_1_122' title='bbox 1195 1627 1330 1694; x_wconf 79' lang='grc' dir='ltr'>μηδὲ</span> <span class='ocrx_word' id='word_1_123' title='bbox 1364 1629 1420 1679; x_wconf 86' lang='grc' dir='ltr'><strong>ἐν</strong></span> <span class='ocrx_word' id='word_1_124' title='bbox 1471 1627 1550 1696; x_wconf 85' lang='grc' dir='ltr'>τῷ</span> <span class='ocrx_word' id='word_1_125' title='bbox 1580 1628 1802 1698; x_wconf 79' lang='grc' dir='ltr'>Χριστῷ</span> 
     </span>
    </p>
   </div>
   <div class='ocr_carea' id='block_1_18' title="bbox 226 1715 1803 1788">
    <p class='ocr_par' dir='ltr' id='par_1_18' title="bbox 226 1715 1803 1788">
     <span class='ocr_line' id='line_1_18' title="bbox 226 1715 1803 1788; baseline 0.002 -19"><span class='ocrx_word' id='word_1_126' title='bbox 226 1715 396 1783; x_wconf 84' lang='grc' dir='ltr'>ἄρσεν</span> <span class='ocrx_word' id='word_1_127' title='bbox 449 1717 547 1769; x_wconf 81' lang='grc' dir='ltr'>καὶ</span> <span class='ocrx_word' id='word_1_128' title='bbox 603 1716 759 1787; x_wconf 74' lang='grc' dir='ltr'>θῆλυ,</span> <span class='ocrx_word' id='word_1_129' title='bbox 817 1718 960 1771; x_wconf 79' lang='grc' dir='ltr'>καθά</span> <span class='ocrx_word' id='word_1_130' title='bbox 989 1736 1126 1788; x_wconf 79' lang='grc' dir='ltr'>φησι</span> <span class='ocrx_word' id='word_1_131' title='bbox 1167 1720 1397 1781; x_wconf 77' lang='grc' dir='ltr'>Παῦλος.</span> <span class='ocrx_word' id='word_1_132' title='bbox 1445 1721 1508 1772; x_wconf 85' lang='lat' dir='ltr'><strong>Ei</strong></span> <span class='ocrx_word' id='word_1_133' title='bbox 1536 1719 1594 1772; x_wconf 86' lang='grc' dir='ltr'><strong>δέ</strong></span> <span class='ocrx_word' id='word_1_134' title='bbox 1629 1720 1803 1774; x_wconf 67' lang='grc' dir='ltr'>ταῦτα</span> 
     </span>
    </p>
   </div>
   <div class='ocr_carea' id='block_1_19' title="bbox 1911 530 3482 600">
    <p class='ocr_par' dir='ltr' id='par_1_19' title="bbox 1911 530 3482 600">
     <span class='ocr_line' id='line_1_19' title="bbox 1911 530 3482 600; baseline -0.007 -14"><span class='ocrx_word' id='word_1_135' title='bbox 1911 541 2162 586; x_wconf 84' lang='lat' dir='ltr'><strong>vocasset</strong></span> <span class='ocrx_word' id='word_1_136' title='bbox 2204 533 2228 584; x_wconf 86' lang='lat'><strong>?</strong></span> <span class='ocrx_word' id='word_1_137' title='bbox 2273 547 2433 586; x_wconf 89' lang='lat' dir='ltr'><strong>nemo</strong></span> <span class='ocrx_word' id='word_1_138' title='bbox 2487 533 2673 600; x_wconf 89' lang='lat' dir='ltr'><strong>utique</strong></span> <span class='ocrx_word' id='word_1_139' title='bbox 2718 530 3074 600; x_wconf 81' lang='lat' dir='ltr'><strong>impossibile,</strong></span> <span class='ocrx_word' id='word_1_140' title='bbox 3121 538 3180 582; x_wconf 91' lang='lat' dir='ltr'><strong>ut</strong></span> <span class='ocrx_word' id='word_1_141' title='bbox 3229 531 3482 579; x_wconf 77' lang='lat' dir='ltr'><strong>:tt&#39;l-ttrm&#39;.</strong></span> 
     </span>
    </p>
   </div>
   <div class='ocr_carea' id='block_1_20' title="bbox 1907 621 3486 695">
    <p class='ocr_par' dir='ltr' id='par_1_20' title="bbox 1907 621 3486 695">
     <span class='ocr_line' id='line_1_20' title="bbox 1907 621 3486 695; baseline -0.004 -16"><span class='ocrx_word' id='word_1_142' title='bbox 1907 625 2192 695; x_wconf 74' lang='lat' dir='ltr'><strong>iudicabit,</strong></span> <span class='ocrx_word' id='word_1_143' title='bbox 2219 633 2276 679; x_wconf 88' lang='lat' dir='ltr'><strong>et</strong></span> <span class='ocrx_word' id='word_1_144' title='bbox 2323 625 2467 678; x_wconf 91' lang='lat' dir='ltr'><strong>hunc</strong></span> <span class='ocrx_word' id='word_1_145' title='bbox 2499 639 2750 693; x_wconf 88' lang='lat' dir='ltr'><strong>puerum,</strong></span> <span class='ocrx_word' id='word_1_146' title='bbox 2794 631 2850 677; x_wconf 89' lang='lat' dir='ltr'><strong>et</strong></span> <span class='ocrx_word' id='word_1_147' title='bbox 2896 623 3036 676; x_wconf 85' lang='lat' dir='ltr'><strong>hanc</strong></span> <span class='ocrx_word' id='word_1_148' title='bbox 3087 621 3394 683; x_wconf 66' lang='lat' dir='ltr'><strong>mulierem,</strong></span> <span class='ocrx_word' id='word_1_149' title='bbox 3431 630 3486 672; x_wconf 84' lang='lat' dir='ltr'><strong>et</strong></span> 
     </span>
    </p>
   </div>
   <div class='ocr_carea' id='block_1_21' title="bbox 1911 711 3486 785">
    <p class='ocr_par' dir='ltr' id='par_1_21' title="bbox 1911 711 3486 785">
     <span class='ocr_line' id='line_1_21' title="bbox 1911 711 3486 785; baseline -0.004 -17"><span class='ocrx_word' id='word_1_150' title='bbox 1911 730 2099 768; x_wconf 87' lang='lat' dir='ltr'><strong>senem</strong></span> <span class='ocrx_word' id='word_1_151' title='bbox 2131 715 2304 776; x_wconf 87' lang='lat' dir='ltr'><strong>illum,</strong></span> <span class='ocrx_word' id='word_1_152' title='bbox 2342 715 2575 768; x_wconf 91' lang='lat' dir='ltr'><strong>invicem</strong></span> <span class='ocrx_word' id='word_1_153' title='bbox 2612 722 2725 766; x_wconf 83' lang='lat' dir='ltr'><strong>tum</strong></span> <span class='ocrx_word' id='word_1_154' title='bbox 2757 713 3030 785; x_wconf 84' lang='lat' dir='ltr'><strong>cognitum</strong></span> <span class='ocrx_word' id='word_1_155' title='bbox 3061 711 3148 773; x_wconf 86' lang='lat' dir='ltr'><strong>iri,</strong></span> <span class='ocrx_word' id='word_1_156' title='bbox 3186 711 3289 764; x_wconf 88' lang='lat' dir='ltr'><strong>etsi</strong></span> <span class='ocrx_word' id='word_1_157' title='bbox 3324 728 3486 762; x_wconf 77' lang='lat' dir='ltr'><strong>unius</strong></span> 
     </span>
    </p>
   </div>
   <div class='ocr_carea' id='block_1_22' title="bbox 1908 803 3486 876">
    <p class='ocr_par' dir='ltr' id='par_1_22' title="bbox 1908 803 3486 876">
     <span class='ocr_line' id='line_1_22' title="bbox 1908 803 3486 876; baseline -0.005 -16"><span class='ocrx_word' id='word_1_158' title='bbox 1908 809 2107 870; x_wconf 63' lang='lat' dir='ltr'><strong>aetatis,</strong></span> <span class='ocrx_word' id='word_1_159' title='bbox 2141 808 2409 876; x_wconf 83' lang='lat' dir='ltr'><strong>uniusque</strong></span> <span class='ocrx_word' id='word_1_160' title='bbox 2446 808 2630 876; x_wconf 76' lang='lat' dir='ltr'><strong>ﬁgurze</strong></span> <span class='ocrx_word' id='word_1_161' title='bbox 2669 815 2977 876; x_wconf 89' lang='lat' dir='ltr'><strong>resurgent.</strong></span> <span class='ocrx_word' id='word_1_162' title='bbox 3013 803 3202 872; x_wconf 83' lang='lat' dir='ltr'><strong>Neque</strong></span> <span class='ocrx_word' id='word_1_163' title='bbox 3241 803 3388 855; x_wconf 90' lang='lat' dir='ltr'><strong>enim</strong></span> <span class='ocrx_word' id='word_1_164' title='bbox 3421 818 3486 853; x_wconf 83' lang='lat' dir='ltr'><strong>ex</strong></span> 
     </span>
    </p>
   </div>
   <div class='ocr_carea' id='block_1_23' title="bbox 1911 892 3487 967">
    <p class='ocr_par' dir='ltr' id='par_1_23' title="bbox 1911 892 3487 967">
     <span class='ocr_line' id='line_1_23' title="bbox 1911 892 3487 967; baseline -0.004 -17"><span class='ocrx_word' id='word_1_165' title='bbox 1911 897 2219 967; x_wconf 90' lang='lat' dir='ltr'><strong>insignibus</strong></span> <span class='ocrx_word' id='word_1_166' title='bbox 2262 908 2318 952; x_wconf 89' lang='lat' dir='ltr'><strong>et</strong></span> <span class='ocrx_word' id='word_1_167' title='bbox 2371 898 2560 966; x_wconf 91' lang='lat' dir='ltr'><strong>ﬁguris</strong></span> <span class='ocrx_word' id='word_1_168' title='bbox 2607 897 2678 951; x_wconf 90' lang='lat' dir='ltr'><strong>ibi</strong></span> <span class='ocrx_word' id='word_1_169' title='bbox 2713 898 2996 967; x_wconf 88' lang='lat' dir='ltr'><strong>cognitio;</strong></span> <span class='ocrx_word' id='word_1_170' title='bbox 3036 894 3131 950; x_wconf 86' lang='lat' dir='ltr'><strong>sed</strong></span> <span class='ocrx_word' id='word_1_171' title='bbox 3187 892 3487 963; x_wconf 75' lang='lat' dir='ltr'><strong>perspicaci</strong></span> 
     </span>
    </p>
   </div>
   <div class='ocr_carea' id='block_1_24' title="bbox 1908 988 3488 1058">
    <p class='ocr_par' dir='ltr' id='par_1_24' title="bbox 1908 988 3488 1058">
     <span class='ocr_line' id='line_1_24' title="bbox 1908 988 3488 1058; baseline -0.004 -15"><span class='ocrx_word' id='word_1_172' title='bbox 1908 989 2102 1043; x_wconf 78' lang='lat' dir='ltr'><strong>anima:</strong></span> <span class='ocrx_word' id='word_1_173' title='bbox 2125 989 2286 1043; x_wconf 91' lang='lat' dir='ltr'><strong>oculo</strong></span> <span class='ocrx_word' id='word_1_174' title='bbox 2303 1003 2492 1044; x_wconf 90' lang='lat' dir='ltr'><strong>omnes</strong></span> <span class='ocrx_word' id='word_1_175' title='bbox 2511 989 2579 1043; x_wconf 85' lang='lat' dir='ltr'><strong>ab</strong></span> <span class='ocrx_word' id='word_1_176' title='bbox 2598 988 2852 1042; x_wconf 80' lang='lat' dir='ltr'><strong>erunibus</strong></span> <span class='ocrx_word' id='word_1_177' title='bbox 2869 996 3285 1058; x_wconf 77' lang='lat' dir='ltr'><strong>cognoscentur,</strong></span> <span class='ocrx_word' id='word_1_178' title='bbox 3306 1002 3488 1053; x_wconf 80' lang='lat' dir='ltr'><strong>queui-</strong></span> 
     </span>
    </p>
   </div>
   <div class='ocr_carea' id='block_1_25' title="bbox 1909 1077 3486 1134">
    <p class='ocr_par' dir='ltr' id='par_1_25' title="bbox 1909 1077 3486 1134">
     <span class='ocr_line' id='line_1_25' title="bbox 1909 1077 3486 1134; baseline -0.004 0"><span class='ocrx_word' id='word_1_179' title='bbox 1909 1079 2202 1134; x_wconf 84' lang='lat' dir='ltr'><strong>admodum</strong></span> <span class='ocrx_word' id='word_1_180' title='bbox 2261 1079 2451 1133; x_wconf 80' lang='lat' dir='ltr'><strong>factori</strong></span> <span class='ocrx_word' id='word_1_181' title='bbox 2511 1087 2566 1133; x_wconf 89' lang='lat' dir='ltr'><strong>et</strong></span> <span class='ocrx_word' id='word_1_182' title='bbox 2633 1078 2804 1133; x_wconf 87' lang='lat' dir='ltr'><strong>ﬁctori</strong></span> <span class='ocrx_word' id='word_1_183' title='bbox 2858 1090 3048 1133; x_wconf 88' lang='lat' dir='ltr'><strong>nostro</strong></span> <span class='ocrx_word' id='word_1_184' title='bbox 3090 1079 3266 1131; x_wconf 78' lang='lat' dir='ltr'><strong>visunt</strong></span> <span class='ocrx_word' id='word_1_185' title='bbox 3303 1077 3486 1130; x_wconf 72' lang='lat' dir='ltr'><strong>inierit.</strong></span> 
     </span>
    </p>
   </div>
   <div class='ocr_carea' id='block_1_26' title="bbox 1913 1169 3488 1239">
    <p class='ocr_par' dir='ltr' id='par_1_26' title="bbox 1913 1169 3488 1239">
     <span class='ocr_line' id='line_1_26' title="bbox 1913 1169 3488 1239; baseline -0.002 -14"><span class='ocrx_word' id='word_1_186' title='bbox 1913 1169 2099 1225; x_wconf 86' lang='lat' dir='ltr'><strong>lsthuc</strong></span> <span class='ocrx_word' id='word_1_187' title='bbox 2148 1172 2324 1239; x_wconf 90' lang='lat' dir='ltr'><strong>ipsum</strong></span> <span class='ocrx_word' id='word_1_188' title='bbox 2373 1180 2426 1226; x_wconf 88' lang='lat' dir='ltr'><strong>et</strong></span> <span class='ocrx_word' id='word_1_189' title='bbox 2469 1170 2846 1226; x_wconf 87' lang='lat' dir='ltr'><strong>divinissimus</strong></span> <span class='ocrx_word' id='word_1_190' title='bbox 2909 1170 3228 1225; x_wconf 85' lang='lat' dir='ltr'><strong>Anastasius</strong></span> <span class='ocrx_word' id='word_1_191' title='bbox 3258 1169 3488 1222; x_wconf 80' lang='lat' dir='ltr'><strong>manife-</strong></span> 
     </span>
    </p>
   </div>
   <div class='ocr_carea' id='block_1_27' title="bbox 1912 1261 3492 1330">
    <p class='ocr_par' dir='ltr' id='par_1_27' title="bbox 1912 1261 3492 1330">
     <span class='ocr_line' id='line_1_27' title="bbox 1912 1261 3492 1330; baseline -0.002 -14"><span class='ocrx_word' id='word_1_192' title='bbox 1912 1261 2055 1316; x_wconf 86' lang='lat' dir='ltr'><strong>stius</strong></span> <span class='ocrx_word' id='word_1_193' title='bbox 2092 1261 2189 1330; x_wconf 88' lang='lat' dir='ltr'><strong>tibi</strong></span> <span class='ocrx_word' id='word_1_194' title='bbox 2222 1261 2396 1327; x_wconf 79' lang='lat' dir='ltr'><strong>sistet,</strong></span> <span class='ocrx_word' id='word_1_195' title='bbox 2427 1270 2483 1316; x_wconf 91' lang='lat' dir='ltr'><strong>et</strong></span> <span class='ocrx_word' id='word_1_196' title='bbox 2517 1264 2589 1317; x_wconf 89' lang='lat' dir='ltr'><strong>ita</strong></span> <span class='ocrx_word' id='word_1_197' title='bbox 2629 1265 2708 1316; x_wconf 86' lang='lat' dir='ltr'><strong>ait</strong></span> <span class='ocrx_word' id='word_1_198' title='bbox 2743 1283 2753 1317; x_wconf 92' lang='lat'><strong>:</strong></span> <span class='ocrx_word' id='word_1_199' title='bbox 2797 1282 2814 1314; x_wconf 81' lang='grc' dir='ltr'><strong>ι</strong></span> <span class='ocrx_word' id='word_1_200' title='bbox 2852 1261 2920 1316; x_wconf 85' lang='grc' dir='ltr'><strong>Ει</strong></span> <span class='ocrx_word' id='word_1_201' title='bbox 2947 1277 3057 1316; x_wconf 90' lang='lat' dir='ltr'><strong>non</strong></span> <span class='ocrx_word' id='word_1_202' title='bbox 3083 1277 3148 1315; x_wconf 79' lang='lat' dir='ltr'><strong>ex</strong></span> <span class='ocrx_word' id='word_1_203' title='bbox 3185 1261 3492 1329; x_wconf 80' lang='lat' dir='ltr'><strong>insignibus</strong></span> 
     </span>
    </p>
   </div>
   <div class='ocr_carea' id='block_1_28' title="bbox 1912 1352 3494 1422">
    <p class='ocr_par' dir='ltr' id='par_1_28' title="bbox 1912 1352 3494 1422">
     <span class='ocr_line' id='line_1_28' title="bbox 1912 1352 3494 1422; baseline -0.004 -16"><span class='ocrx_word' id='word_1_204' title='bbox 1912 1353 2154 1421; x_wconf 74' lang='lat' dir='ltr'><strong>cognitio</strong></span> <span class='ocrx_word' id='word_1_205' title='bbox 2183 1362 2312 1407; x_wconf 92' lang='lat' dir='ltr'><strong>tunc</strong></span> <span class='ocrx_word' id='word_1_206' title='bbox 2334 1354 2460 1409; x_wconf 89' lang='lat' dir='ltr'><strong>erit.</strong></span> <span class='ocrx_word' id='word_1_207' title='bbox 2494 1371 2512 1404; x_wconf 77' lang='grc' dir='ltr'><strong>ι</strong></span> <span class='ocrx_word' id='word_1_208' title='bbox 2547 1354 2656 1408; x_wconf 88' lang='lat' dir='ltr'><strong>Sed</strong></span> <span class='ocrx_word' id='word_1_209' title='bbox 2689 1369 2864 1422; x_wconf 89' lang='lat' dir='ltr'><strong>neque</strong></span> <span class='ocrx_word' id='word_1_210' title='bbox 2887 1352 3141 1422; x_wconf 72' lang='lat' dir='ltr'><strong>genitalia</strong></span> <span class='ocrx_word' id='word_1_211' title='bbox 3181 1352 3295 1404; x_wconf 82' lang='lat' dir='ltr'><strong>haec</strong></span> <span class='ocrx_word' id='word_1_212' title='bbox 3323 1367 3494 1402; x_wconf 76' lang='lat' dir='ltr'><strong>tuetu-</strong></span> 
     </span>
    </p>
   </div>
   <div class='ocr_carea' id='block_1_29' title="bbox 1923 1443 3494 1510">
    <p class='ocr_par' dir='ltr' id='par_1_29' title="bbox 1923 1443 3494 1510">
     <span class='ocr_line' id='line_1_29' title="bbox 1923 1443 3494 1510; baseline -0.004 -12"><span class='ocrx_word' id='word_1_213' title='bbox 1923 1443 2017 1498; x_wconf 88' lang='lat' dir='ltr'><strong>bra</strong></span> <span class='ocrx_word' id='word_1_214' title='bbox 2066 1456 2178 1498; x_wconf 88' lang='lat' dir='ltr'><strong>tum</strong></span> <span class='ocrx_word' id='word_1_215' title='bbox 2217 1461 2422 1498; x_wconf 88' lang='lat' dir='ltr'><strong>marem</strong></span> <span class='ocrx_word' id='word_1_216' title='bbox 2453 1457 2508 1498; x_wconf 90' lang='lat' dir='ltr'><strong>et</strong></span> <span class='ocrx_word' id='word_1_217' title='bbox 2534 1445 2791 1500; x_wconf 80' lang='lat' dir='ltr'><strong>feminam</strong></span> <span class='ocrx_word' id='word_1_218' title='bbox 2827 1445 3193 1508; x_wconf 85' lang='lat' dir='ltr'><strong>constituent;</strong></span> <span class='ocrx_word' id='word_1_219' title='bbox 3235 1443 3362 1510; x_wconf 87' lang='lat' dir='ltr'><strong>quia</strong></span> <span class='ocrx_word' id='word_1_220' title='bbox 3397 1458 3494 1493; x_wconf 59' lang='lat' dir='ltr'><strong>ne-</strong></span> 
     </span>
    </p>
   </div>
   <div class='ocr_carea' id='block_1_30' title="bbox 1911 1536 3491 1606">
    <p class='ocr_par' dir='ltr' id='par_1_30' title="bbox 1911 1536 3491 1606">
     <span class='ocr_line' id='line_1_30' title="bbox 1911 1536 3491 1606; baseline -0.003 -16"><span class='ocrx_word' id='word_1_221' title='bbox 1911 1553 2018 1606; x_wconf 86' lang='lat' dir='ltr'><strong>que</strong></span> <span class='ocrx_word' id='word_1_222' title='bbox 2054 1537 2111 1590; x_wconf 90' lang='lat' dir='ltr'><strong>in</strong></span> <span class='ocrx_word' id='word_1_223' title='bbox 2143 1537 2364 1592; x_wconf 82' lang='lat' dir='ltr'><strong>Christo</strong></span> <span class='ocrx_word' id='word_1_224' title='bbox 2400 1555 2516 1592; x_wconf 85' lang='lat' dir='ltr'><strong>mas</strong></span> <span class='ocrx_word' id='word_1_225' title='bbox 2541 1547 2597 1592; x_wconf 89' lang='lat' dir='ltr'><strong>et</strong></span> <span class='ocrx_word' id='word_1_226' title='bbox 2628 1538 2855 1600; x_wconf 74' lang='lat' dir='ltr'><strong>femina,</strong></span> <span class='ocrx_word' id='word_1_227' title='bbox 2886 1549 2945 1592; x_wconf 92' lang='lat' dir='ltr'><strong>ut</strong></span> <span class='ocrx_word' id='word_1_228' title='bbox 2978 1538 3178 1590; x_wconf 75' lang='lat' dir='ltr'><strong>Paulus</strong></span> <span class='ocrx_word' id='word_1_229' title='bbox 3209 1537 3406 1604; x_wconf 86' lang='lat' dir='ltr'><strong>inquit.</strong></span> 
     </span>
    </p>
   </div>
   <div class='ocr_carea' id='block_1_31' title="bbox 1914 1629 3489 1698">
    <p class='ocr_par' dir='ltr' id='par_1_31' title="bbox 1914 1629 3489 1698">
     <span class='ocr_line' id='line_1_31' title="bbox 1914 1629 3489 1698; baseline -0.003 -18"><span class='ocrx_word' id='word_1_230' title='bbox 1914 1644 2041 1683; x_wconf 85' lang='lat' dir='ltr'><strong>vero</strong></span> <span class='ocrx_word' id='word_1_231' title='bbox 2074 1629 2189 1682; x_wconf 47' lang='lat' dir='ltr'><strong>hare</strong></span> <span class='ocrx_word' id='word_1_232' title='bbox 2221 1630 2292 1681; x_wconf 86' lang='lat' dir='ltr'><strong>ita</strong></span> <span class='ocrx_word' id='word_1_233' title='bbox 2341 1631 2540 1684; x_wconf 85' lang='lat' dir='ltr'><strong>habent</strong></span> <span class='ocrx_word' id='word_1_234' title='bbox 2571 1641 2625 1682; x_wconf 83' lang='lat' dir='ltr'><strong>et</strong></span> <span class='ocrx_word' id='word_1_235' title='bbox 2671 1630 2974 1684; x_wconf 76' lang='lat' dir='ltr'><strong>secundum</strong></span> <span class='ocrx_word' id='word_1_236' title='bbox 3018 1644 3270 1698; x_wconf 70' lang='lat' dir='ltr'><strong>magnum</strong></span> <span class='ocrx_word' id='word_1_237' title='bbox 3332 1630 3489 1678; x_wconf 62' lang='lat' dir='ltr'><strong>Atha-</strong></span> 
     </span>
    </p>
   </div>
   <div class='ocr_carea' id='block_1_32' title="bbox 1913 1721 3480 1789">
    <p class='ocr_par' dir='ltr' id='par_1_32' title="bbox 1913 1721 3480 1789">
     <span class='ocr_line' id='line_1_32' title="bbox 1913 1721 3480 1789; baseline -0.002 -16"><span class='ocrx_word' id='word_1_238' title='bbox 1913 1723 2126 1774; x_wconf 86' lang='lat' dir='ltr'><strong>nasium</strong></span> <span class='ocrx_word' id='word_1_239' title='bbox 2163 1737 2306 1776; x_wconf 87' lang='lat' dir='ltr'><strong>unus</strong></span> <span class='ocrx_word' id='word_1_240' title='bbox 2341 1721 2505 1775; x_wconf 89' lang='lat' dir='ltr'><strong>homo</strong></span> <span class='ocrx_word' id='word_1_241' title='bbox 2539 1722 2592 1775; x_wconf 93' lang='lat' dir='ltr'><strong>iu</strong></span> <span class='ocrx_word' id='word_1_242' title='bbox 2637 1722 2991 1789; x_wconf 86' lang='lat' dir='ltr'><strong>generatione</strong></span> <span class='ocrx_word' id='word_1_243' title='bbox 3023 1737 3217 1774; x_wconf 80' lang='lat' dir='ltr'><strong>onmes</strong></span> <span class='ocrx_word' id='word_1_244' title='bbox 3243 1736 3480 1782; x_wconf 52' lang='lat' dir='ltr'><strong>resurgu-</strong></span> 
     </span>
    </p>
   </div>
   <div class='ocr_carea' id='block_1_33' title="bbox 225 1808 1810 1884">
    <p class='ocr_par' dir='ltr' id='par_1_33' title="bbox 225 1808 1810 1881">
     <span class='ocr_line' id='line_1_33' title="bbox 225 1808 1810 1881; baseline 0.002 -21"><span class='ocrx_word' id='word_1_245' title='bbox 225 1808 399 1868; x_wconf 76' lang='grc' dir='ltr'>οὕτως</span> <span class='ocrx_word' id='word_1_246' title='bbox 428 1808 544 1876; x_wconf 71' lang='grc' dir='ltr'>ἔχει</span> <span class='ocrx_word' id='word_1_247' title='bbox 594 1810 688 1864; x_wconf 75' lang='grc' dir='ltr'>καὶ</span> <span class='ocrx_word' id='word_1_248' title='bbox 725 1812 866 1864; x_wconf 79' lang='grc' dir='ltr'>κατὰ</span> <span class='ocrx_word' id='word_1_249' title='bbox 892 1811 985 1863; x_wconf 79' lang='grc' dir='ltr'>τὸν</span> <span class='ocrx_word' id='word_1_250' title='bbox 1029 1813 1202 1881; x_wconf 77' lang='grc' dir='ltr'>μέγαν</span> <span class='ocrx_word' id='word_1_251' title='bbox 1237 1813 1562 1866; x_wconf 81' lang='grc' dir='ltr'>’Λθανάσιον</span> <span class='ocrx_word' id='word_1_252' title='bbox 1608 1808 1686 1870; x_wconf 78' lang='grc' dir='ltr'>εἷς</span> <span class='ocrx_word' id='word_1_253' title='bbox 1717 1815 1810 1866; x_wconf 76' lang='grc' dir='ltr'><strong>ἇν-</strong></span> 
     </span>
    </p>
   </div>
   <div class='ocr_carea' id='block_1_34' title="bbox 1917 1808 3495 1884">
    <p class='ocr_par' dir='ltr' id='par_1_34' title="bbox 1917 1817 3495 1884">
     <span class='ocr_line' id='line_1_34' title="bbox 1917 1817 3495 1884; baseline -0.001 -18"><span class='ocrx_word' id='word_1_254' title='bbox 1917 1830 2070 1878; x_wconf 86' lang='lat' dir='ltr'><strong>mus;</strong></span> <span class='ocrx_word' id='word_1_255' title='bbox 2104 1831 2214 1869; x_wconf 87' lang='lat' dir='ltr'><strong>una</strong></span> <span class='ocrx_word' id='word_1_256' title='bbox 2249 1817 2396 1870; x_wconf 89' lang='lat' dir='ltr'><strong>enim</strong></span> <span class='ocrx_word' id='word_1_257' title='bbox 2437 1827 2569 1870; x_wconf 69' lang='lat' dir='ltr'><strong>tutas</strong></span> <span class='ocrx_word' id='word_1_258' title='bbox 2604 1817 2749 1884; x_wconf 85' lang='lat' dir='ltr'><strong>apud</strong></span> <span class='ocrx_word' id='word_1_259' title='bbox 2785 1833 2999 1878; x_wconf 74' lang='lat' dir='ltr'><strong>omnes,</strong></span> <span class='ocrx_word' id='word_1_260' title='bbox 3044 1833 3150 1869; x_wconf 79' lang='lat' dir='ltr'><strong>uua</strong></span> <span class='ocrx_word' id='word_1_261' title='bbox 3188 1817 3355 1877; x_wconf 69' lang='lat' dir='ltr'><strong>ﬁctio,</strong></span> <span class='ocrx_word' id='word_1_262' title='bbox 3393 1833 3495 1865; x_wconf 78' lang='lat' dir='ltr'><strong>t:t.;t</strong></span> 
     </span>
    </p>
   </div>
   <div class='ocr_carea' id='block_1_35' title="bbox 226 1898 1804 1974">
    <p class='ocr_par' dir='ltr' id='par_1_35' title="bbox 226 1898 1804 1974">
     <span class='ocr_line' id='line_1_35' title="bbox 226 1898 1804 1974; baseline 0.006 -25"><span class='ocrx_word' id='word_1_263' title='bbox 226 1898 450 1965; x_wconf 82' lang='grc' dir='ltr'>θρωπος</span> <span class='ocrx_word' id='word_1_264' title='bbox 502 1901 560 1951; x_wconf 84' lang='grc' dir='ltr'>ὲν</span> <span class='ocrx_word' id='word_1_265' title='bbox 605 1903 664 1970; x_wconf 82' lang='grc' dir='ltr'>τῇ</span> <span class='ocrx_word' id='word_1_266' title='bbox 722 1902 1120 1972; x_wconf 75' lang='grc' dir='ltr'>παλιγγενεσίᾳ</span> <span class='ocrx_word' id='word_1_267' title='bbox 1172 1904 1373 1965; x_wconf 78' lang='grc' dir='ltr'>πάντες</span> <span class='ocrx_word' id='word_1_268' title='bbox 1417 1905 1760 1974; x_wconf 79' lang='grc' dir='ltr'>ἀνιστάμεθα</span> <span class='ocrx_word' id='word_1_269' title='bbox 1790 1923 1804 1938; x_wconf 80' lang='grc' dir='ltr'><strong><em>ο</em></strong></span> 
     </span>
    </p>
   </div>
   <div class='ocr_carea' id='block_1_36' title="bbox 229 1991 1802 2064">
    <p class='ocr_par' dir='ltr' id='par_1_36' title="bbox 229 1991 1802 2064">
     <span class='ocr_line' id='line_1_36' title="bbox 229 1991 1802 2064; baseline 0.008 -23"><span class='ocrx_word' id='word_1_270' title='bbox 229 1993 333 2058; x_wconf 87' lang='grc' dir='ltr'><strong>μία</strong></span> <span class='ocrx_word' id='word_1_271' title='bbox 363 1995 473 2060; x_wconf 80' lang='grc' dir='ltr'>γὰρ</span> <span class='ocrx_word' id='word_1_272' title='bbox 504 1991 693 2062; x_wconf 68' lang='grc' dir='ltr'>ἡλικία</span> <span class='ocrx_word' id='word_1_273' title='bbox 744 1995 894 2062; x_wconf 71' lang='grc' dir='ltr'>παρὰ</span> <span class='ocrx_word' id='word_1_274' title='bbox 941 1997 1096 2060; x_wconf 86' lang='grc' dir='ltr'>πᾶσι,</span> <span class='ocrx_word' id='word_1_275' title='bbox 1153 1998 1251 2064; x_wconf 83' lang='grc' dir='ltr'><strong>μία</strong></span> <span class='ocrx_word' id='word_1_276' title='bbox 1283 1998 1500 2063; x_wconf 75' lang='grc' dir='ltr'>πλάσις,</span> <span class='ocrx_word' id='word_1_277' title='bbox 1547 1999 1604 2050; x_wconf 87' lang='grc' dir='ltr'>ἒν</span> <span class='ocrx_word' id='word_1_278' title='bbox 1641 1994 1802 2060; x_wconf 70' lang='grc' dir='ltr'>εἶδος,</span> 
     </span>
    </p>
   </div>
   <div class='ocr_carea' id='block_1_37' title="bbox 224 2079 1801 2159">
    <p class='ocr_par' dir='ltr' id='par_1_37' title="bbox 224 2079 1801 2159">
     <span class='ocr_line' id='line_1_37' title="bbox 224 2079 1801 2159; baseline 0.005 -27"><span class='ocrx_word' id='word_1_279' title='bbox 224 2079 287 2132; x_wconf 82' lang='grc' dir='ltr'>ἓν</span> <span class='ocrx_word' id='word_1_280' title='bbox 319 2081 509 2151; x_wconf 83' lang='grc' dir='ltr'>σχῆμα</span> <span class='ocrx_word' id='word_1_281' title='bbox 535 2083 629 2137; x_wconf 78' lang='grc' dir='ltr'>καὶ</span> <span class='ocrx_word' id='word_1_282' title='bbox 663 2083 897 2153; x_wconf 81' lang='grc' dir='ltr'>μέγεθος</span> <span class='ocrx_word' id='word_1_283' title='bbox 920 2087 1000 2138; x_wconf 78' lang='grc' dir='ltr'><strong>ἓν·</strong></span> <span class='ocrx_word' id='word_1_284' title='bbox 1027 2087 1282 2155; x_wconf 81' lang='grc' dir='ltr'>περιττὸν</span> <span class='ocrx_word' id='word_1_285' title='bbox 1319 2087 1386 2140; x_wconf 85' lang='grc' dir='ltr'>ἂν</span> <span class='ocrx_word' id='word_1_286' title='bbox 1420 2089 1505 2158; x_wconf 75' lang='grc' dir='ltr'>εἴη</span> <span class='ocrx_word' id='word_1_287' title='bbox 1534 2089 1801 2159; x_wconf 71' lang='grc' dir='ltr'>διαφορὰν</span> 
     </span>
    </p>
   </div>
   <div class='ocr_carea' id='block_1_38' title="bbox 225 2173 1803 2251">
    <p class='ocr_par' dir='ltr' id='par_1_38' title="bbox 225 2173 1803 2251">
     <span class='ocr_line' id='line_1_38' title="bbox 225 2173 1803 2251; baseline 0.005 -27"><span class='ocrx_word' id='word_1_288' title='bbox 225 2173 527 2244; x_wconf 80' lang='grc' dir='ltr'>σχημάτων</span> <span class='ocrx_word' id='word_1_289' title='bbox 559 2175 840 2246; x_wconf 77' lang='grc' dir='ltr'>ἐπιζητεῖν</span> <span class='ocrx_word' id='word_1_290' title='bbox 861 2191 877 2208; x_wconf 81' lang='grc'><strong><em>⁸</em></strong></span> <span class='ocrx_word' id='word_1_291' title='bbox 909 2179 957 2231; x_wconf 88' lang='grc' dir='ltr'><strong>εί</strong></span> <span class='ocrx_word' id='word_1_292' title='bbox 987 2178 1096 2248; x_wconf 75' lang='grc' dir='ltr'>γὰρ</span> <span class='ocrx_word' id='word_1_293' title='bbox 1123 2179 1222 2248; x_wconf 76' lang='grc' dir='ltr'>τὴν</span> <span class='ocrx_word' id='word_1_294' title='bbox 1253 2180 1511 2251; x_wconf 78' lang='grc' dir='ltr'>τοιαύτην</span> <span class='ocrx_word' id='word_1_295' title='bbox 1537 2181 1803 2251; x_wconf 73' lang='grc' dir='ltr'>διαφορὰν</span> 
     </span>
    </p>
   </div>
   <div class='ocr_carea' id='block_1_39' title="bbox 222 2265 1804 2343">
    <p class='ocr_par' dir='ltr' id='par_1_39' title="bbox 222 2265 1804 2343">
     <span class='ocr_line' id='line_1_39' title="bbox 222 2265 1804 2343; baseline 0.006 -26"><span class='ocrx_word' id='word_1_296' title='bbox 222 2267 260 2335; x_wconf 82' lang='grc' dir='ltr'><strong>ή</strong></span> <span class='ocrx_word' id='word_1_297' title='bbox 303 2265 480 2335; x_wconf 71' lang='grc' dir='ltr'>φθορὰ</span> <span class='ocrx_word' id='word_1_298' title='bbox 522 2269 954 2336; x_wconf 76' lang='grc' dir='ltr'>παρεισήγαγεν,</span> <span class='ocrx_word' id='word_1_299' title='bbox 985 2270 1201 2342; x_wconf 85' lang='grc' dir='ltr'>ἀνάγκη</span> <span class='ocrx_word' id='word_1_300' title='bbox 1240 2273 1412 2335; x_wconf 79' lang='grc' dir='ltr'>πᾶσα,</span> <span class='ocrx_word' id='word_1_301' title='bbox 1457 2273 1555 2342; x_wconf 86' lang='grc' dir='ltr'>τῆς</span> <span class='ocrx_word' id='word_1_302' title='bbox 1587 2272 1804 2343; x_wconf 84' lang='grc' dir='ltr'>ἀφθαρ-</span> 
     </span>
    </p>
   </div>
   <div class='ocr_carea' id='block_1_40' title="bbox 222 2361 1806 2436">
    <p class='ocr_par' dir='ltr' id='par_1_40' title="bbox 222 2361 1806 2436">
     <span class='ocr_line' id='line_1_40' title="bbox 222 2361 1806 2436; baseline 0.005 -26"><span class='ocrx_word' id='word_1_303' title='bbox 222 2361 348 2423; x_wconf 85' lang='grc' dir='ltr'>σίας</span> <span class='ocrx_word' id='word_1_304' title='bbox 380 2361 665 2430; x_wconf 80' lang='grc' dir='ltr'>ἐλθούσης,</span> <span class='ocrx_word' id='word_1_305' title='bbox 700 2363 872 2416; x_wconf 83' lang='grc' dir='ltr'>ταῦτα</span> <span class='ocrx_word' id='word_1_306' title='bbox 910 2364 1087 2417; x_wconf 81' lang='grc' dir='ltr'>πάντα</span> <span class='ocrx_word' id='word_1_307' title='bbox 1123 2365 1222 2418; x_wconf 75' lang='grc' dir='ltr'>σὺν</span> <span class='ocrx_word' id='word_1_308' title='bbox 1267 2367 1332 2436; x_wconf 80' lang='grc' dir='ltr'><strong>τῇ</strong></span> <span class='ocrx_word' id='word_1_309' title='bbox 1380 2366 1558 2436; x_wconf 77' lang='grc' dir='ltr'>φθορᾷ</span> <span class='ocrx_word' id='word_1_310' title='bbox 1597 2366 1806 2436; x_wconf 83' lang='grc' dir='ltr'>παρελ-</span> 
     </span>
    </p>
   </div>
   <div class='ocr_carea' id='block_1_41' title="bbox 219 2454 1804 2528">
    <p class='ocr_par' dir='ltr' id='par_1_41' title="bbox 219 2454 1804 2528">
     <span class='ocr_line' id='line_1_41' title="bbox 219 2454 1804 2528; baseline 0.004 -22"><span class='ocrx_word' id='word_1_311' title='bbox 219 2454 362 2508; x_wconf 82' lang='grc' dir='ltr'>θεῖν.</span> <span class='ocrx_word' id='word_1_312' title='bbox 390 2454 501 2508; x_wconf 60' lang='lat' dir='ltr'><strong>Kal.</strong></span> <span class='ocrx_word' id='word_1_313' title='bbox 527 2455 672 2508; x_wconf 77' lang='grc' dir='ltr'>οὕτω</span> <span class='ocrx_word' id='word_1_314' title='bbox 703 2455 804 2524; x_wconf 79' lang='grc' dir='ltr'>μὲν</span> <span class='ocrx_word' id='word_1_315' title='bbox 837 2458 866 2508; x_wconf 90' lang='lat'><strong>6</strong></span> <span class='ocrx_word' id='word_1_316' title='bbox 887 2457 954 2509; x_wconf 71' lang='grc' dir='ltr'><strong>τὰ</strong></span> <span class='ocrx_word' id='word_1_317' title='bbox 981 2457 1098 2510; x_wconf 86' lang='grc' dir='ltr'>θεῖα</span> <span class='ocrx_word' id='word_1_318' title='bbox 1130 2457 1207 2527; x_wconf 83' lang='grc' dir='ltr'>τῷ</span> <span class='ocrx_word' id='word_1_319' title='bbox 1232 2459 1345 2511; x_wconf 73' lang='grc' dir='ltr'>ὄντι</span> <span class='ocrx_word' id='word_1_320' title='bbox 1374 2459 1535 2528; x_wconf 81' lang='grc' dir='ltr'>σοφὸς</span> <span class='ocrx_word' id='word_1_321' title='bbox 1571 2458 1804 2513; x_wconf 78' lang='grc' dir='ltr'>Ἀθανά·</span> 
     </span>
    </p>
   </div>
   <div class='ocr_carea' id='block_1_42' title="bbox 220 2548 1797 2622">
    <p class='ocr_par' dir='ltr' id='par_1_42' title="bbox 220 2548 1797 2622">
     <span class='ocr_line' id='line_1_42' title="bbox 220 2548 1797 2622; baseline 0.005 -25"><span class='ocrx_word' id='word_1_322' title='bbox 220 2562 343 2610; x_wconf 79' lang='grc' dir='ltr'>σιος</span> <span class='ocrx_word' id='word_1_323' title='bbox 367 2563 384 2576; x_wconf 68' lang='grc' dir='ltr'><strong>ο</strong></span> <span class='ocrx_word' id='word_1_324' title='bbox 410 2548 493 2600; x_wconf 78' lang='grc' dir='ltr'>ὅτι</span> <span class='ocrx_word' id='word_1_325' title='bbox 531 2548 619 2601; x_wconf 72' lang='grc' dir='ltr'>διὰ</span> <span class='ocrx_word' id='word_1_326' title='bbox 647 2548 748 2618; x_wconf 85' lang='grc' dir='ltr'>τὴν</span> <span class='ocrx_word' id='word_1_327' title='bbox 789 2550 1066 2620; x_wconf 83' lang='grc' dir='ltr'>ἁμαρτίαν</span> <span class='ocrx_word' id='word_1_328' title='bbox 1103 2551 1136 2621; x_wconf 82' lang='grc' dir='ltr'>ἠ</span> <span class='ocrx_word' id='word_1_329' title='bbox 1183 2551 1292 2603; x_wconf 83' lang='grc' dir='ltr'>τῶν</span> <span class='ocrx_word' id='word_1_330' title='bbox 1338 2553 1638 2622; x_wconf 79' lang='grc' dir='ltr'>σχημάτων</span> <span class='ocrx_word' id='word_1_331' title='bbox 1677 2553 1797 2605; x_wconf 74' lang='grc' dir='ltr'>δια-</span> 
     </span>
    </p>
   </div>
   <div class='ocr_carea' id='block_1_43' title="bbox 220 2639 1804 2714">
    <p class='ocr_par' dir='ltr' id='par_1_43' title="bbox 220 2639 1804 2714">
     <span class='ocr_line' id='line_1_43' title="bbox 220 2639 1804 2714; baseline 0.006 -26"><span class='ocrx_word' id='word_1_332' title='bbox 220 2639 373 2705; x_wconf 78' lang='grc' dir='ltr'>φορὰ</span> <span class='ocrx_word' id='word_1_333' title='bbox 407 2640 500 2692; x_wconf 71' lang='grc' dir='ltr'>καὶ</span> <span class='ocrx_word' id='word_1_334' title='bbox 532 2642 562 2709; x_wconf 84' lang='grc' dir='ltr'>ἡ</span> <span class='ocrx_word' id='word_1_335' title='bbox 591 2640 686 2694; x_wconf 60' lang='grc' dir='ltr'><strong>τοῦ</strong></span> <span class='ocrx_word' id='word_1_336' title='bbox 712 2641 893 2711; x_wconf 79' lang='grc' dir='ltr'>γάμου</span> <span class='ocrx_word' id='word_1_337' title='bbox 917 2643 1083 2712; x_wconf 75' lang='grc' dir='ltr'>ἀρχήο</span> <span class='ocrx_word' id='word_1_338' title='bbox 1109 2645 1394 2714; x_wconf 74' lang='grc' dir='ltr'>καταρχὰς</span> <span class='ocrx_word' id='word_1_339' title='bbox 1425 2645 1534 2714; x_wconf 76' lang='grc' dir='ltr'><strong>γὰρ</strong></span> <span class='ocrx_word' id='word_1_340' title='bbox 1562 2646 1718 2698; x_wconf 71' lang='grc' dir='ltr'>οὐδέν</span> <span class='ocrx_word' id='word_1_341' title='bbox 1750 2663 1804 2699; x_wconf 90' lang='grc' dir='ltr'><strong>τι</strong></span> 
     </span>
    </p>
   </div>
   <div class='ocr_carea' id='block_1_44' title="bbox 217 2727 1809 2805">
    <p class='ocr_par' dir='ltr' id='par_1_44' title="bbox 217 2727 1809 2805">
     <span class='ocr_line' id='line_1_44' title="bbox 217 2727 1809 2805; baseline 0.008 -25"><span class='ocrx_word' id='word_1_342' title='bbox 217 2729 469 2783; x_wconf 74' lang='grc' dir='ltr'><strong>⁴τοιοῦτον</strong></span> <span class='ocrx_word' id='word_1_343' title='bbox 520 2727 612 2801; x_wconf 86' lang='grc' dir='ltr'>ἦν,</span> <span class='ocrx_word' id='word_1_344' title='bbox 651 2732 748 2786; x_wconf 69' lang='grc' dir='ltr'>ἅτε</span> <span class='ocrx_word' id='word_1_345' title='bbox 805 2735 897 2786; x_wconf 78' lang='grc' dir='ltr'><strong>τοῦ</strong></span> <span class='ocrx_word' id='word_1_346' title='bbox 939 2736 1048 2788; x_wconf 81' lang='grc' dir='ltr'><strong>τῶν</strong></span> <span class='ocrx_word' id='word_1_347' title='bbox 1101 2736 1408 2805; x_wconf 80' lang='grc' dir='ltr'>ἀνθρώπων</span> <span class='ocrx_word' id='word_1_348' title='bbox 1463 2737 1809 2805; x_wconf 78' lang='grc' dir='ltr'>πλεονασμοῦ</span> 
     </span>
    </p>
   </div>
   <div class='ocr_carea' id='block_1_45' title="bbox 231 2822 1811 2898">
    <p class='ocr_par' dir='ltr' id='par_1_45' title="bbox 231 2822 1811 2898">
     <span class='ocr_line' id='line_1_45' title="bbox 231 2822 1811 2898; baseline 0.006 -27"><span class='ocrx_word' id='word_1_349' title='bbox 231 2822 384 2873; x_wconf 81' lang='grc' dir='ltr'>κατὰ</span> <span class='ocrx_word' id='word_1_350' title='bbox 416 2822 542 2884; x_wconf 77' lang='grc' dir='ltr'>τοὺς</span> <span class='ocrx_word' id='word_1_351' title='bbox 575 2823 864 2890; x_wconf 82' lang='grc' dir='ltr'>ἀγγέλους,</span> <span class='ocrx_word' id='word_1_352' title='bbox 901 2825 976 2886; x_wconf 78' lang='grc' dir='ltr'>ὡς</span> <span class='ocrx_word' id='word_1_353' title='bbox 1009 2827 1356 2896; x_wconf 86' lang='grc' dir='ltr'>προείρηται,</span> <span class='ocrx_word' id='word_1_354' title='bbox 1397 2828 1642 2894; x_wconf 86' lang='grc' dir='ltr'>γίνεσθαι</span> <span class='ocrx_word' id='word_1_355' title='bbox 1679 2829 1811 2898; x_wconf 80' lang='grc' dir='ltr'><strong>μὲλ-</strong></span> 
     </span>
    </p>
   </div>
   <div class='ocr_carea' id='block_1_46' title="bbox 217 2912 1810 2992">
    <p class='ocr_par' dir='ltr' id='par_1_46' title="bbox 217 2912 1810 2992">
     <span class='ocr_line' id='line_1_46' title="bbox 217 2912 1810 2992; baseline 0.008 -30"><span class='ocrx_word' id='word_1_356' title='bbox 217 2912 414 2972; x_wconf 68' lang='grc' dir='ltr'>λοντος</span> <span class='ocrx_word' id='word_1_357' title='bbox 439 2929 453 2944; x_wconf 75' lang='grc' dir='ltr'><strong><em>ο</em></strong></span> <span class='ocrx_word' id='word_1_358' title='bbox 485 2915 785 2969; x_wconf 81' lang='grc' dir='ltr'>κάντεῦθεν</span> <span class='ocrx_word' id='word_1_359' title='bbox 818 2919 895 2988; x_wconf 82' lang='grc' dir='ltr'>μὴ</span> <span class='ocrx_word' id='word_1_360' title='bbox 930 2917 1187 2988; x_wconf 75' lang='grc' dir='ltr'>δεόμενον</span> <span class='ocrx_word' id='word_1_361' title='bbox 1224 2921 1322 2989; x_wconf 84' lang='grc' dir='ltr'>τῆς</span> <span class='ocrx_word' id='word_1_362' title='bbox 1353 2921 1463 2974; x_wconf 72' lang='grc' dir='ltr'><strong>ἀπὸ</strong></span> <span class='ocrx_word' id='word_1_363' title='bbox 1490 2921 1584 2974; x_wconf 88' lang='grc' dir='ltr'><strong>τοῦ</strong></span> <span class='ocrx_word' id='word_1_364' title='bbox 1617 2921 1810 2992; x_wconf 81' lang='grc' dir='ltr'>θήλεος</span> 
     </span>
    </p>
   </div>
   <div class='ocr_carea' id='block_1_47' title="bbox 220 3005 1806 3086">
    <p class='ocr_par' dir='ltr' id='par_1_47' title="bbox 220 3005 1806 3086">
     <span class='ocr_line' id='line_1_47' title="bbox 220 3005 1806 3086; baseline 0.009 -30"><span class='ocrx_word' id='word_1_365' title='bbox 220 3005 504 3073; x_wconf 73' lang='grc' dir='ltr'><strong>βοηθείας⁸</strong></span> <span class='ocrx_word' id='word_1_366' title='bbox 539 3010 631 3062; x_wconf 71' lang='grc' dir='ltr'>καὶ</span> <span class='ocrx_word' id='word_1_367' title='bbox 664 3010 774 3081; x_wconf 78' lang='grc' dir='ltr'><strong>γὰρ</strong></span> <span class='ocrx_word' id='word_1_368' title='bbox 803 3014 854 3064; x_wconf 82' lang='grc' dir='ltr'><strong>εί</strong></span> <span class='ocrx_word' id='word_1_369' title='bbox 907 3014 982 3081; x_wconf 75' lang='grc' dir='ltr'>μὴ</span> <span class='ocrx_word' id='word_1_370' title='bbox 1026 3012 1186 3083; x_wconf 59' lang='grc' dir='ltr'>ὤφθη</span> <span class='ocrx_word' id='word_1_371' title='bbox 1237 3017 1518 3084; x_wconf 81' lang='grc' dir='ltr'>παρήκοος</span> <span class='ocrx_word' id='word_1_372' title='bbox 1547 3018 1576 3069; x_wconf 89' lang='grc' dir='ltr'>ὁ</span> <span class='ocrx_word' id='word_1_373' title='bbox 1613 3016 1806 3086; x_wconf 83' lang='grc' dir='ltr'>’Δδὰμ,</span> 
     </span>
    </p>
   </div>
   <div class='ocr_carea' id='block_1_48' title="bbox 214 3095 1812 3176">
    <p class='ocr_par' dir='ltr' id='par_1_48' title="bbox 214 3095 1812 3176">
     <span class='ocr_line' id='line_1_48' title="bbox 214 3095 1812 3176; baseline 0.009 -30"><span class='ocrx_word' id='word_1_374' title='bbox 214 3095 333 3148; x_wconf 84' lang='grc' dir='ltr'>οὐκ</span> <span class='ocrx_word' id='word_1_375' title='bbox 364 3097 432 3151; x_wconf 85' lang='grc' dir='ltr'>ἂν</span> <span class='ocrx_word' id='word_1_376' title='bbox 457 3098 646 3169; x_wconf 83' lang='grc' dir='ltr'>ἐδέησε</span> <span class='ocrx_word' id='word_1_377' title='bbox 679 3103 884 3168; x_wconf 80' lang='grc' dir='ltr'>γάμου,</span> <span class='ocrx_word' id='word_1_378' title='bbox 915 3103 1008 3156; x_wconf 80' lang='grc' dir='ltr'>καὶ</span> <span class='ocrx_word' id='word_1_379' title='bbox 1039 3105 1140 3172; x_wconf 74' lang='grc' dir='ltr'>τῆς</span> <span class='ocrx_word' id='word_1_380' title='bbox 1177 3104 1254 3172; x_wconf 81' lang='grc' dir='ltr'>τῷ</span> <span class='ocrx_word' id='word_1_381' title='bbox 1289 3107 1454 3176; x_wconf 81' lang='grc' dir='ltr'>γάμῳ</span> <span class='ocrx_word' id='word_1_382' title='bbox 1475 3107 1664 3160; x_wconf 79' lang='grc' dir='ltr'>λοιπὸν</span> <span class='ocrx_word' id='word_1_383' title='bbox 1690 3125 1812 3161; x_wconf 82' lang='grc' dir='ltr'><strong>συν⁶</strong></span> 
     </span>
    </p>
   </div>
   <div class='ocr_carea' id='block_1_49' title="bbox 1911 1908 3484 1977">
    <p class='ocr_par' dir='ltr' id='par_1_49' title="bbox 1911 1908 3484 1977">
     <span class='ocr_line' id='line_1_49' title="bbox 1911 1908 3484 1977; baseline -0.003 -16"><span class='ocrx_word' id='word_1_384' title='bbox 1911 1909 2143 1975; x_wconf 86' lang='lat' dir='ltr'><strong>species,</strong></span> <span class='ocrx_word' id='word_1_385' title='bbox 2194 1924 2339 1963; x_wconf 89' lang='lat' dir='ltr'><strong>unus</strong></span> <span class='ocrx_word' id='word_1_386' title='bbox 2372 1911 2611 1973; x_wconf 76' lang='lat' dir='ltr'><strong>habitus,</strong></span> <span class='ocrx_word' id='word_1_387' title='bbox 2647 1919 2701 1963; x_wconf 86' lang='lat' dir='ltr'><strong>ct</strong></span> <span class='ocrx_word' id='word_1_388' title='bbox 2761 1908 3080 1977; x_wconf 82' lang='lat' dir='ltr'><strong>magnitudo</strong></span> <span class='ocrx_word' id='word_1_389' title='bbox 3126 1924 3251 1970; x_wconf 80' lang='lat' dir='ltr'><strong>una,</strong></span> <span class='ocrx_word' id='word_1_390' title='bbox 3304 1924 3484 1974; x_wconf 64' lang='lat' dir='ltr'><strong>supcr-</strong></span> 
     </span>
    </p>
   </div>
   <div class='ocr_carea' id='block_1_50' title="bbox 1913 1999 3499 2072">
    <p class='ocr_par' dir='ltr' id='par_1_50' title="bbox 1913 1999 3499 2072">
     <span class='ocr_line' id='line_1_50' title="bbox 1913 1999 3499 2072; baseline -0.001 -18"><span class='ocrx_word' id='word_1_391' title='bbox 1913 1999 2082 2054; x_wconf 83' lang='lat' dir='ltr'><strong>ﬂuum</strong></span> <span class='ocrx_word' id='word_1_392' title='bbox 2117 2002 2336 2071; x_wconf 83' lang='lat' dir='ltr'><strong>quidem</strong></span> <span class='ocrx_word' id='word_1_393' title='bbox 2381 2003 2544 2061; x_wconf 77' lang='lat' dir='ltr'><strong>fuerit</strong></span> <span class='ocrx_word' id='word_1_394' title='bbox 2595 2003 2888 2072; x_wconf 88' lang='lat' dir='ltr'><strong>ﬁgurarum</strong></span> <span class='ocrx_word' id='word_1_395' title='bbox 2932 2003 3231 2056; x_wconf 79' lang='lat' dir='ltr'><strong>discrimen</strong></span> <span class='ocrx_word' id='word_1_396' title='bbox 3279 2002 3499 2071; x_wconf 85' lang='lat' dir='ltr'><strong>perqui-</strong></span> 
     </span>
    </p>
   </div>
   <div class='ocr_carea' id='block_1_51' title="bbox 1913 2091 3496 2162">
    <p class='ocr_par' dir='ltr' id='par_1_51' title="bbox 1913 2091 3496 2162">
     <span class='ocr_line' id='line_1_51' title="bbox 1913 2091 3496 2162; baseline -0.001 -16"><span class='ocrx_word' id='word_1_397' title='bbox 1913 2107 2058 2147; x_wconf 83' lang='lat' dir='ltr'><strong>rere.</strong></span> <span class='ocrx_word' id='word_1_398' title='bbox 2108 2091 2167 2147; x_wconf 91' lang='lat' dir='ltr'><strong>Si</strong></span> <span class='ocrx_word' id='word_1_399' title='bbox 2215 2094 2362 2148; x_wconf 91' lang='lat' dir='ltr'><strong>cnim</strong></span> <span class='ocrx_word' id='word_1_400' title='bbox 2420 2095 2524 2149; x_wconf 84' lang='lat' dir='ltr'><strong>tale</strong></span> <span class='ocrx_word' id='word_1_401' title='bbox 2581 2095 2874 2149; x_wconf 87' lang='lat' dir='ltr'><strong>discrimen</strong></span> <span class='ocrx_word' id='word_1_402' title='bbox 2929 2094 3209 2162; x_wconf 86' lang='lat' dir='ltr'><strong>corruptio</strong></span> <span class='ocrx_word' id='word_1_403' title='bbox 3259 2093 3496 2152; x_wconf 76' lang='lat' dir='ltr'><strong>induxit,</strong></span> 
     </span>
    </p>
   </div>
   <div class='ocr_carea' id='block_1_52' title="bbox 1912 2186 3496 2256">
    <p class='ocr_par' dir='ltr' id='par_1_52' title="bbox 1912 2186 3496 2256">
     <span class='ocr_line' id='line_1_52' title="bbox 1912 2186 3496 2256; baseline 0 -18"><span class='ocrx_word' id='word_1_404' title='bbox 1912 2188 2286 2241; x_wconf 82' lang='lat' dir='ltr'><strong>necessarium</strong></span> <span class='ocrx_word' id='word_1_405' title='bbox 2314 2188 2540 2240; x_wconf 86' lang='lat' dir='ltr'><strong>omnino</strong></span> <span class='ocrx_word' id='word_1_406' title='bbox 2570 2196 2674 2249; x_wconf 89' lang='lat' dir='ltr'><strong>est,</strong></span> <span class='ocrx_word' id='word_1_407' title='bbox 2698 2186 3110 2256; x_wconf 90' lang='lat' dir='ltr'><strong>incorruptione</strong></span> <span class='ocrx_word' id='word_1_408' title='bbox 3142 2186 3496 2248; x_wconf 82' lang='lat' dir='ltr'><strong>adveniente,</strong></span> 
     </span>
    </p>
   </div>
   <div class='ocr_carea' id='block_1_53' title="bbox 1912 2277 3497 2355">
    <p class='ocr_par' dir='ltr' id='par_1_53' title="bbox 1912 2277 3497 2355">
     <span class='ocr_line' id='line_1_53' title="bbox 1912 2277 3497 2355; baseline -0.001 -24"><span class='ocrx_word' id='word_1_409' title='bbox 1912 2277 2028 2332; x_wconf 68' lang='lat' dir='ltr'><strong>hmc</strong></span> <span class='ocrx_word' id='word_1_410' title='bbox 2065 2279 2247 2333; x_wconf 84' lang='lat' dir='ltr'><strong>omnia</strong></span> <span class='ocrx_word' id='word_1_411' title='bbox 2279 2296 2405 2336; x_wconf 89' lang='lat' dir='ltr'><strong>cum</strong></span> <span class='ocrx_word' id='word_1_412' title='bbox 2431 2279 2787 2355; x_wconf 82' lang='lat' dir='ltr'><strong>corruptione</strong></span> <span class='ocrx_word' id='word_1_413' title='bbox 2823 2279 3126 2349; x_wconf 64' lang='lat' dir='ltr'><strong>prxterire.</strong></span> <span class='ocrx_word' id='word_1_414' title='bbox 3166 2277 3232 2332; x_wconf 86' lang='lat' dir='ltr'><strong>Et</strong></span> <span class='ocrx_word' id='word_1_415' title='bbox 3272 2278 3345 2332; x_wconf 83' lang='lat' dir='ltr'><strong>ita</strong></span> <span class='ocrx_word' id='word_1_416' title='bbox 3374 2278 3497 2346; x_wconf 83' lang='lat' dir='ltr'><strong>qui-</strong></span> 
     </span>
    </p>
   </div>
   <div class='ocr_carea' id='block_1_54' title="bbox 1912 2375 3496 2447">
    <p class='ocr_par' dir='ltr' id='par_1_54' title="bbox 1912 2375 3496 2447">
     <span class='ocr_line' id='line_1_54' title="bbox 1912 2375 3496 2447; baseline -0.003 -17"><span class='ocrx_word' id='word_1_417' title='bbox 1912 2376 2034 2431; x_wconf 85' lang='lat' dir='ltr'><strong>dem</strong></span> <span class='ocrx_word' id='word_1_418' title='bbox 2097 2377 2406 2432; x_wconf 90' lang='lat' dir='ltr'><strong>divinarum</strong></span> <span class='ocrx_word' id='word_1_419' title='bbox 2460 2393 2643 2432; x_wconf 87' lang='lat' dir='ltr'><strong>rerum</strong></span> <span class='ocrx_word' id='word_1_420' title='bbox 2699 2377 3068 2447; x_wconf 86' lang='lat' dir='ltr'><strong>peritissimus</strong></span> <span class='ocrx_word' id='word_1_421' title='bbox 3135 2375 3496 2429; x_wconf 56' lang='lat' dir='ltr'><strong>Athanasius.</strong></span> 
     </span>
    </p>
   </div>
   <div class='ocr_carea' id='block_1_55' title="bbox 1911 2465 3502 2540">
    <p class='ocr_par' dir='ltr' id='par_1_55' title="bbox 1911 2465 3502 2540">
     <span class='ocr_line' id='line_1_55' title="bbox 1911 2465 3502 2540; baseline -0.003 -19"><span class='ocrx_word' id='word_1_422' title='bbox 1911 2468 2047 2534; x_wconf 84' lang='lat' dir='ltr'><strong>Quia</strong></span> <span class='ocrx_word' id='word_1_423' title='bbox 2077 2485 2174 2539; x_wconf 83' lang='lat' dir='ltr'><strong>per</strong></span> <span class='ocrx_word' id='word_1_424' title='bbox 2201 2478 2484 2538; x_wconf 88' lang='lat' dir='ltr'><strong>peccatum</strong></span> <span class='ocrx_word' id='word_1_425' title='bbox 2511 2471 2804 2540; x_wconf 84' lang='lat' dir='ltr'><strong>ﬁgurarum</strong></span> <span class='ocrx_word' id='word_1_426' title='bbox 2832 2466 3155 2530; x_wconf 86' lang='lat' dir='ltr'><strong>discrimen,</strong></span> <span class='ocrx_word' id='word_1_427' title='bbox 3188 2475 3243 2520; x_wconf 93' lang='lat' dir='ltr'><strong>et</strong></span> <span class='ocrx_word' id='word_1_428' title='bbox 3279 2465 3502 2534; x_wconf 82' lang='lat' dir='ltr'><strong>nuptia-</strong></span> 
     </span>
    </p>
   </div>
   <div class='ocr_carea' id='block_1_56' title="bbox 1913 2557 3501 2626">
    <p class='ocr_par' dir='ltr' id='par_1_56' title="bbox 1913 2557 3501 2626">
     <span class='ocr_line' id='line_1_56' title="bbox 1913 2557 3501 2626; baseline -0.004 -10"><span class='ocrx_word' id='word_1_429' title='bbox 1913 2578 2036 2617; x_wconf 86' lang='lat' dir='ltr'><strong>rum</strong></span> <span class='ocrx_word' id='word_1_430' title='bbox 2067 2562 2302 2616; x_wconf 88' lang='lat' dir='ltr'><strong>iuitium.</strong></span> <span class='ocrx_word' id='word_1_431' title='bbox 2331 2563 2412 2616; x_wconf 80' lang='lat' dir='ltr'><strong>Ab</strong></span> <span class='ocrx_word' id='word_1_432' title='bbox 2431 2562 2582 2616; x_wconf 87' lang='lat' dir='ltr'><strong>initio</strong></span> <span class='ocrx_word' id='word_1_433' title='bbox 2598 2562 2745 2617; x_wconf 90' lang='lat' dir='ltr'><strong>enim</strong></span> <span class='ocrx_word' id='word_1_434' title='bbox 2773 2560 2908 2615; x_wconf 91' lang='lat' dir='ltr'><strong>nihil</strong></span> <span class='ocrx_word' id='word_1_435' title='bbox 2935 2560 3041 2615; x_wconf 85' lang='lat' dir='ltr'><strong>tale</strong></span> <span class='ocrx_word' id='word_1_436' title='bbox 3066 2567 3203 2625; x_wconf 83' lang='lat' dir='ltr'><strong>erat,</strong></span> <span class='ocrx_word' id='word_1_437' title='bbox 3235 2557 3501 2626; x_wconf 89' lang='lat' dir='ltr'><strong>siquidem</strong></span> 
     </span>
    </p>
   </div>
   <div class='ocr_carea' id='block_1_57' title="bbox 1917 2652 3501 2725">
    <p class='ocr_par' dir='ltr' id='par_1_57' title="bbox 1917 2652 3501 2725">
     <span class='ocr_line' id='line_1_57' title="bbox 1917 2652 3501 2725; baseline -0.003 -15"><span class='ocrx_word' id='word_1_438' title='bbox 1917 2655 2004 2710; x_wconf 88' lang='lat' dir='ltr'><strong>hic</strong></span> <span class='ocrx_word' id='word_1_439' title='bbox 2031 2655 2194 2710; x_wconf 87' lang='lat' dir='ltr'><strong>homo</strong></span> <span class='ocrx_word' id='word_1_440' title='bbox 2217 2656 2687 2725; x_wconf 82' lang='lat' dir='ltr'><strong>multiplicandus.</strong></span> <span class='ocrx_word' id='word_1_441' title='bbox 2709 2666 2766 2710; x_wconf 94' lang='lat' dir='ltr'><strong>ut</strong></span> <span class='ocrx_word' id='word_1_442' title='bbox 2789 2655 2988 2723; x_wconf 84' lang='lat' dir='ltr'><strong>angeli,</strong></span> <span class='ocrx_word' id='word_1_443' title='bbox 3009 2665 3161 2717; x_wconf 85' lang='lat' dir='ltr'><strong>erat;</strong></span> <span class='ocrx_word' id='word_1_444' title='bbox 3187 2663 3234 2708; x_wconf 89' lang='lat' dir='ltr'><strong>el</strong></span> <span class='ocrx_word' id='word_1_445' title='bbox 3263 2653 3392 2705; x_wconf 84' lang='lat' dir='ltr'><strong>inde</strong></span> <span class='ocrx_word' id='word_1_446' title='bbox 3421 2652 3501 2706; x_wconf 76' lang='lat' dir='ltr'><strong>l‘e-</strong></span> 
     </span>
    </p>
   </div>
   <div class='ocr_carea' id='block_1_58' title="bbox 1919 2743 3502 2818">
    <p class='ocr_par' dir='ltr' id='par_1_58' title="bbox 1919 2743 3502 2818">
     <span class='ocr_line' id='line_1_58' title="bbox 1919 2743 3502 2818; baseline -0.003 -19"><span class='ocrx_word' id='word_1_447' title='bbox 1919 2745 2078 2800; x_wconf 80' lang='lat' dir='ltr'><strong>minae</strong></span> <span class='ocrx_word' id='word_1_448' title='bbox 2100 2748 2300 2801; x_wconf 77' lang='lat' dir='ltr'><strong>auxilio</strong></span> <span class='ocrx_word' id='word_1_449' title='bbox 2321 2763 2431 2802; x_wconf 92' lang='lat' dir='ltr'><strong>non</strong></span> <span class='ocrx_word' id='word_1_450' title='bbox 2458 2748 2754 2818; x_wconf 88' lang='lat' dir='ltr'><strong>indigebat.</strong></span> <span class='ocrx_word' id='word_1_451' title='bbox 2776 2748 2830 2802; x_wconf 95' lang='lat' dir='ltr'><strong>Si</strong></span> <span class='ocrx_word' id='word_1_452' title='bbox 2850 2747 2997 2800; x_wconf 86' lang='lat' dir='ltr'><strong>enim</strong></span> <span class='ocrx_word' id='word_1_453' title='bbox 3022 2744 3342 2798; x_wconf 83' lang='lat' dir='ltr'><strong>inohedieus</strong></span> <span class='ocrx_word' id='word_1_454' title='bbox 3364 2743 3502 2794; x_wconf 75' lang='grc' dir='ltr'>Λιιιι-</span> 
     </span>
    </p>
   </div>
   <div class='ocr_carea' id='block_1_59' title="bbox 1918 2833 3497 2906">
    <p class='ocr_par' dir='ltr' id='par_1_59' title="bbox 1918 2833 3497 2906">
     <span class='ocr_line' id='line_1_59' title="bbox 1918 2833 3497 2906; baseline -0.001 -20"><span class='ocrx_word' id='word_1_455' title='bbox 1918 2847 2042 2888; x_wconf 87' lang='lat' dir='ltr'><strong>mus</strong></span> <span class='ocrx_word' id='word_1_456' title='bbox 2053 2848 2162 2887; x_wconf 86' lang='lat' dir='ltr'><strong>non</strong></span> <span class='ocrx_word' id='word_1_457' title='bbox 2177 2837 2535 2904; x_wconf 67' lang='lat' dir='ltr'><strong>apparuisset,</strong></span> <span class='ocrx_word' id='word_1_458' title='bbox 2551 2837 2863 2906; x_wconf 87' lang='lat' dir='ltr'><strong>nuptiarum</strong></span> <span class='ocrx_word' id='word_1_459' title='bbox 2877 2835 3094 2904; x_wconf 87' lang='lat' dir='ltr'><strong>quidem</strong></span> <span class='ocrx_word' id='word_1_460' title='bbox 3112 2849 3219 2887; x_wconf 88' lang='lat' dir='ltr'><strong>non</strong></span> <span class='ocrx_word' id='word_1_461' title='bbox 3235 2833 3497 2902; x_wconf 71' lang='lat' dir='ltr'><strong>eguissm,</strong></span> 
     </span>
    </p>
   </div>
   <div class='ocr_carea' id='block_1_60' title="bbox 1916 2926 3501 2997">
    <p class='ocr_par' dir='ltr' id='par_1_60' title="bbox 1916 2926 3501 2997">
     <span class='ocr_line' id='line_1_60' title="bbox 1916 2926 3501 2997; baseline -0.001 -17"><span class='ocrx_word' id='word_1_462' title='bbox 1916 2935 1971 2980; x_wconf 88' lang='lat' dir='ltr'><strong>et</strong></span> <span class='ocrx_word' id='word_1_463' title='bbox 2031 2927 2252 2995; x_wconf 77' lang='lat' dir='ltr'><strong>reliqua:</strong></span> <span class='ocrx_word' id='word_1_464' title='bbox 2287 2929 2494 2997; x_wconf 86' lang='lat' dir='ltr'><strong>nuptiis</strong></span> <span class='ocrx_word' id='word_1_465' title='bbox 2543 2929 2871 2984; x_wconf 69' lang='lat' dir='ltr'><strong>necessaria:</strong></span> <span class='ocrx_word' id='word_1_466' title='bbox 2921 2926 3374 2982; x_wconf 85' lang='lat' dir='ltr'><strong>construeliouis.</strong></span> <span class='ocrx_word' id='word_1_467' title='bbox 3425 2927 3501 2978; x_wconf 69' lang='lat' dir='ltr'><strong>At!</strong></span> 
     </span>
    </p>
   </div>
   <div class='ocr_carea' id='block_1_61' title="bbox 1913 3019 3502 3090">
    <p class='ocr_par' dir='ltr' id='par_1_61' title="bbox 1913 3019 3502 3090">
     <span class='ocr_line' id='line_1_61' title="bbox 1913 3019 3502 3090; baseline -0.003 -18"><span class='ocrx_word' id='word_1_468' title='bbox 1913 3019 2043 3088; x_wconf 89' lang='lat' dir='ltr'><strong>quid</strong></span> <span class='ocrx_word' id='word_1_469' title='bbox 2098 3019 2246 3074; x_wconf 89' lang='lat' dir='ltr'><strong>enim</strong></span> <span class='ocrx_word' id='word_1_470' title='bbox 2286 3022 2406 3076; x_wconf 68' lang='lat' dir='ltr'><strong>haec</strong></span> <span class='ocrx_word' id='word_1_471' title='bbox 2458 3020 2778 3090; x_wconf 69' lang='lat' dir='ltr'><strong>profuisset,</strong></span> <span class='ocrx_word' id='word_1_472' title='bbox 2839 3023 2886 3078; x_wconf 82' lang='lat' dir='ltr'><strong>si</strong></span> <span class='ocrx_word' id='word_1_473' title='bbox 2939 3021 3248 3076; x_wconf 85' lang='lat' dir='ltr'><strong>ctiamsine</strong></span> <span class='ocrx_word' id='word_1_474' title='bbox 3299 3019 3502 3087; x_wconf 72' lang='lat' dir='ltr'><strong>nuptiis</strong></span> 
     </span>
    </p>
   </div>
   <div class='ocr_carea' id='block_1_62' title="bbox 1919 3111 3374 3183">
    <p class='ocr_par' dir='ltr' id='par_1_62' title="bbox 1919 3111 3374 3183">
     <span class='ocr_line' id='line_1_62' title="bbox 1919 3111 3374 3183; baseline -0.001 -19"><span class='ocrx_word' id='word_1_475' title='bbox 1919 3111 2202 3166; x_wconf 86' lang='lat' dir='ltr'><strong>hominum</strong></span> <span class='ocrx_word' id='word_1_476' title='bbox 2243 3113 2540 3168; x_wconf 88' lang='lat' dir='ltr'><strong>multitudo</strong></span> <span class='ocrx_word' id='word_1_477' title='bbox 2576 3115 2866 3183; x_wconf 87' lang='lat' dir='ltr'><strong>provenire</strong></span> <span class='ocrx_word' id='word_1_478' title='bbox 2901 3129 3012 3166; x_wconf 88' lang='lat' dir='ltr'><strong>non</strong></span> <span class='ocrx_word' id='word_1_479' title='bbox 3047 3112 3331 3167; x_wconf 76' lang='lat' dir='ltr'><strong>vetabatur</strong></span> <span class='ocrx_word' id='word_1_480' title='bbox 3353 3113 3374 3163; x_wconf 73' lang='grc' dir='ltr'><strong>’ἰ</strong></span> 
     </span>
    </p>
   </div>
   <div class='ocr_carea' id='block_1_63' title="bbox 215 3191 3504 3277">
    <p class='ocr_par' dir='ltr' id='par_1_63' title="bbox 215 3191 3504 3277">
     <span class='ocr_line' id='line_1_63' title="bbox 215 3191 3504 3277; baseline 0.003 -33"><span class='ocrx_word' id='word_1_481' title='bbox 215 3191 495 3262; x_wconf 75' lang='grc' dir='ltr'>τελούσης</span> <span class='ocrx_word' id='word_1_482' title='bbox 521 3195 894 3263; x_wconf 83' lang='grc' dir='ltr'>κατασκευῆς.</span> <span class='ocrx_word' id='word_1_483' title='bbox 947 3195 1042 3258; x_wconf 81' lang='lat' dir='ltr'><strong>El;</strong></span> <span class='ocrx_word' id='word_1_484' title='bbox 1071 3197 1122 3248; x_wconf 91' lang='grc' dir='ltr'><strong>τί</strong></span> <span class='ocrx_word' id='word_1_485' title='bbox 1166 3200 1261 3251; x_wconf 73' lang='grc' dir='ltr'>καὶ</span> <span class='ocrx_word' id='word_1_486' title='bbox 1305 3199 1416 3269; x_wconf 82' lang='grc' dir='ltr'><strong>γὰρ</strong></span> <span class='ocrx_word' id='word_1_487' title='bbox 1462 3201 1814 3254; x_wconf 80' lang='grc' dir='ltr'>συνετέλεσεν</span> <span class='ocrx_word' id='word_1_488' title='bbox 1855 3200 2020 3274; x_wconf 78' lang='grc' dir='ltr'>αὕτη,</span> <span class='ocrx_word' id='word_1_489' title='bbox 2085 3205 2200 3274; x_wconf 84' lang='grc' dir='ltr'>είγε</span> <span class='ocrx_word' id='word_1_490' title='bbox 2245 3205 2339 3258; x_wconf 81' lang='grc' dir='ltr'>καὶ</span> <span class='ocrx_word' id='word_1_491' title='bbox 2375 3207 2556 3276; x_wconf 80' lang='grc' dir='ltr'>γάμου</span> <span class='ocrx_word' id='word_1_492' title='bbox 2591 3205 2762 3277; x_wconf 72' lang='grc' dir='ltr'>χωρὶς</span> <span class='ocrx_word' id='word_1_493' title='bbox 2799 3205 2972 3276; x_wconf 76' lang='grc' dir='ltr'>ἡτῶν</span> <span class='ocrx_word' id='word_1_494' title='bbox 2999 3203 3305 3275; x_wconf 78' lang='grc' dir='ltr'>ἀνθρώπων</span> <span class='ocrx_word' id='word_1_495' title='bbox 3367 3205 3504 3272; x_wconf 64' lang='grc' dir='ltr'>πλη-</span> 
     </span>
    </p>
   </div>
   <div class='ocr_carea' id='block_1_64' title="bbox 218 3287 1132 3357">
    <p class='ocr_par' dir='ltr' id='par_1_64' title="bbox 218 3287 1132 3357">
     <span class='ocr_line' id='line_1_64' title="bbox 218 3287 1132 3357; baseline 0.002 -17"><span class='ocrx_word' id='word_1_496' title='bbox 218 3287 338 3347; x_wconf 76' lang='lat' dir='ltr'><strong>Ob;</strong></span> <span class='ocrx_word' id='word_1_497' title='bbox 372 3287 661 3357; x_wconf 81' lang='grc' dir='ltr'>προελθεῖν</span> <span class='ocrx_word' id='word_1_498' title='bbox 689 3289 789 3341; x_wconf 74' lang='grc' dir='ltr'>οὐκ</span> <span class='ocrx_word' id='word_1_499' title='bbox 819 3289 1132 3356; x_wconf 82' lang='grc' dir='ltr'>ἐκωλύετο;</span> 
     </span>
    </p>
   </div>
   <div class='ocr_carea' id='block_1_65' title="bbox 307 3381 1810 3456">
    <p class='ocr_par' dir='ltr' id='par_1_65' title="bbox 307 3381 1810 3456">
     <span class='ocr_line' id='line_1_65' title="bbox 307 3381 1810 3456; baseline 0.005 -23"><span class='ocrx_word' id='word_1_500' title='bbox 307 3381 656 3451; x_wconf 80' lang='grc' dir='ltr'>Προλαῦὼνό</span> <span class='ocrx_word' id='word_1_501' title='bbox 689 3382 846 3449; x_wconf 83' lang='grc' dir='ltr'>λόγος</span> <span class='ocrx_word' id='word_1_502' title='bbox 880 3382 1124 3451; x_wconf 82' lang='grc' dir='ltr'>διείληφέ</span> <span class='ocrx_word' id='word_1_503' title='bbox 1177 3401 1263 3437; x_wconf 90' lang='grc' dir='ltr'><strong>σοι</strong></span> <span class='ocrx_word' id='word_1_504' title='bbox 1311 3389 1441 3456; x_wconf 77' lang='grc' dir='ltr'>περὶ</span> <span class='ocrx_word' id='word_1_505' title='bbox 1483 3386 1676 3440; x_wconf 83' lang='grc' dir='ltr'>τούτου</span> <span class='ocrx_word' id='word_1_506' title='bbox 1720 3403 1810 3440; x_wconf 79' lang='grc' dir='ltr'>σα-</span> 
     </span>
    </p>
   </div>
   <div class='ocr_carea' id='block_1_66' title="bbox 1917 3381 3503 3456">
    <p class='ocr_par' dir='ltr' id='par_1_66' title="bbox 1931 3383 3503 3456">
     <span class='ocr_line' id='line_1_66' title="bbox 1931 3383 3503 3456; baseline 0.002 -19"><span class='ocrx_word' id='word_1_507' title='bbox 1931 3387 1934 3390; x_wconf 81' lang='grc'><strong>’</strong></span> <span class='ocrx_word' id='word_1_508' title='bbox 1993 3383 2314 3440; x_wconf 84' lang='lat' dir='ltr'><strong>Praecedens</strong></span> <span class='ocrx_word' id='word_1_509' title='bbox 2356 3401 2538 3440; x_wconf 89' lang='lat' dir='ltr'><strong>sermo</strong></span> <span class='ocrx_word' id='word_1_510' title='bbox 2576 3387 2836 3440; x_wconf 87' lang='lat' dir='ltr'><strong>disseruit</strong></span> <span class='ocrx_word' id='word_1_511' title='bbox 2867 3387 2963 3441; x_wconf 90' lang='lat' dir='ltr'><strong>tibi</strong></span> <span class='ocrx_word' id='word_1_512' title='bbox 3000 3386 3066 3440; x_wconf 90' lang='lat' dir='ltr'><strong>de</strong></span> <span class='ocrx_word' id='word_1_513' title='bbox 3116 3386 3219 3440; x_wconf 87' lang='lat' dir='ltr'><strong>hoc</strong></span> <span class='ocrx_word' id='word_1_514' title='bbox 3264 3389 3503 3456; x_wconf 77' lang='lat' dir='ltr'><strong>apertis-</strong></span> 
     </span>
    </p>
   </div>
   <div class='ocr_carea' id='block_1_67' title="bbox 219 3474 1816 3551">
    <p class='ocr_par' dir='ltr' id='par_1_67' title="bbox 219 3474 1816 3551">
     <span class='ocr_line' id='line_1_67' title="bbox 219 3474 1816 3551; baseline 0.004 -23"><span class='ocrx_word' id='word_1_515' title='bbox 219 3476 526 3545; x_wconf 75' lang='grc' dir='ltr'>φὲστερον.</span> <span class='ocrx_word' id='word_1_516' title='bbox 556 3475 620 3527; x_wconf 87' lang='grc' dir='ltr'><strong>Εἰ</strong></span> <span class='ocrx_word' id='word_1_517' title='bbox 646 3474 702 3527; x_wconf 85' lang='grc' dir='ltr'>δὲ</span> <span class='ocrx_word' id='word_1_518' title='bbox 736 3475 910 3529; x_wconf 81' lang='grc' dir='ltr'>ταῦτα</span> <span class='ocrx_word' id='word_1_519' title='bbox 936 3474 1113 3540; x_wconf 74' lang='grc' dir='ltr'>οὕτως</span> <span class='ocrx_word' id='word_1_520' title='bbox 1141 3477 1276 3546; x_wconf 72' lang='grc' dir='ltr'>ἔχει,</span> <span class='ocrx_word' id='word_1_521' title='bbox 1310 3480 1359 3533; x_wconf 85' lang='grc' dir='ltr'><strong>εί</strong></span> <span class='ocrx_word' id='word_1_522' title='bbox 1390 3478 1479 3534; x_wconf 84' lang='grc' dir='ltr'><strong>διὰ</strong></span> <span class='ocrx_word' id='word_1_523' title='bbox 1510 3481 1609 3551; x_wconf 81' lang='grc' dir='ltr'>τὴν</span> <span class='ocrx_word' id='word_1_524' title='bbox 1645 3498 1816 3550; x_wconf 80' lang='grc' dir='ltr'>παρα-</span> 
     </span>
    </p>
   </div>
   <div class='ocr_carea' id='block_1_68' title="bbox 219 3567 1817 3644">
    <p class='ocr_par' dir='ltr' id='par_1_68' title="bbox 219 3567 1817 3644">
     <span class='ocr_line' id='line_1_68' title="bbox 219 3567 1817 3644; baseline 0.003 -22"><span class='ocrx_word' id='word_1_525' title='bbox 219 3569 370 3636; x_wconf 77' lang='grc' dir='ltr'>κοὴν</span> <span class='ocrx_word' id='word_1_526' title='bbox 405 3569 503 3621; x_wconf 69' lang='grc' dir='ltr'>καὶ</span> <span class='ocrx_word' id='word_1_527' title='bbox 539 3567 642 3636; x_wconf 78' lang='grc' dir='ltr'>τὴν</span> <span class='ocrx_word' id='word_1_528' title='bbox 670 3568 778 3621; x_wconf 74' lang='grc' dir='ltr'><strong>άπὸ</strong></span> <span class='ocrx_word' id='word_1_529' title='bbox 815 3569 912 3622; x_wconf 84' lang='grc' dir='ltr'><strong>τοῦ</strong></span> <span class='ocrx_word' id='word_1_530' title='bbox 947 3569 1180 3623; x_wconf 85' lang='grc' dir='ltr'>θανάτου</span> <span class='ocrx_word' id='word_1_531' title='bbox 1214 3572 1422 3643; x_wconf 79' lang='grc' dir='ltr'>φθορὰν</span> <span class='ocrx_word' id='word_1_532' title='bbox 1455 3573 1631 3644; x_wconf 81' lang='grc' dir='ltr'>ἀρχὴν</span> <span class='ocrx_word' id='word_1_533' title='bbox 1659 3574 1817 3644; x_wconf 75' lang='grc' dir='ltr'>ἔσχεν</span> 
     </span>
    </p>
   </div>
   <div class='ocr_carea' id='block_1_69' title="bbox 213 3660 1819 3735">
    <p class='ocr_par' dir='ltr' id='par_1_69' title="bbox 213 3660 1819 3735">
     <span class='ocr_line' id='line_1_69' title="bbox 213 3660 1819 3735; baseline 0.001 -20"><span class='ocrx_word' id='word_1_534' title='bbox 213 3663 248 3715; x_wconf 97' lang='lat'><strong>6</strong></span> <span class='ocrx_word' id='word_1_535' title='bbox 288 3661 494 3729; x_wconf 81' lang='grc' dir='ltr'>γάμος,</span> <span class='ocrx_word' id='word_1_536' title='bbox 515 3660 590 3723; x_wconf 83' lang='grc' dir='ltr'><strong>ὡς</strong></span> <span class='ocrx_word' id='word_1_537' title='bbox 618 3661 648 3712; x_wconf 89' lang='lat'><strong>6</strong></span> <span class='ocrx_word' id='word_1_538' title='bbox 674 3661 911 3731; x_wconf 65' lang='grc' dir='ltr'>χρυσοῦς</span> <span class='ocrx_word' id='word_1_539' title='bbox 940 3662 1040 3731; x_wconf 82' lang='grc' dir='ltr'>τὴν</span> <span class='ocrx_word' id='word_1_540' title='bbox 1083 3663 1328 3731; x_wconf 80' lang='grc' dir='ltr'>γλῶττάν</span> <span class='ocrx_word' id='word_1_541' title='bbox 1363 3682 1527 3733; x_wconf 83' lang='grc' dir='ltr'>φησιν</span> <span class='ocrx_word' id='word_1_542' title='bbox 1555 3682 1568 3695; x_wconf 88' lang='grc'><strong>·</strong></span> <span class='ocrx_word' id='word_1_543' title='bbox 1594 3668 1643 3719; x_wconf 85' lang='grc' dir='ltr'><strong>εί</strong></span> <span class='ocrx_word' id='word_1_544' title='bbox 1681 3667 1819 3735; x_wconf 86' lang='grc' dir='ltr'>μετὰ</span> 
     </span>
    </p>
   </div>
   <div class='ocr_carea' id='block_1_70' title="bbox 214 3753 1819 3828">
    <p class='ocr_par' dir='ltr' id='par_1_70' title="bbox 214 3753 1819 3828">
     <span class='ocr_line' id='line_1_70' title="bbox 214 3753 1819 3828; baseline 0.002 -22"><span class='ocrx_word' id='word_1_545' title='bbox 214 3755 293 3806; x_wconf 71' lang='grc' dir='ltr'>τὸ</span> <span class='ocrx_word' id='word_1_546' title='bbox 333 3754 541 3823; x_wconf 75' lang='grc' dir='ltr'>ὑψηλὸν</span> <span class='ocrx_word' id='word_1_547' title='bbox 571 3753 674 3822; x_wconf 85' lang='grc' dir='ltr'>τῆς</span> <span class='ocrx_word' id='word_1_548' title='bbox 718 3754 953 3818; x_wconf 84' lang='grc' dir='ltr'>κτίσεως</span> <span class='ocrx_word' id='word_1_549' title='bbox 988 3756 1084 3808; x_wconf 82' lang='grc' dir='ltr'>ἐπὶ</span> <span class='ocrx_word' id='word_1_550' title='bbox 1117 3757 1210 3808; x_wconf 73' lang='grc' dir='ltr'>τὸν</span> <span class='ocrx_word' id='word_1_551' title='bbox 1263 3756 1554 3827; x_wconf 78' lang='grc' dir='ltr'>ἄνθρωπον</span> <span class='ocrx_word' id='word_1_552' title='bbox 1587 3759 1819 3828; x_wconf 77' lang='grc' dir='ltr'>ἤνεγκεν</span> 
     </span>
    </p>
   </div>
   <div class='ocr_carea' id='block_1_71' title="bbox 214 3845 1818 3919">
    <p class='ocr_par' dir='ltr' id='par_1_71' title="bbox 214 3845 1818 3919">
     <span class='ocr_line' id='line_1_71' title="bbox 214 3845 1818 3919; baseline 0.002 -19"><span class='ocrx_word' id='word_1_553' title='bbox 214 3848 252 3900; x_wconf 87' lang='lat'><strong>6</strong></span> <span class='ocrx_word' id='word_1_554' title='bbox 295 3845 437 3910; x_wconf 80' lang='grc' dir='ltr'>Θεὸς</span> <span class='ocrx_word' id='word_1_555' title='bbox 486 3846 545 3898; x_wconf 72' lang='grc' dir='ltr'>τὸ</span> <span class='ocrx_word' id='word_1_556' title='bbox 596 3846 698 3914; x_wconf 82' lang='grc' dir='ltr'>τῆς</span> <span class='ocrx_word' id='word_1_557' title='bbox 751 3847 952 3915; x_wconf 86' lang='grc' dir='ltr'>ἀλόγου</span> <span class='ocrx_word' id='word_1_558' title='bbox 1001 3847 1354 3917; x_wconf 82' lang='grc' dir='ltr'>κατασκευῆς</span> <span class='ocrx_word' id='word_1_559' title='bbox 1409 3848 1630 3919; x_wconf 82' lang='grc' dir='ltr'>ἰδίωμα,</span> <span class='ocrx_word' id='word_1_560' title='bbox 1685 3850 1759 3912; x_wconf 83' lang='grc' dir='ltr'>ὡς</span> <span class='ocrx_word' id='word_1_561' title='bbox 1789 3852 1818 3904; x_wconf 87' lang='lat'><strong>6</strong></span> 
     </span>
    </p>
   </div>
   <div class='ocr_carea' id='block_1_72' title="bbox 217 3938 1820 4011">
    <p class='ocr_par' dir='ltr' id='par_1_72' title="bbox 217 3938 1820 4011">
     <span class='ocr_line' id='line_1_72' title="bbox 217 3938 1820 4011; baseline 0.001 -17"><span class='ocrx_word' id='word_1_562' title='bbox 217 3939 463 4008; x_wconf 77' lang='grc' dir='ltr'>Νύσσης</span> <span class='ocrx_word' id='word_1_563' title='bbox 499 3938 684 4007; x_wconf 81' lang='grc' dir='ltr'>φησίν·</span> <span class='ocrx_word' id='word_1_564' title='bbox 711 3939 761 3990; x_wconf 79' lang='grc' dir='ltr'>εἰ</span> <span class='ocrx_word' id='word_1_565' title='bbox 784 3938 880 4008; x_wconf 80' lang='grc' dir='ltr'>τῆς</span> <span class='ocrx_word' id='word_1_566' title='bbox 923 3939 1190 4008; x_wconf 80' lang='grc' dir='ltr'>δευτέρας</span> <span class='ocrx_word' id='word_1_567' title='bbox 1229 3941 1345 3992; x_wconf 68' lang='grc' dir='ltr'>ἐστὶ</span> <span class='ocrx_word' id='word_1_568' title='bbox 1391 3941 1678 4011; x_wconf 83' lang='grc' dir='ltr'>κτίσεωςή</span> <span class='ocrx_word' id='word_1_569' title='bbox 1711 3943 1820 3997; x_wconf 81' lang='grc' dir='ltr'><strong>τῶν</strong></span> 
     </span>
    </p>
   </div>
   <div class='ocr_carea' id='block_1_73' title="bbox 217 4029 1821 4102">
    <p class='ocr_par' dir='ltr' id='par_1_73' title="bbox 217 4029 1821 4102">
     <span class='ocr_line' id='line_1_73' title="bbox 217 4029 1821 4102; baseline 0.001 -18"><span class='ocrx_word' id='word_1_570' title='bbox 217 4031 542 4100; x_wconf 80' lang='grc' dir='ltr'>σχημάτων</span> <span class='ocrx_word' id='word_1_571' title='bbox 571 4029 805 4098; x_wconf 76' lang='grc' dir='ltr'>διαφορὰ</span> <span class='ocrx_word' id='word_1_572' title='bbox 861 4031 1006 4084; x_wconf 83' lang='grc' dir='ltr'>κατὰ</span> <span class='ocrx_word' id='word_1_573' title='bbox 1036 4031 1128 4083; x_wconf 76' lang='grc' dir='ltr'><strong>τὸν</strong></span> <span class='ocrx_word' id='word_1_574' title='bbox 1182 4033 1439 4102; x_wconf 82' lang='grc' dir='ltr'>Σιναῖτην</span> <span class='ocrx_word' id='word_1_575' title='bbox 1477 4033 1620 4087; x_wconf 85' lang='grc' dir='ltr'>θεῖον</span> <span class='ocrx_word' id='word_1_576' title='bbox 1661 4034 1821 4088; x_wconf 80' lang='grc' dir='ltr'>Ἀνα-</span> 
     </span>
    </p>
   </div>
   <div class='ocr_carea' id='block_1_74' title="bbox 216 4123 1822 4198">
    <p class='ocr_par' dir='ltr' id='par_1_74' title="bbox 216 4123 1822 4198">
     <span class='ocr_line' id='line_1_74' title="bbox 216 4123 1822 4198; baseline 0.002 -20"><span class='ocrx_word' id='word_1_577' title='bbox 216 4124 468 4178; x_wconf 80' lang='grc' dir='ltr'>στάσιον</span> <span class='ocrx_word' id='word_1_578' title='bbox 489 4140 502 4154; x_wconf 88' lang='grc'><strong>·</strong></span> <span class='ocrx_word' id='word_1_579' title='bbox 535 4125 584 4176; x_wconf 81' lang='grc' dir='ltr'><strong>εί</strong></span> <span class='ocrx_word' id='word_1_580' title='bbox 612 4123 752 4176; x_wconf 75' lang='grc' dir='ltr'>κατὰ</span> <span class='ocrx_word' id='word_1_581' title='bbox 789 4123 884 4176; x_wconf 79' lang='grc' dir='ltr'>τὸν</span> <span class='ocrx_word' id='word_1_582' title='bbox 915 4124 1131 4193; x_wconf 85' lang='grc' dir='ltr'>πρῶτον</span> <span class='ocrx_word' id='word_1_583' title='bbox 1161 4127 1366 4178; x_wconf 78' lang='grc' dir='ltr'>ἐκεῖνον</span> <span class='ocrx_word' id='word_1_584' title='bbox 1395 4125 1684 4197; x_wconf 77' lang='grc' dir='ltr'>ἄνθρωπον</span> <span class='ocrx_word' id='word_1_585' title='bbox 1722 4130 1822 4198; x_wconf 75' lang='grc' dir='ltr'><strong>μιᾷ</strong></span> 
     </span>
    </p>
   </div>
   <div class='ocr_carea' id='block_1_75' title="bbox 217 4215 1822 4290">
    <p class='ocr_par' dir='ltr' id='par_1_75' title="bbox 217 4215 1822 4290">
     <span class='ocr_line' id='line_1_75' title="bbox 217 4215 1822 4290; baseline -0.004 -18"><span class='ocrx_word' id='word_1_586' title='bbox 217 4219 362 4288; x_wconf 74' lang='grc' dir='ltr'>ἰδέᾳ</span> <span class='ocrx_word' id='word_1_587' title='bbox 392 4215 488 4270; x_wconf 72' lang='grc' dir='ltr'>καὶ</span> <span class='ocrx_word' id='word_1_588' title='bbox 510 4215 591 4268; x_wconf 77' lang='grc' dir='ltr'><strong>ἐνὶ</strong></span> <span class='ocrx_word' id='word_1_589' title='bbox 622 4217 862 4286; x_wconf 85' lang='grc' dir='ltr'>σχήματι</span> <span class='ocrx_word' id='word_1_590' title='bbox 892 4217 1094 4279; x_wconf 83' lang='grc' dir='ltr'>πάντες</span> <span class='ocrx_word' id='word_1_591' title='bbox 1126 4218 1454 4288; x_wconf 77' lang='grc' dir='ltr'>ἐγείρονται,</span> <span class='ocrx_word' id='word_1_592' title='bbox 1482 4219 1556 4282; x_wconf 79' lang='grc' dir='ltr'>ὡς</span> <span class='ocrx_word' id='word_1_593' title='bbox 1590 4221 1617 4272; x_wconf 90' lang='lat'><strong>6</strong></span> <span class='ocrx_word' id='word_1_594' title='bbox 1644 4221 1822 4290; x_wconf 74' lang='grc' dir='ltr'>μέγας</span> 
     </span>
    </p>
   </div>
   <div class='ocr_carea' id='block_1_76' title="bbox 212 4308 1821 4382">
    <p class='ocr_par' dir='ltr' id='par_1_76' title="bbox 212 4308 1821 4382">
     <span class='ocr_line' id='line_1_76' title="bbox 212 4308 1821 4382; baseline 0.002 -21"><span class='ocrx_word' id='word_1_595' title='bbox 212 4310 413 4380; x_wconf 78' lang='grc' dir='ltr'>φησὶν</span> <span class='ocrx_word' id='word_1_596' title='bbox 439 4309 780 4374; x_wconf 79' lang='grc' dir='ltr'>’Λθανάσιος,</span> <span class='ocrx_word' id='word_1_597' title='bbox 825 4309 922 4362; x_wconf 76' lang='grc' dir='ltr'>ἅτε</span> <span class='ocrx_word' id='word_1_598' title='bbox 958 4308 1059 4378; x_wconf 80' lang='grc' dir='ltr'>τῆς</span> <span class='ocrx_word' id='word_1_599' title='bbox 1093 4311 1234 4364; x_wconf 68' lang='grc' dir='ltr'>κατὰ</span> <span class='ocrx_word' id='word_1_600' title='bbox 1277 4311 1336 4362; x_wconf 77' lang='grc' dir='ltr'>τὸ</span> <span class='ocrx_word' id='word_1_601' title='bbox 1369 4311 1538 4382; x_wconf 73' lang='grc' dir='ltr'>ἆρρεν</span> <span class='ocrx_word' id='word_1_602' title='bbox 1561 4313 1655 4365; x_wconf 74' lang='grc' dir='ltr'>καὶ</span> <span class='ocrx_word' id='word_1_603' title='bbox 1689 4313 1821 4382; x_wconf 83' lang='grc' dir='ltr'>θῆλυ</span> 
     </span>
    </p>
   </div>
   <div class='ocr_carea' id='block_1_77' title="bbox 207 4398 1819 4471">
    <p class='ocr_par' dir='ltr' id='par_1_77' title="bbox 207 4398 1819 4471">
     <span class='ocr_line' id='line_1_77' title="bbox 207 4398 1819 4471; baseline -0.001 -17"><span class='ocrx_word' id='word_1_604' title='bbox 207 4401 508 4469; x_wconf 77' lang='grc' dir='ltr'>διαφορᾶς</span> <span class='ocrx_word' id='word_1_605' title='bbox 546 4398 774 4469; x_wconf 79' lang='grc' dir='ltr'>ὕστερον</span> <span class='ocrx_word' id='word_1_606' title='bbox 823 4398 1282 4470; x_wconf 80' lang='grc' dir='ltr'>ἐπιτεχνηθείσης</span> <span class='ocrx_word' id='word_1_607' title='bbox 1349 4401 1469 4471; x_wconf 85' lang='grc' dir='ltr'><strong>Θεῷ</strong></span> <span class='ocrx_word' id='word_1_608' title='bbox 1517 4400 1587 4454; x_wconf 87' lang='grc' dir='ltr'><strong>δι’</strong></span> <span class='ocrx_word' id='word_1_609' title='bbox 1619 4403 1819 4466; x_wconf 74' lang='grc' dir='ltr'>αἰτίαν,</span> 
     </span>
    </p>
   </div>
   <div class='ocr_carea' id='block_1_78' title="bbox 205 4491 1824 4564">
    <p class='ocr_par' dir='ltr' id='par_1_78' title="bbox 205 4491 1824 4564">
     <span class='ocr_line' id='line_1_78' title="bbox 205 4491 1824 4564; baseline 0 -17"><span class='ocrx_word' id='word_1_610' title='bbox 205 4495 366 4564; x_wconf 73' lang='grc' dir='ltr'>ἣτις</span> <span class='ocrx_word' id='word_1_611' title='bbox 391 4491 506 4546; x_wconf 74' lang='grc' dir='ltr'>ἄνω</span> <span class='ocrx_word' id='word_1_612' title='bbox 529 4491 870 4562; x_wconf 78' lang='grc' dir='ltr'>διείληπται·</span> <span class='ocrx_word' id='word_1_613' title='bbox 898 4492 953 4543; x_wconf 86' lang='grc' dir='ltr'><strong>τί</strong></span> <span class='ocrx_word' id='word_1_614' title='bbox 979 4494 1084 4561; x_wconf 80' lang='grc' dir='ltr'><strong>χρὴ</strong></span> <span class='ocrx_word' id='word_1_615' title='bbox 1121 4495 1218 4544; x_wconf 79' lang='grc' dir='ltr'>καὶ</span> <span class='ocrx_word' id='word_1_616' title='bbox 1239 4493 1423 4559; x_wconf 81' lang='grc' dir='ltr'>λέγειν</span> <span class='ocrx_word' id='word_1_617' title='bbox 1451 4494 1545 4546; x_wconf 75' lang='grc' dir='ltr'>ἐπὶ</span> <span class='ocrx_word' id='word_1_618' title='bbox 1573 4493 1655 4564; x_wconf 81' lang='grc' dir='ltr'>τῷ</span> <span class='ocrx_word' id='word_1_619' title='bbox 1690 4512 1824 4564; x_wconf 86' lang='grc' dir='ltr'>προ-</span> 
     </span>
    </p>
   </div>
   <div class='ocr_carea' id='block_1_79' title="bbox 208 4580 1821 4655">
    <p class='ocr_par' dir='ltr' id='par_1_79' title="bbox 208 4580 1821 4655">
     <span class='ocr_line' id='line_1_79' title="bbox 208 4580 1821 4655; baseline 0.002 -20"><span class='ocrx_word' id='word_1_620' title='bbox 208 4584 486 4652; x_wconf 79' lang='grc' dir='ltr'>κειμένῳ</span> <span class='ocrx_word' id='word_1_621' title='bbox 540 4580 859 4650; x_wconf 77' lang='grc' dir='ltr'>ζητήματι;</span> <span class='ocrx_word' id='word_1_622' title='bbox 893 4581 1082 4636; x_wconf 82' lang='grc' dir='ltr'>Ταῦτα</span> <span class='ocrx_word' id='word_1_623' title='bbox 1134 4582 1568 4653; x_wconf 64' lang='grc' dir='ltr'>παρακαλοῦμεν</span> <span class='ocrx_word' id='word_1_624' title='bbox 1607 4585 1821 4655; x_wconf 87' lang='grc' dir='ltr'>μαθεῖν.</span> 
     </span>
    </p>
   </div>
   <div class='ocr_carea' id='block_1_80' title="bbox 207 4673 1825 4746">
    <p class='ocr_par' dir='ltr' id='par_1_80' title="bbox 207 4673 1825 4746">
     <span class='ocr_line' id='line_1_80' title="bbox 207 4673 1825 4746; baseline 0 -15"><span class='ocrx_word' id='word_1_625' title='bbox 207 4678 294 4731; x_wconf 74' lang='grc' dir='ltr'><strong>Εἴ</strong></span> <span class='ocrx_word' id='word_1_626' title='bbox 315 4691 392 4742; x_wconf 75' lang='grc' dir='ltr'><strong>γε</strong></span> <span class='ocrx_word' id='word_1_627' title='bbox 419 4673 513 4727; x_wconf 69' lang='grc' dir='ltr'>καὶ</span> <span class='ocrx_word' id='word_1_628' title='bbox 544 4673 746 4742; x_wconf 77' lang='grc' dir='ltr'>μᾶλλον</span> <span class='ocrx_word' id='word_1_629' title='bbox 782 4674 810 4726; x_wconf 94' lang='lat'><strong>6</strong></span> <span class='ocrx_word' id='word_1_630' title='bbox 839 4673 1204 4743; x_wconf 75' lang='grc' dir='ltr'>Δαμασκηνὸς</span> <span class='ocrx_word' id='word_1_631' title='bbox 1250 4675 1504 4746; x_wconf 84' lang='grc' dir='ltr'>Ἰωάννης</span> <span class='ocrx_word' id='word_1_632' title='bbox 1551 4677 1825 4731; x_wconf 78' lang='grc' dir='ltr'>ἐναντιοῦ-</span> 
     </span>
    </p>
   </div>
   <div class='ocr_carea' id='block_1_81' title="bbox 1925 3476 3510 3548">
    <p class='ocr_par' dir='ltr' id='par_1_81' title="bbox 1925 3476 3510 3548">
     <span class='ocr_line' id='line_1_81' title="bbox 1925 3476 3510 3548; baseline 0.001 -18"><span class='ocrx_word' id='word_1_633' title='bbox 1925 3476 2080 3532; x_wconf 88' lang='lat' dir='ltr'><strong>sime.</strong></span> <span class='ocrx_word' id='word_1_634' title='bbox 2121 3477 2177 3530; x_wconf 88' lang='lat' dir='ltr'><strong>Si</strong></span> <span class='ocrx_word' id='word_1_635' title='bbox 2204 3492 2334 3531; x_wconf 82' lang='lat' dir='ltr'><strong>vero</strong></span> <span class='ocrx_word' id='word_1_636' title='bbox 2373 3478 2489 3533; x_wconf 74' lang='lat' dir='ltr'><strong>hazc</strong></span> <span class='ocrx_word' id='word_1_637' title='bbox 2536 3478 2608 3532; x_wconf 86' lang='lat' dir='ltr'><strong>ita</strong></span> <span class='ocrx_word' id='word_1_638' title='bbox 2656 3479 2879 3538; x_wconf 83' lang='lat' dir='ltr'><strong>habent.</strong></span> <span class='ocrx_word' id='word_1_639' title='bbox 2915 3487 3142 3548; x_wconf 88' lang='lat' dir='ltr'><strong>propter</strong></span> <span class='ocrx_word' id='word_1_640' title='bbox 3185 3478 3510 3533; x_wconf 82' lang='lat' dir='ltr'><strong>inobedicn-</strong></span> 
     </span>
    </p>
   </div>
   <div class='ocr_carea' id='block_1_82' title="bbox 1927 3553 3509 3642">
    <p class='ocr_par' dir='ltr' id='par_1_82' title="bbox 1927 3553 3509 3642">
     <span class='ocr_line' id='line_1_82' title="bbox 1927 3553 3509 3642; baseline 0.001 -18"><span class='ocrx_word' id='word_1_641' title='bbox 1927 3573 2056 3625; x_wconf 90' lang='lat' dir='ltr'><strong>tiam</strong></span> <span class='ocrx_word' id='word_1_642' title='bbox 2108 3553 2163 3626; x_wconf 74' lang='lat' dir='ltr'><strong>et</strong></span> <span class='ocrx_word' id='word_1_643' title='bbox 2190 3573 2599 3642; x_wconf 89' lang='lat' dir='ltr'><strong>corruptionem</strong></span> <span class='ocrx_word' id='word_1_644' title='bbox 2633 3587 2754 3642; x_wconf 76' lang='lat' dir='ltr'><strong>qua:</strong></span> <span class='ocrx_word' id='word_1_645' title='bbox 2799 3587 2863 3626; x_wconf 82' lang='lat' dir='ltr'><strong>ex</strong></span> <span class='ocrx_word' id='word_1_646' title='bbox 2917 3582 3096 3626; x_wconf 89' lang='lat' dir='ltr'><strong>morte</strong></span> <span class='ocrx_word' id='word_1_647' title='bbox 3149 3580 3254 3636; x_wconf 86' lang='lat' dir='ltr'><strong>est,</strong></span> <span class='ocrx_word' id='word_1_648' title='bbox 3304 3572 3509 3640; x_wconf 76' lang='lat' dir='ltr'><strong>nupti-.e</strong></span> 
     </span>
    </p>
   </div>
   <div class='ocr_carea' id='block_1_83' title="bbox 1927 3664 3511 3736">
    <p class='ocr_par' dir='ltr' id='par_1_83' title="bbox 1927 3664 3511 3736">
     <span class='ocr_line' id='line_1_83' title="bbox 1927 3664 3511 3736; baseline 0.002 -22"><span class='ocrx_word' id='word_1_649' title='bbox 1927 3664 2258 3734; x_wconf 86' lang='lat' dir='ltr'><strong>principium</strong></span> <span class='ocrx_word' id='word_1_650' title='bbox 2289 3665 2556 3729; x_wconf 88' lang='lat' dir='ltr'><strong>habuere,</strong></span> <span class='ocrx_word' id='word_1_651' title='bbox 2601 3675 2662 3720; x_wconf 89' lang='lat' dir='ltr'><strong>ut</strong></span> <span class='ocrx_word' id='word_1_652' title='bbox 2688 3666 3115 3736; x_wconf 83' lang='lat' dir='ltr'><strong>Chrysostomus</strong></span> <span class='ocrx_word' id='word_1_653' title='bbox 3154 3665 3254 3717; x_wconf 86' lang='lat' dir='ltr'><strong>ait.</strong></span> <span class='ocrx_word' id='word_1_654' title='bbox 3299 3664 3354 3717; x_wconf 90' lang='lat' dir='ltr'><strong>Si</strong></span> <span class='ocrx_word' id='word_1_655' title='bbox 3388 3674 3511 3733; x_wconf 83' lang='lat' dir='ltr'><strong>post</strong></span> 
     </span>
    </p>
   </div>
   <div class='ocr_carea' id='block_1_84' title="bbox 1927 3753 3510 3817">
    <p class='ocr_par' dir='ltr' id='par_1_84' title="bbox 1927 3753 3510 3817">
     <span class='ocr_line' id='line_1_84' title="bbox 1927 3753 3510 3817; baseline -0.002 -7"><span class='ocrx_word' id='word_1_656' title='bbox 1927 3755 2320 3810; x_wconf 81' lang='lat' dir='ltr'><strong>sublimitatem</strong></span> <span class='ocrx_word' id='word_1_657' title='bbox 2353 3756 2679 3817; x_wconf 86' lang='lat' dir='ltr'><strong>creationis.</strong></span> <span class='ocrx_word' id='word_1_658' title='bbox 2709 3757 2762 3810; x_wconf 91' lang='lat' dir='ltr'><strong>in</strong></span> <span class='ocrx_word' id='word_1_659' title='bbox 2801 3756 3079 3811; x_wconf 83' lang='lat' dir='ltr'><strong>hominem</strong></span> <span class='ocrx_word' id='word_1_660' title='bbox 3117 3753 3331 3809; x_wconf 80' lang='lat' dir='ltr'><strong>induxit</strong></span> <span class='ocrx_word' id='word_1_661' title='bbox 3364 3754 3510 3808; x_wconf 86' lang='lat' dir='ltr'><strong>Deus</strong></span> 
     </span>
    </p>
   </div>
   <div class='ocr_carea' id='block_1_85' title="bbox 1911 3843 3511 3916">
    <p class='ocr_par' dir='ltr' id='par_1_85' title="bbox 1911 3843 3511 3916">
     <span class='ocr_line' id='line_1_85' title="bbox 1911 3843 3511 3916; baseline 0 -18"><span class='ocrx_word' id='word_1_662' title='bbox 1911 3843 2257 3900; x_wconf 76' lang='lat' dir='ltr'><strong>irrationalis</strong></span> <span class='ocrx_word' id='word_1_663' title='bbox 2272 3846 2693 3900; x_wconf 86' lang='lat' dir='ltr'><strong>constructiouis</strong></span> <span class='ocrx_word' id='word_1_664' title='bbox 2717 3847 3128 3916; x_wconf 84' lang='lat' dir='ltr'><strong>proprietatem,</strong></span> <span class='ocrx_word' id='word_1_665' title='bbox 3151 3854 3211 3898; x_wconf 85' lang='grc' dir='ltr'><strong>ιιι</strong></span> <span class='ocrx_word' id='word_1_666' title='bbox 3234 3843 3511 3914; x_wconf 75' lang='lat' dir='ltr'><strong>Nysseuus</strong></span> 
     </span>
    </p>
   </div>
   <div class='ocr_carea' id='block_1_86' title="bbox 1927 3937 3505 4008">
    <p class='ocr_par' dir='ltr' id='par_1_86' title="bbox 1927 3937 3505 4008">
     <span class='ocr_line' id='line_1_86' title="bbox 1927 3937 3505 4008; baseline -0.003 -16"><span class='ocrx_word' id='word_1_667' title='bbox 1927 3940 2020 3994; x_wconf 87' lang='lat' dir='ltr'><strong>ait.</strong></span> <span class='ocrx_word' id='word_1_668' title='bbox 2039 3937 2096 3992; x_wconf 93' lang='lat' dir='ltr'><strong>Si</strong></span> <span class='ocrx_word' id='word_1_669' title='bbox 2131 3947 2217 3993; x_wconf 88' lang='lat' dir='ltr'><strong>est</strong></span> <span class='ocrx_word' id='word_1_670' title='bbox 2241 3938 2495 3994; x_wconf 85' lang='lat' dir='ltr'><strong>secundae</strong></span> <span class='ocrx_word' id='word_1_671' title='bbox 2525 3939 2822 3994; x_wconf 87' lang='lat' dir='ltr'><strong>creationis</strong></span> <span class='ocrx_word' id='word_1_672' title='bbox 2849 3937 3147 4008; x_wconf 86' lang='lat' dir='ltr'><strong>ﬁgurarum</strong></span> <span class='ocrx_word' id='word_1_673' title='bbox 3184 3937 3505 3999; x_wconf 84' lang='lat' dir='ltr'><strong>discrimen,</strong></span> 
     </span>
    </p>
   </div>
   <div class='ocr_carea' id='block_1_87' title="bbox 1925 4029 3508 4101">
    <p class='ocr_par' dir='ltr' id='par_1_87' title="bbox 1925 4029 3508 4101">
     <span class='ocr_line' id='line_1_87' title="bbox 1925 4029 3508 4101; baseline -0.004 -16"><span class='ocrx_word' id='word_1_674' title='bbox 1925 4031 2078 4101; x_wconf 79' lang='lat' dir='ltr'><strong>juxta</strong></span> <span class='ocrx_word' id='word_1_675' title='bbox 2113 4030 2378 4085; x_wconf 89' lang='lat' dir='ltr'><strong>Siuaitem</strong></span> <span class='ocrx_word' id='word_1_676' title='bbox 2413 4031 2661 4085; x_wconf 86' lang='lat' dir='ltr'><strong>divinum</strong></span> <span class='ocrx_word' id='word_1_677' title='bbox 2695 4030 3064 4084; x_wconf 83' lang='lat' dir='ltr'><strong>Auastasium.</strong></span> <span class='ocrx_word' id='word_1_678' title='bbox 3107 4029 3162 4083; x_wconf 90' lang='lat' dir='ltr'><strong>Si</strong></span> <span class='ocrx_word' id='word_1_679' title='bbox 3203 4031 3508 4082; x_wconf 80' lang='lat' dir='ltr'><strong>scentulum</strong></span> 
     </span>
    </p>
   </div>
   <div class='ocr_carea' id='block_1_88' title="bbox 1929 4122 3508 4194">
    <p class='ocr_par' dir='ltr' id='par_1_88' title="bbox 1929 4122 3508 4194">
     <span class='ocr_line' id='line_1_88' title="bbox 1929 4122 3508 4194; baseline -0.003 -18"><span class='ocrx_word' id='word_1_680' title='bbox 1929 4125 2168 4194; x_wconf 88' lang='lat' dir='ltr'><strong>primum</strong></span> <span class='ocrx_word' id='word_1_681' title='bbox 2208 4123 2360 4177; x_wconf 91' lang='lat' dir='ltr'><strong>illum</strong></span> <span class='ocrx_word' id='word_1_682' title='bbox 2395 4122 2702 4184; x_wconf 85' lang='lat' dir='ltr'><strong>hominem.</strong></span> <span class='ocrx_word' id='word_1_683' title='bbox 2738 4139 2844 4176; x_wconf 91' lang='lat' dir='ltr'><strong>una</strong></span> <span class='ocrx_word' id='word_1_684' title='bbox 2875 4122 3060 4192; x_wconf 87' lang='lat' dir='ltr'><strong>specie</strong></span> <span class='ocrx_word' id='word_1_685' title='bbox 3090 4131 3149 4176; x_wconf 90' lang='lat' dir='ltr'><strong>et</strong></span> <span class='ocrx_word' id='word_1_686' title='bbox 3190 4137 3294 4175; x_wconf 86' lang='lat' dir='ltr'><strong>uua</strong></span> <span class='ocrx_word' id='word_1_687' title='bbox 3341 4126 3508 4190; x_wconf 71' lang='lat' dir='ltr'><strong>ﬁgura</strong></span> 
     </span>
    </p>
   </div>
   <div class='ocr_carea' id='block_1_89' title="bbox 1930 4215 3509 4285">
    <p class='ocr_par' dir='ltr' id='par_1_89' title="bbox 1930 4215 3509 4285">
     <span class='ocr_line' id='line_1_89' title="bbox 1930 4215 3509 4285; baseline -0.002 -13"><span class='ocrx_word' id='word_1_688' title='bbox 1930 4231 2124 4272; x_wconf 87' lang='lat' dir='ltr'><strong>omnes</strong></span> <span class='ocrx_word' id='word_1_689' title='bbox 2169 4227 2478 4284; x_wconf 85' lang='lat' dir='ltr'><strong>resurgent,</strong></span> <span class='ocrx_word' id='word_1_690' title='bbox 2521 4224 2580 4270; x_wconf 91' lang='lat' dir='ltr'><strong>ut</strong></span> <span class='ocrx_word' id='word_1_691' title='bbox 2631 4231 2866 4285; x_wconf 85' lang='lat' dir='ltr'><strong>magnus</strong></span> <span class='ocrx_word' id='word_1_692' title='bbox 2921 4215 3097 4284; x_wconf 88' lang='lat' dir='ltr'><strong>inquit</strong></span> <span class='ocrx_word' id='word_1_693' title='bbox 3146 4215 3509 4276; x_wconf 75' lang='lat' dir='ltr'><strong>Athanasius;</strong></span> 
     </span>
    </p>
   </div>
   <div class='ocr_carea' id='block_1_90' title="bbox 1931 4307 3507 4379">
    <p class='ocr_par' dir='ltr' id='par_1_90' title="bbox 1931 4307 3507 4379">
     <span class='ocr_line' id='line_1_90' title="bbox 1931 4307 3507 4379; baseline -0.004 -14"><span class='ocrx_word' id='word_1_694' title='bbox 1931 4310 2196 4379; x_wconf 83' lang='lat' dir='ltr'><strong>siquidem</strong></span> <span class='ocrx_word' id='word_1_695' title='bbox 2226 4309 2395 4362; x_wconf 82' lang='lat' dir='ltr'><strong>maris</strong></span> <span class='ocrx_word' id='word_1_696' title='bbox 2432 4319 2486 4362; x_wconf 88' lang='lat' dir='ltr'><strong>et</strong></span> <span class='ocrx_word' id='word_1_697' title='bbox 2517 4308 2730 4364; x_wconf 65' lang='lat' dir='ltr'><strong>femina!</strong></span> <span class='ocrx_word' id='word_1_698' title='bbox 2772 4308 3069 4361; x_wconf 80' lang='lat' dir='ltr'><strong>discrimen</strong></span> <span class='ocrx_word' id='word_1_699' title='bbox 3101 4307 3507 4376; x_wconf 76' lang='lat' dir='ltr'><strong>superialirica-</strong></span> 
     </span>
    </p>
   </div>
   <div class='ocr_carea' id='block_1_91' title="bbox 1931 4399 3511 4471">
    <p class='ocr_par' dir='ltr' id='par_1_91' title="bbox 1931 4399 3511 4471">
     <span class='ocr_line' id='line_1_91' title="bbox 1931 4399 3511 4471; baseline -0.004 -15"><span class='ocrx_word' id='word_1_700' title='bbox 1931 4411 2044 4456; x_wconf 91' lang='lat' dir='ltr'><strong>tum</strong></span> <span class='ocrx_word' id='word_1_701' title='bbox 2095 4410 2181 4456; x_wconf 89' lang='lat' dir='ltr'><strong>est</strong></span> <span class='ocrx_word' id='word_1_702' title='bbox 2226 4401 2502 4471; x_wconf 83' lang='lat' dir='ltr'><strong>posterius</strong></span> <span class='ocrx_word' id='word_1_703' title='bbox 2552 4415 2582 4453; x_wconf 91' lang='lat' dir='ltr'><strong>a</strong></span> <span class='ocrx_word' id='word_1_704' title='bbox 2645 4399 2774 4464; x_wconf 82' lang='lat' dir='ltr'><strong>Deo,</strong></span> <span class='ocrx_word' id='word_1_705' title='bbox 2816 4410 3038 4470; x_wconf 85' lang='lat' dir='ltr'><strong>propter</strong></span> <span class='ocrx_word' id='word_1_706' title='bbox 3091 4416 3210 4452; x_wconf 81' lang='lat' dir='ltr'><strong>eam</strong></span> <span class='ocrx_word' id='word_1_707' title='bbox 3265 4414 3511 4460; x_wconf 66' lang='lat' dir='ltr'><strong>causam,</strong></span> 
     </span>
    </p>
   </div>
   <div class='ocr_carea' id='block_1_92' title="bbox 1929 4492 3510 4564">
    <p class='ocr_par' dir='ltr' id='par_1_92' title="bbox 1929 4492 3510 4564">
     <span class='ocr_line' id='line_1_92' title="bbox 1929 4492 3510 4564; baseline -0.001 -17"><span class='ocrx_word' id='word_1_708' title='bbox 1929 4509 2094 4564; x_wconf 84' lang='lat' dir='ltr'><strong>quam</strong></span> <span class='ocrx_word' id='word_1_709' title='bbox 2134 4509 2297 4564; x_wconf 89' lang='lat' dir='ltr'><strong>supra</strong></span> <span class='ocrx_word' id='word_1_710' title='bbox 2344 4493 2653 4557; x_wconf 81' lang='lat' dir='ltr'><strong>retulimus,</strong></span> <span class='ocrx_word' id='word_1_711' title='bbox 2701 4493 2831 4562; x_wconf 85' lang='lat' dir='ltr'><strong>quid</strong></span> <span class='ocrx_word' id='word_1_712' title='bbox 2878 4502 3092 4561; x_wconf 83' lang='lat' dir='ltr'><strong>oportet</strong></span> <span class='ocrx_word' id='word_1_713' title='bbox 3135 4493 3314 4546; x_wconf 86' lang='lat' dir='ltr'><strong>adhuc</strong></span> <span class='ocrx_word' id='word_1_714' title='bbox 3365 4492 3510 4560; x_wconf 82' lang='lat' dir='ltr'><strong>loqui</strong></span> 
     </span>
    </p>
   </div>
   <div class='ocr_carea' id='block_1_93' title="bbox 1932 4567 3510 4655">
    <p class='ocr_par' dir='ltr' id='par_1_93' title="bbox 1932 4567 3510 4655">
     <span class='ocr_line' id='line_1_93' title="bbox 1932 4567 3510 4655; baseline -0.003 -17"><span class='ocrx_word' id='word_1_715' title='bbox 1932 4599 2100 4655; x_wconf 82' lang='lat' dir='ltr'><strong>super</strong></span> <span class='ocrx_word' id='word_1_716' title='bbox 2134 4584 2415 4654; x_wconf 83' lang='lat' dir='ltr'><strong>preposita</strong></span> <span class='ocrx_word' id='word_1_717' title='bbox 2457 4582 2799 4653; x_wconf 69' lang='lat' dir='ltr'><strong>quzrstioue?</strong></span> <span class='ocrx_word' id='word_1_718' title='bbox 2846 4582 2972 4638; x_wconf 66' lang='grc' dir='ltr'><strong>ΙΙεο</strong></span> <span class='ocrx_word' id='word_1_719' title='bbox 3000 4567 3252 4651; x_wconf 85' lang='lat' dir='ltr'><strong>optamus</strong></span> <span class='ocrx_word' id='word_1_720' title='bbox 3279 4583 3510 4636; x_wconf 86' lang='lat' dir='ltr'><strong>discere.</strong></span> 
     </span>
    </p>
   </div>
   <div class='ocr_carea' id='block_1_94' title="bbox 1936 4671 3511 4746">
    <p class='ocr_par' dir='ltr' id='par_1_94' title="bbox 1936 4671 3511 4746">
     <span class='ocr_line' id='line_1_94' title="bbox 1936 4671 3511 4746; baseline -0.004 -16"><span class='ocrx_word' id='word_1_721' title='bbox 1936 4674 1991 4730; x_wconf 91' lang='lat' dir='ltr'><strong>Si</strong></span> <span class='ocrx_word' id='word_1_722' title='bbox 2027 4687 2084 4730; x_wconf 92' lang='lat' dir='ltr'><strong>et</strong></span> <span class='ocrx_word' id='word_1_723' title='bbox 2117 4675 2288 4746; x_wconf 85' lang='lat' dir='ltr'><strong>magis</strong></span> <span class='ocrx_word' id='word_1_724' title='bbox 2332 4675 2706 4728; x_wconf 84' lang='lat' dir='ltr'><strong>Damascenus</strong></span> <span class='ocrx_word' id='word_1_725' title='bbox 2754 4671 2997 4727; x_wconf 82' lang='lat' dir='ltr'><strong>Joannes</strong></span> <span class='ocrx_word' id='word_1_726' title='bbox 3025 4673 3188 4728; x_wconf 85' lang='lat' dir='ltr'><strong>dictis</strong></span> <span class='ocrx_word' id='word_1_727' title='bbox 3232 4671 3511 4727; x_wconf 85' lang='lat' dir='ltr'><strong>adversari</strong></span> 
     </span>
    </p>
   </div>
   <div class='ocr_carea' id='block_1_95' title="bbox 207 4747 1810 4842">
    <p class='ocr_par' dir='ltr' id='par_1_95' title="bbox 207 4765 1810 4842">
     <span class='ocr_line' id='line_1_95' title="bbox 207 4765 1810 4842; baseline 0.002 -20"><span class='ocrx_word' id='word_1_728' title='bbox 207 4769 368 4822; x_wconf 78' lang='grc' dir='ltr'>σοαι</span> <span class='ocrx_word' id='word_1_729' title='bbox 408 4767 518 4827; x_wconf 80' lang='grc' dir='ltr'>τοῖς</span> <span class='ocrx_word' id='word_1_730' title='bbox 556 4765 874 4834; x_wconf 71' lang='grc' dir='ltr'>εἰρημένοις</span> <span class='ocrx_word' id='word_1_731' title='bbox 930 4765 1099 4820; x_wconf 74' lang='grc' dir='ltr'>δοκεῖ.</span> <span class='ocrx_word' id='word_1_732' title='bbox 1147 4767 1234 4819; x_wconf 82' lang='grc' dir='ltr'>Ἑν</span> <span class='ocrx_word' id='word_1_733' title='bbox 1274 4768 1381 4837; x_wconf 72' lang='grc' dir='ltr'><strong>γὰρ</strong></span> <span class='ocrx_word' id='word_1_734' title='bbox 1419 4769 1498 4839; x_wconf 75' lang='grc' dir='ltr'><strong>τῷ</strong></span> <span class='ocrx_word' id='word_1_735' title='bbox 1549 4786 1810 4842; x_wconf 74' lang='grc' dir='ltr'>τεσσαραι</span> 
     </span>
    </p>
   </div>
   <div class='ocr_carea' id='block_1_96' title="bbox 1917 4747 3515 4842">
    <p class='ocr_par' dir='ltr' id='par_1_96' title="bbox 1929 4765 3515 4837">
     <span class='ocr_line' id='line_1_96' title="bbox 1929 4765 3515 4837; baseline -0.003 -15"><span class='ocrx_word' id='word_1_736' title='bbox 1929 4767 2171 4822; x_wconf 75' lang='lat' dir='ltr'><strong>videtur.</strong></span> <span class='ocrx_word' id='word_1_737' title='bbox 2205 4766 2261 4820; x_wconf 84' lang='lat' dir='ltr'><strong>In</strong></span> <span class='ocrx_word' id='word_1_738' title='bbox 2309 4765 2728 4837; x_wconf 85' lang='lat' dir='ltr'><strong>quadragesimo</strong></span> <span class='ocrx_word' id='word_1_739' title='bbox 2763 4775 2957 4836; x_wconf 86' lang='lat' dir='ltr'><strong>quarto</strong></span> <span class='ocrx_word' id='word_1_740' title='bbox 3001 4765 3148 4819; x_wconf 90' lang='lat' dir='ltr'><strong>enim</strong></span> <span class='ocrx_word' id='word_1_741' title='bbox 3195 4766 3314 4835; x_wconf 79' lang='lat' dir='ltr'><strong>ejus</strong></span> <span class='ocrx_word' id='word_1_742' title='bbox 3367 4766 3515 4834; x_wconf 79' lang='lat' dir='ltr'><strong>capi-</strong></span> 
     </span>
    </p>
   </div>
   <div class='ocr_carea' id='block_1_97' title="bbox 203 4858 1810 4932">
    <p class='ocr_par' dir='ltr' id='par_1_97' title="bbox 203 4858 1810 4932">
     <span class='ocr_line' id='line_1_97' title="bbox 203 4858 1810 4932; baseline 0.004 -20"><span class='ocrx_word' id='word_1_743' title='bbox 203 4859 426 4928; x_wconf 75' lang='grc' dir='ltr'>κοστῷ</span> <span class='ocrx_word' id='word_1_744' title='bbox 453 4859 702 4929; x_wconf 83' lang='grc' dir='ltr'>τετάρτῳ</span> <span class='ocrx_word' id='word_1_745' title='bbox 745 4858 856 4910; x_wconf 82' lang='grc' dir='ltr'>τῶν</span> <span class='ocrx_word' id='word_1_746' title='bbox 898 4861 1261 4928; x_wconf 87' lang='grc' dir='ltr'>Δογματικῶν</span> <span class='ocrx_word' id='word_1_747' title='bbox 1313 4862 1482 4916; x_wconf 82' lang='grc' dir='ltr'>αὐτοῦ</span> <span class='ocrx_word' id='word_1_748' title='bbox 1512 4858 1810 4932; x_wconf 74' lang='grc' dir='ltr'>κεφαλαίωι</span> 
     </span>
    </p>
   </div>
   <div class='ocr_carea' id='block_1_98' title="bbox 1917 4858 3512 4932">
    <p class='ocr_par' dir='ltr' id='par_1_98' title="bbox 1933 4859 3512 4932">
     <span class='ocr_line' id='line_1_98' title="bbox 1933 4859 3512 4932; baseline -0.006 -15"><span class='ocrx_word' id='word_1_749' title='bbox 1933 4872 2048 4917; x_wconf 80' lang='lat' dir='ltr'><strong>tum</strong></span> <span class='ocrx_word' id='word_1_750' title='bbox 2075 4861 2505 4932; x_wconf 82' lang='lat' dir='ltr'><strong>dogmaticorum</strong></span> <span class='ocrx_word' id='word_1_751' title='bbox 2544 4869 2598 4914; x_wconf 85' lang='lat' dir='ltr'><strong>et</strong></span> <span class='ocrx_word' id='word_1_752' title='bbox 2631 4861 2744 4913; x_wconf 72' lang='lat' dir='ltr'><strong>lucc</strong></span> <span class='ocrx_word' id='word_1_753' title='bbox 2773 4861 2841 4913; x_wconf 89' lang='lat' dir='ltr'><strong>de</strong></span> <span class='ocrx_word' id='word_1_754' title='bbox 2867 4861 3046 4927; x_wconf 89' lang='lat' dir='ltr'><strong>primo</strong></span> <span class='ocrx_word' id='word_1_755' title='bbox 3078 4859 3300 4912; x_wconf 88' lang='lat' dir='ltr'><strong>homine</strong></span> <span class='ocrx_word' id='word_1_756' title='bbox 3329 4859 3512 4912; x_wconf 69' lang='lat' dir='ltr'><strong>dicere</strong></span> 
     </span>
    </p>
   </div>
   <div class='ocr_carea' id='block_1_99' title="bbox 202 4940 1810 5025">
    <p class='ocr_par' dir='ltr' id='par_1_99' title="bbox 202 4949 1810 5025">
     <span class='ocr_line' id='line_1_99' title="bbox 202 4949 1810 5025; baseline 0.002 -21"><span class='ocrx_word' id='word_1_757' title='bbox 202 4953 330 5008; x_wconf 79' lang='grc' dir='ltr'><strong>καί</strong></span> <span class='ocrx_word' id='word_1_758' title='bbox 364 4951 494 5003; x_wconf 83' lang='grc' dir='ltr'>τάδε</span> <span class='ocrx_word' id='word_1_759' title='bbox 525 4952 649 5021; x_wconf 67' lang='grc' dir='ltr'>περὶ</span> <span class='ocrx_word' id='word_1_760' title='bbox 678 4951 774 5003; x_wconf 85' lang='grc' dir='ltr'><strong>τοῦ</strong></span> <span class='ocrx_word' id='word_1_761' title='bbox 805 4949 1030 5020; x_wconf 79' lang='grc' dir='ltr'>πρώτου</span> <span class='ocrx_word' id='word_1_762' title='bbox 1058 4951 1347 5020; x_wconf 86' lang='grc' dir='ltr'>ἀνθρώπου</span> <span class='ocrx_word' id='word_1_763' title='bbox 1368 4953 1545 5023; x_wconf 77' lang='grc' dir='ltr'>λέγων</span> <span class='ocrx_word' id='word_1_764' title='bbox 1570 4954 1810 5025; x_wconf 71' lang='grc' dir='ltr'>εὓρηταιε</span> 
     </span>
    </p>
   </div>
   <div class='ocr_carea' id='block_1_100' title="bbox 1917 4940 3512 5025">
    <p class='ocr_par' dir='ltr' id='par_1_100' title="bbox 1933 4940 3512 5024">
     <span class='ocr_line' id='line_1_100' title="bbox 1933 4940 3512 5024; baseline -0.004 -15"><span class='ocrx_word' id='word_1_765' title='bbox 1933 4953 2405 5024; x_wconf 84' lang='lat' dir='ltr'><strong>deprehenditur:</strong></span> <span class='ocrx_word' id='word_1_766' title='bbox 2446 4971 2463 5002; x_wconf 77' lang='grc' dir='ltr'><strong>ι</strong></span> <span class='ocrx_word' id='word_1_767' title='bbox 2506 4940 2662 5006; x_wconf 84' lang='lat' dir='ltr'><strong>llmtc</strong></span> <span class='ocrx_word' id='word_1_768' title='bbox 2691 4952 2914 5020; x_wconf 86' lang='lat' dir='ltr'><strong>quidem</strong></span> <span class='ocrx_word' id='word_1_769' title='bbox 2965 4952 3243 5005; x_wconf 88' lang='lat' dir='ltr'><strong>hominem</strong></span> <span class='ocrx_word' id='word_1_770' title='bbox 3295 4967 3512 5005; x_wconf 79' lang='lat' dir='ltr'><strong>mascu-</strong></span> 
     </span>
    </p>
   </div>
   <div class='ocr_carea' id='block_1_101' title="bbox 210 5042 1810 5119">
    <p class='ocr_par' dir='ltr' id='par_1_101' title="bbox 210 5042 1810 5119">
     <span class='ocr_line' id='line_1_101' title="bbox 210 5042 1810 5119; baseline 0.001 -20"><span class='ocrx_word' id='word_1_771' title='bbox 210 5065 235 5099; x_wconf 71' lang='grc' dir='ltr'><strong>ε</strong></span> <span class='ocrx_word' id='word_1_772' title='bbox 279 5043 509 5096; x_wconf 85' lang='grc' dir='ltr'>Τοῦτον</span> <span class='ocrx_word' id='word_1_773' title='bbox 534 5043 718 5110; x_wconf 82' lang='grc' dir='ltr'>μέντοι</span> <span class='ocrx_word' id='word_1_774' title='bbox 745 5042 840 5095; x_wconf 75' lang='grc' dir='ltr'><strong>τὸν</strong></span> <span class='ocrx_word' id='word_1_775' title='bbox 873 5043 1163 5111; x_wconf 81' lang='grc' dir='ltr'>ἄνθρωπον</span> <span class='ocrx_word' id='word_1_776' title='bbox 1181 5044 1810 5119; x_wconf 22' lang='grc' dir='ltr'>ἄρῤεναακατεσκεύασει</span> 
     </span>
    </p>
   </div>
   <div class='ocr_carea' id='block_1_102' title="bbox 1917 5042 3516 5119">
    <p class='ocr_par' dir='ltr' id='par_1_102' title="bbox 1932 5044 3516 5113">
     <span class='ocr_line' id='line_1_102' title="bbox 1932 5044 3516 5113; baseline -0.005 -11"><span class='ocrx_word' id='word_1_777' title='bbox 1932 5048 2043 5102; x_wconf 92' lang='lat' dir='ltr'><strong>lum</strong></span> <span class='ocrx_word' id='word_1_778' title='bbox 2077 5046 2383 5102; x_wconf 83' lang='lat' dir='ltr'><strong>construxit</strong></span> <span class='ocrx_word' id='word_1_779' title='bbox 2411 5045 2576 5110; x_wconf 79' lang='lat' dir='ltr'><strong>Deus,</strong></span> <span class='ocrx_word' id='word_1_780' title='bbox 2615 5060 2739 5098; x_wconf 85' lang='lat' dir='ltr'><strong>eum</strong></span> <span class='ocrx_word' id='word_1_781' title='bbox 2787 5059 2898 5099; x_wconf 75' lang='lat' dir='ltr'><strong>sum</strong></span> <span class='ocrx_word' id='word_1_782' title='bbox 2931 5045 3131 5097; x_wconf 71' lang='lat' dir='ltr'><strong>divinae</strong></span> <span class='ocrx_word' id='word_1_783' title='bbox 3171 5044 3356 5113; x_wconf 74' lang='lat' dir='ltr'><strong>gratiae</strong></span> <span class='ocrx_word' id='word_1_784' title='bbox 3393 5059 3516 5111; x_wconf 86' lang='lat' dir='ltr'><strong>par-</strong></span> 
     </span>
    </p>
   </div>
   <div class='ocr_carea' id='block_1_103' title="bbox 200 5133 1810 5211">
    <p class='ocr_par' dir='ltr' id='par_1_103' title="bbox 200 5133 1810 5211">
     <span class='ocr_line' id='line_1_103' title="bbox 200 5133 1810 5211; baseline 0.001 -22"><span class='ocrx_word' id='word_1_785' title='bbox 200 5138 238 5189; x_wconf 88' lang='lat'><strong>6</strong></span> <span class='ocrx_word' id='word_1_786' title='bbox 278 5134 438 5197; x_wconf 68' lang='grc' dir='ltr'>Θεὶς</span> <span class='ocrx_word' id='word_1_787' title='bbox 467 5133 730 5202; x_wconf 80' lang='grc' dir='ltr'>μεταδοὺς</span> <span class='ocrx_word' id='word_1_788' title='bbox 763 5134 912 5201; x_wconf 85' lang='grc' dir='ltr'>αὐτῴ</span> <span class='ocrx_word' id='word_1_789' title='bbox 939 5136 1041 5206; x_wconf 82' lang='grc' dir='ltr'>τῆς</span> <span class='ocrx_word' id='word_1_790' title='bbox 1071 5136 1265 5190; x_wconf 86' lang='grc' dir='ltr'>ἐαυτοῦ</span> <span class='ocrx_word' id='word_1_791' title='bbox 1297 5139 1447 5201; x_wconf 85' lang='grc' dir='ltr'>θείας</span> <span class='ocrx_word' id='word_1_792' title='bbox 1475 5141 1718 5211; x_wconf 74' lang='grc' dir='ltr'>χάριτος,</span> <span class='ocrx_word' id='word_1_793' title='bbox 1744 5141 1810 5194; x_wconf 71' lang='grc' dir='ltr'>ἔτι</span> 
     </span>
    </p>
   </div>
   <div class='ocr_carea' id='block_1_104' title="bbox 1917 5133 3510 5211">
    <p class='ocr_par' dir='ltr' id='par_1_104' title="bbox 1935 5135 3510 5210">
     <span class='ocr_line' id='line_1_104' title="bbox 1935 5135 3510 5210; baseline -0.006 -15"><span class='ocrx_word' id='word_1_794' title='bbox 1935 5140 2154 5210; x_wconf 88' lang='lat' dir='ltr'><strong>ticipem</strong></span> <span class='ocrx_word' id='word_1_795' title='bbox 2179 5139 2422 5203; x_wconf 76' lang='lat' dir='ltr'><strong>facit-ns;</strong></span> <span class='ocrx_word' id='word_1_796' title='bbox 2448 5139 2626 5192; x_wconf 85' lang='lat' dir='ltr'><strong>adhuc</strong></span> <span class='ocrx_word' id='word_1_797' title='bbox 2646 5151 2774 5190; x_wconf 82' lang='lat' dir='ltr'><strong>vero</strong></span> <span class='ocrx_word' id='word_1_798' title='bbox 2803 5147 2858 5191; x_wconf 90' lang='lat' dir='ltr'><strong>et</strong></span> <span class='ocrx_word' id='word_1_799' title='bbox 2889 5137 3230 5191; x_wconf 86' lang='lat' dir='ltr'><strong>terrestrium</strong></span> <span class='ocrx_word' id='word_1_800' title='bbox 3266 5135 3510 5189; x_wconf 80' lang='lat' dir='ltr'><strong>ninnium</strong></span> 
     </span>
    </p>
   </div>
   <div class='ocr_carea' id='block_1_105' title="bbox 197 5229 1810 5306">
    <p class='ocr_par' dir='ltr' id='par_1_105' title="bbox 197 5229 1810 5300">
     <span class='ocr_line' id='line_1_105' title="bbox 197 5229 1810 5300; baseline 0.002 -18"><span class='ocrx_word' id='word_1_801' title='bbox 197 5234 273 5286; x_wconf 76' lang='grc' dir='ltr'>δὲ</span> <span class='ocrx_word' id='word_1_802' title='bbox 300 5230 418 5282; x_wconf 75' lang='grc' dir='ltr'>καὶ</span> <span class='ocrx_word' id='word_1_803' title='bbox 443 5229 541 5299; x_wconf 83' lang='grc' dir='ltr'>τῆς</span> <span class='ocrx_word' id='word_1_804' title='bbox 563 5229 671 5282; x_wconf 86' lang='grc' dir='ltr'><strong>τῶν</strong></span> <span class='ocrx_word' id='word_1_805' title='bbox 705 5229 970 5298; x_wconf 75' lang='grc' dir='ltr'>ἐπιγείων</span> <span class='ocrx_word' id='word_1_806' title='bbox 1000 5229 1218 5283; x_wconf 86' lang='grc' dir='ltr'>πάντων</span> <span class='ocrx_word' id='word_1_807' title='bbox 1252 5230 1448 5300; x_wconf 82' lang='grc' dir='ltr'>ἀρχῆς.</span> <span class='ocrx_word' id='word_1_808' title='bbox 1478 5251 1496 5284; x_wconf 79' lang='grc' dir='ltr'><strong>ι</strong></span> <span class='ocrx_word' id='word_1_809' title='bbox 1543 5231 1810 5285; x_wconf 67' lang='grc' dir='ltr'>Ἐντεῦθει</span> 
     </span>
    </p>
   </div>
   <div class='ocr_carea' id='block_1_106' title="bbox 1917 5229 3510 5306">
    <p class='ocr_par' dir='ltr' id='par_1_106' title="bbox 1935 5229 3510 5306">
     <span class='ocr_line' id='line_1_106' title="bbox 1935 5229 3510 5306; baseline -0.003 -19"><span class='ocrx_word' id='word_1_810' title='bbox 1935 5234 2296 5306; x_wconf 85' lang='lat' dir='ltr'><strong>principatus.</strong></span> <span class='ocrx_word' id='word_1_811' title='bbox 2327 5253 2343 5285; x_wconf 71' lang='grc' dir='ltr'><strong>ι</strong></span> <span class='ocrx_word' id='word_1_812' title='bbox 2368 5231 2496 5286; x_wconf 88' lang='lat' dir='ltr'><strong>Inde</strong></span> <span class='ocrx_word' id='word_1_813' title='bbox 2525 5232 2687 5302; x_wconf 80' lang='lat' dir='ltr'><strong>igitur</strong></span> <span class='ocrx_word' id='word_1_814' title='bbox 2706 5229 2981 5285; x_wconf 85' lang='lat' dir='ltr'><strong>adversari</strong></span> <span class='ocrx_word' id='word_1_815' title='bbox 3009 5230 3246 5284; x_wconf 89' lang='lat' dir='ltr'><strong>videtur.</strong></span> <span class='ocrx_word' id='word_1_816' title='bbox 3271 5230 3510 5284; x_wconf 82' lang='lat' dir='ltr'><strong>Primum</strong></span> 
     </span>
    </p>
   </div>
   <div class='ocr_carea' id='block_1_107' title="bbox 198 5321 1810 5394">
    <p class='ocr_par' dir='ltr' id='par_1_107' title="bbox 198 5321 1810 5394">
     <span class='ocr_line' id='line_1_107' title="bbox 198 5321 1810 5394; baseline 0 -19"><span class='ocrx_word' id='word_1_817' title='bbox 198 5325 326 5378; x_wconf 74' lang='grc' dir='ltr'>οὖν</span> <span class='ocrx_word' id='word_1_818' title='bbox 391 5321 772 5380; x_wconf 75' lang='grc' dir='ltr'>ἐναντιοῦσθαι</span> <span class='ocrx_word' id='word_1_819' title='bbox 808 5321 994 5374; x_wconf 67' lang='grc' dir='ltr'>δοκεῖ*</span> <span class='ocrx_word' id='word_1_820' title='bbox 1032 5324 1125 5374; x_wconf 71' lang='grc' dir='ltr'>τὴν</span> <span class='ocrx_word' id='word_1_821' title='bbox 1186 5323 1291 5393; x_wconf 78' lang='grc' dir='ltr'><strong>γάρ</strong></span> <span class='ocrx_word' id='word_1_822' title='bbox 1339 5324 1558 5394; x_wconf 83' lang='grc' dir='ltr'>πρῶτον</span> <span class='ocrx_word' id='word_1_823' title='bbox 1611 5325 1810 5378; x_wconf 66' lang='grc' dir='ltr'>ἐκεῖνοι</span> 
     </span>
    </p>
   </div>
   <div class='ocr_carea' id='block_1_108' title="bbox 1917 5321 3512 5394">
    <p class='ocr_par' dir='ltr' id='par_1_108' title="bbox 1933 5324 3512 5383">
     <span class='ocr_line' id='line_1_108' title="bbox 1933 5324 3512 5383; baseline -0.006 0"><span class='ocrx_word' id='word_1_824' title='bbox 1933 5329 2081 5383; x_wconf 82' lang='lat' dir='ltr'><strong>enim</strong></span> <span class='ocrx_word' id='word_1_825' title='bbox 2131 5327 2278 5382; x_wconf 90' lang='lat' dir='ltr'><strong>illum</strong></span> <span class='ocrx_word' id='word_1_826' title='bbox 2333 5327 2610 5381; x_wconf 84' lang='lat' dir='ltr'><strong>hominem</strong></span> <span class='ocrx_word' id='word_1_827' title='bbox 2669 5324 2978 5379; x_wconf 84' lang='lat' dir='ltr'><strong>masculum</strong></span> <span class='ocrx_word' id='word_1_828' title='bbox 3030 5338 3060 5378; x_wconf 87' lang='lat' dir='ltr'><strong>a</strong></span> <span class='ocrx_word' id='word_1_829' title='bbox 3112 5324 3222 5376; x_wconf 80' lang='lat' dir='ltr'><strong>Deo</strong></span> <span class='ocrx_word' id='word_1_830' title='bbox 3268 5333 3512 5377; x_wconf 81' lang='lat' dir='ltr'><strong>creatum</strong></span> 
     </span>
    </p>
   </div>
   <div class='ocr_carea' id='block_1_109' title="bbox 196 5412 1810 5489">
    <p class='ocr_par' dir='ltr' id='par_1_109' title="bbox 196 5412 1810 5485">
     <span class='ocr_line' id='line_1_109' title="bbox 196 5412 1810 5485; baseline 0.002 -18"><span class='ocrx_word' id='word_1_831' title='bbox 196 5416 536 5480; x_wconf 81' lang='grc' dir='ltr'>ἄνθρωπον</span> <span class='ocrx_word' id='word_1_832' title='bbox 588 5413 794 5484; x_wconf 76' lang='grc' dir='ltr'>ἆῤῥενα</span> <span class='ocrx_word' id='word_1_833' title='bbox 827 5412 980 5485; x_wconf 75' lang='grc' dir='ltr'>παρὰ</span> <span class='ocrx_word' id='word_1_834' title='bbox 1021 5413 1157 5468; x_wconf 81' lang='grc' dir='ltr'>Θεοῦ</span> <span class='ocrx_word' id='word_1_835' title='bbox 1195 5416 1713 5484; x_wconf 59' lang='grc' dir='ltr'>κατασκευασθῆναι</span> <span class='ocrx_word' id='word_1_836' title='bbox 1747 5419 1810 5471; x_wconf 85' lang='grc' dir='ltr'><strong>εἱ-</strong></span> 
     </span>
    </p>
   </div>
   <div class='ocr_carea' id='block_1_110' title="bbox 1917 5412 3516 5489">
    <p class='ocr_par' dir='ltr' id='par_1_110' title="bbox 1935 5414 3516 5489">
     <span class='ocr_line' id='line_1_110' title="bbox 1935 5414 3516 5489; baseline -0.004 -14"><span class='ocrx_word' id='word_1_837' title='bbox 1935 5421 2104 5476; x_wconf 61' lang='grc' dir='ltr'>ίιιὶδεο</span> <span class='ocrx_word' id='word_1_838' title='bbox 2127 5420 2334 5482; x_wconf 87' lang='lat' dir='ltr'><strong>dicens,</strong></span> <span class='ocrx_word' id='word_1_839' title='bbox 2363 5435 2470 5474; x_wconf 89' lang='lat' dir='ltr'><strong>non</strong></span> <span class='ocrx_word' id='word_1_840' title='bbox 2497 5418 2901 5489; x_wconf 81' lang='lat' dir='ltr'><strong>despiciendam</strong></span> <span class='ocrx_word' id='word_1_841' title='bbox 2925 5414 3334 5486; x_wconf 73' lang='lat' dir='ltr'><strong>ambiguitatem</strong></span> <span class='ocrx_word' id='word_1_842' title='bbox 3361 5415 3516 5469; x_wconf 87' lang='lat' dir='ltr'><strong>nobis</strong></span> 
     </span>
    </p>
   </div>
   <div class='ocr_carea' id='block_1_111' title="bbox 201 5505 1810 5580">
    <p class='ocr_par' dir='ltr' id='par_1_111' title="bbox 201 5505 1803 5580">
     <span class='ocr_line' id='line_1_111' title="bbox 201 5505 1803 5580; baseline 0.001 -19"><span class='ocrx_word' id='word_1_843' title='bbox 201 5506 392 5569; x_wconf 74' lang='grc' dir='ltr'>ττὼν,</span> <span class='ocrx_word' id='word_1_844' title='bbox 420 5505 657 5576; x_wconf 82' lang='grc' dir='ltr'>ἀπορίαν</span> <span class='ocrx_word' id='word_1_845' title='bbox 685 5509 745 5559; x_wconf 79' lang='grc' dir='ltr'>οὐ</span> <span class='ocrx_word' id='word_1_846' title='bbox 772 5507 872 5576; x_wconf 79' lang='grc' dir='ltr'>τὴν</span> <span class='ocrx_word' id='word_1_847' title='bbox 900 5506 1172 5577; x_wconf 79' lang='grc' dir='ltr'>τυχοῦσαν</span> <span class='ocrx_word' id='word_1_848' title='bbox 1195 5508 1391 5576; x_wconf 80' lang='grc' dir='ltr'>ἐνῆκεν</span> <span class='ocrx_word' id='word_1_849' title='bbox 1426 5511 1578 5577; x_wconf 78' lang='grc' dir='ltr'>ἡμῖν.</span> <span class='ocrx_word' id='word_1_850' title='bbox 1610 5509 1670 5562; x_wconf 78' lang='lat' dir='ltr'><strong>El</strong></span> <span class='ocrx_word' id='word_1_851' title='bbox 1697 5510 1803 5580; x_wconf 82' lang='grc' dir='ltr'>γὰρ</span> 
     </span>
    </p>
   </div>
   <div class='ocr_carea' id='block_1_112' title="bbox 1917 5505 3514 5580">
    <p class='ocr_par' dir='ltr' id='par_1_112' title="bbox 1936 5506 3514 5580">
     <span class='ocr_line' id='line_1_112' title="bbox 1936 5506 3514 5580; baseline -0.005 -14"><span class='ocrx_word' id='word_1_852' title='bbox 1936 5514 2140 5567; x_wconf 90' lang='lat' dir='ltr'><strong>iutttlit.</strong></span> <span class='ocrx_word' id='word_1_853' title='bbox 2161 5512 2218 5566; x_wconf 89' lang='lat' dir='ltr'><strong>Si</strong></span> <span class='ocrx_word' id='word_1_854' title='bbox 2251 5510 2424 5578; x_wconf 87' lang='lat' dir='ltr'><strong>enim,</strong></span> <span class='ocrx_word' id='word_1_855' title='bbox 2451 5522 2510 5565; x_wconf 90' lang='lat' dir='ltr'><strong>ttt</strong></span> <span class='ocrx_word' id='word_1_856' title='bbox 2541 5526 2768 5580; x_wconf 87' lang='lat' dir='ltr'><strong>magnus</strong></span> <span class='ocrx_word' id='word_1_857' title='bbox 2798 5509 3132 5564; x_wconf 82' lang='lat' dir='ltr'><strong>Athanasius</strong></span> <span class='ocrx_word' id='word_1_858' title='bbox 3152 5507 3246 5573; x_wconf 86' lang='lat' dir='ltr'><strong>ait,</strong></span> <span class='ocrx_word' id='word_1_859' title='bbox 3269 5506 3322 5560; x_wconf 90' lang='lat' dir='ltr'><strong>in</strong></span> <span class='ocrx_word' id='word_1_860' title='bbox 3359 5521 3514 5574; x_wconf 60' lang='lat' dir='ltr'><strong>rcge-</strong></span> 
     </span>
    </p>
   </div>
   <div class='ocr_carea' id='block_1_113' title="bbox 195 5599 1810 5676">
    <p class='ocr_par' dir='ltr' id='par_1_113' title="bbox 195 5599 1810 5674">
     <span class='ocr_line' id='line_1_113' title="bbox 195 5599 1810 5674; baseline -0.001 -17"><span class='ocrx_word' id='word_1_861' title='bbox 195 5607 298 5665; x_wconf 81' lang='grc' dir='ltr'><strong>ὡς</strong></span> <span class='ocrx_word' id='word_1_862' title='bbox 338 5602 379 5653; x_wconf 88' lang='grc' dir='ltr'>ὁ</span> <span class='ocrx_word' id='word_1_863' title='bbox 416 5599 588 5670; x_wconf 78' lang='grc' dir='ltr'>μέγας</span> <span class='ocrx_word' id='word_1_864' title='bbox 643 5601 809 5670; x_wconf 65' lang='grc' dir='ltr'>φησιν</span> <span class='ocrx_word' id='word_1_865' title='bbox 843 5601 1190 5668; x_wconf 77' lang='grc' dir='ltr'>Ἀθανάσιος,</span> <span class='ocrx_word' id='word_1_866' title='bbox 1225 5604 1283 5654; x_wconf 87' lang='grc' dir='ltr'>ὲν</span> <span class='ocrx_word' id='word_1_867' title='bbox 1327 5605 1392 5674; x_wconf 84' lang='grc' dir='ltr'><strong>τῇ</strong></span> <span class='ocrx_word' id='word_1_868' title='bbox 1432 5604 1810 5673; x_wconf 80' lang='grc' dir='ltr'>παλιγγενεσίς</span> 
     </span>
    </p>
   </div>
   <div class='ocr_carea' id='block_1_114' title="bbox 1917 5599 3514 5676">
    <p class='ocr_par' dir='ltr' id='par_1_114' title="bbox 1934 5600 3514 5676">
     <span class='ocr_line' id='line_1_114' title="bbox 1934 5600 3514 5676; baseline -0.005 -16"><span class='ocrx_word' id='word_1_869' title='bbox 1934 5606 2226 5660; x_wconf 80' lang='lat' dir='ltr'><strong>iteratione</strong></span> <span class='ocrx_word' id='word_1_870' title='bbox 2263 5621 2454 5659; x_wconf 65' lang='lat' dir='ltr'><strong>omnes</strong></span> <span class='ocrx_word' id='word_1_871' title='bbox 2481 5620 2618 5658; x_wconf 82' lang='lat' dir='ltr'><strong>unus</strong></span> <span class='ocrx_word' id='word_1_872' title='bbox 2645 5619 3019 5676; x_wconf 88' lang='lat' dir='ltr'><strong>resurgemus,</strong></span> <span class='ocrx_word' id='word_1_873' title='bbox 3053 5603 3158 5656; x_wconf 89' lang='lat' dir='ltr'><strong>hoc</strong></span> <span class='ocrx_word' id='word_1_874' title='bbox 3181 5611 3285 5665; x_wconf 88' lang='lat' dir='ltr'><strong>cst,</strong></span> <span class='ocrx_word' id='word_1_875' title='bbox 3305 5600 3514 5654; x_wconf 80' lang='lat' dir='ltr'><strong>similes</strong></span> 
     </span>
    </p>
   </div>
   <div class='ocr_carea' id='block_1_115' title="bbox 197 5687 1810 5768">
    <p class='ocr_par' dir='ltr' id='par_1_115' title="bbox 197 5687 1810 5766">
     <span class='ocr_line' id='line_1_115' title="bbox 197 5687 1810 5766; baseline 0.002 -20"><span class='ocrx_word' id='word_1_876' title='bbox 197 5695 457 5755; x_wconf 68' lang='grc' dir='ltr'>πάντες</span> <span class='ocrx_word' id='word_1_877' title='bbox 509 5687 588 5754; x_wconf 78' lang='grc' dir='ltr'>ε’ἷς</span> <span class='ocrx_word' id='word_1_878' title='bbox 641 5693 1088 5763; x_wconf 57' lang='grc' dir='ltr'>ἀναστησόμεοα,</span> <span class='ocrx_word' id='word_1_879' title='bbox 1143 5693 1290 5748; x_wconf 78' lang='grc' dir='ltr'>τοῦτ’</span> <span class='ocrx_word' id='word_1_880' title='bbox 1339 5694 1488 5747; x_wconf 81' lang='grc' dir='ltr'>ἔστιν</span> <span class='ocrx_word' id='word_1_881' title='bbox 1527 5698 1706 5766; x_wconf 81' lang='grc' dir='ltr'>ὁμοῖοι</span> <span class='ocrx_word' id='word_1_882' title='bbox 1752 5697 1810 5764; x_wconf 59' lang='lat' dir='ltr'><strong>tu;</strong></span> 
     </span>
    </p>
   </div>
   <div class='ocr_carea' id='block_1_116' title="bbox 1917 5687 3515 5768">
    <p class='ocr_par' dir='ltr' id='par_1_116' title="bbox 1934 5690 3515 5768">
     <span class='ocr_line' id='line_1_116' title="bbox 1934 5690 3515 5768; baseline -0.003 -18"><span class='ocrx_word' id='word_1_883' title='bbox 1934 5697 2112 5768; x_wconf 87' lang='lat' dir='ltr'><strong>primo</strong></span> <span class='ocrx_word' id='word_1_884' title='bbox 2144 5696 2350 5751; x_wconf 89' lang='lat' dir='ltr'><strong>homini</strong></span> <span class='ocrx_word' id='word_1_885' title='bbox 2373 5698 2524 5768; x_wconf 75' lang='lat' dir='ltr'><strong>juxta</strong></span> <span class='ocrx_word' id='word_1_886' title='bbox 2547 5698 2768 5767; x_wconf 85' lang='lat' dir='ltr'><strong>ﬁguram</strong></span> <span class='ocrx_word' id='word_1_887' title='bbox 2815 5706 2871 5751; x_wconf 92' lang='lat' dir='ltr'><strong>et</strong></span> <span class='ocrx_word' id='word_1_888' title='bbox 2905 5695 3179 5750; x_wconf 87' lang='lat' dir='ltr'><strong>ﬁctionem</strong></span> <span class='ocrx_word' id='word_1_889' title='bbox 3201 5710 3215 5759; x_wconf 91' lang='lat'><strong>;</strong></span> <span class='ocrx_word' id='word_1_890' title='bbox 3238 5690 3515 5746; x_wconf 74' lang='lat' dir='ltr'><strong>masculus</strong></span> 
     </span>
    </p>
   </div>
   <div class='ocr_carea' id='block_1_117' title="bbox 200 5787 1810 5864">
    <p class='ocr_par' dir='ltr' id='par_1_117' title="bbox 200 5787 1810 5864">
     <span class='ocr_line' id='line_1_117' title="bbox 200 5787 1810 5864; baseline 0.002 -23"><span class='ocrx_word' id='word_1_891' title='bbox 200 5787 456 5864; x_wconf 69' lang='grc' dir='ltr'>πρώτῳ</span> <span class='ocrx_word' id='word_1_892' title='bbox 502 5787 775 5858; x_wconf 74' lang='grc' dir='ltr'>ἀνθρώπῳ</span> <span class='ocrx_word' id='word_1_893' title='bbox 817 5790 956 5844; x_wconf 73' lang='grc' dir='ltr'>κατὰ</span> <span class='ocrx_word' id='word_1_894' title='bbox 1007 5789 1194 5861; x_wconf 70' lang='grc' dir='ltr'>σχῆμα</span> <span class='ocrx_word' id='word_1_895' title='bbox 1240 5792 1329 5844; x_wconf 69' lang='grc' dir='ltr'><strong>καὶ</strong></span> <span class='ocrx_word' id='word_1_896' title='bbox 1382 5789 1615 5845; x_wconf 71' lang='grc' dir='ltr'><strong>’πλάσιν⁸</strong></span> <span class='ocrx_word' id='word_1_897' title='bbox 1652 5790 1810 5862; x_wconf 64' lang='grc' dir='ltr'><strong>ἇρτεηε</strong></span> 
     </span>
    </p>
   </div>
   <div class='ocr_carea' id='block_1_118' title="bbox 1917 5787 3512 5864">
    <p class='ocr_par' dir='ltr' id='par_1_118' title="bbox 1935 5787 3512 5864">
     <span class='ocr_line' id='line_1_118' title="bbox 1935 5787 3512 5864; baseline -0.007 -16"><span class='ocrx_word' id='word_1_898' title='bbox 1935 5809 2114 5849; x_wconf 85' lang='lat' dir='ltr'><strong>veroa</strong></span> <span class='ocrx_word' id='word_1_899' title='bbox 2147 5793 2256 5850; x_wconf 85' lang='lat' dir='ltr'><strong>Dee</strong></span> <span class='ocrx_word' id='word_1_900' title='bbox 2288 5794 2589 5864; x_wconf 84' lang='lat' dir='ltr'><strong>productus</strong></span> <span class='ocrx_word' id='word_1_901' title='bbox 2622 5795 2833 5861; x_wconf 86' lang='lat' dir='ltr'><strong>primus</strong></span> <span class='ocrx_word' id='word_1_902' title='bbox 2859 5791 2970 5858; x_wconf 88' lang='lat' dir='ltr'><strong>illc,</strong></span> <span class='ocrx_word' id='word_1_903' title='bbox 2994 5800 3051 5846; x_wconf 85' lang='lat' dir='ltr'><strong>ut</strong></span> <span class='ocrx_word' id='word_1_904' title='bbox 3073 5806 3255 5845; x_wconf 91' lang='lat' dir='ltr'><strong>rerum</strong></span> <span class='ocrx_word' id='word_1_905' title='bbox 3294 5787 3512 5841; x_wconf 71' lang='lat' dir='ltr'><strong>divina-</strong></span> 
     </span>
    </p>
   </div>
  </div>
