4186 6430
231 355 335 417 793

1566 354 1930 417 EPISTOLA
1970 355 2140 419 VIII.

3362 355 3465 416 7ῧί

237 468 504 538 συγγενὴς
529 469 761 532 ἐκείνου,
793 472 907 526 ἀλλ’
943 470 1016 534 ὡς
1061 473 1161 540 τὴν
1187 471 1356 540 αὐτὴν
1390 470 1602 532 πάντως
1630 469 1787 534 δεξα-

1906 471 2130 525 rersatio
2157 483 2251 538 per
2281 469 2463 522 omnia
2489 467 2718 532 similis;
2749 477 2802 521 et
2832 477 2880 520 te
2903 481 3026 520 cum
3065 465 3293 518 hotiesto
3322 464 3466 516 'l‘he.

238 561 374 629 μένη
397 562 694 616 πολιτείαν.
735 566 793 616 Εἰ
823 566 930 633 γὰρ
977 565 1064 617 τὸν
1098 564 1345 633 Λάζαρον
1392 563 1608 630 ἀγνῶτα
1665 564 1791 615 ὄντα

236 651 314 721 τῷ
343 652 594 721 Ἀϐραὰμ
619 656 697 716 εἰς
724 659 850 719 τοὺς
879 657 1075 718 αὐτοὺς
1130 657 1361 716 κόλπους
1396 654 1543 724 αὑτῷ
1593 656 1790 723 ἤγαγε,

238 744 331 795 καὶ
368 745 594 806 πολλοῦς
620 747 712 797 ἀπ’
740 748 1015 799 ἀνατολῶν
1046 747 1140 799 καὶ
1173 747 1392 815 δυσμῶν
1437 745 1792 814 ἀνακλιθῆναι

240 835 365 902 μετ’
390 837 557 889 αὐτοῦ
581 840 986 908 παρασκευάζει
1016 840 1078 891 τὸ
1103 841 1199 908 τῆς
1226 838 1500 900 πολιτείας
1547 838 1794 906 ἀπαράλ-

237 923 456 991 λακτον,
498 927 590 979 καί
648 945 707 980 σε
770 931 905 997 μετὰ
967 930 1059 982 τοῦ
1094 929 1258 982 κα.λοῦ
1319 929 1592 997 Θηρασίου
1648 931 1796 994 ὁτῆς

239 1016 583 1080 ἀναστάσεως
619 1017 893 1083 ἐκδέξεται
922 1020 1106 1083 τόπος,
1142 1020 1206 1072 ἂν
1231 1020 1420 1084 ἐκείνῳ
1452 1019 1528 1086 τῷ
1555 1018 1656 1087 βίῳ
1705 1018 1796 1069 θέ-

240 1106 337 1176 λῃς
375 1107 466 1158 τὸν
511 1108 674 1160 αὑτὸν
728 1109 1123 1172 ἐπιδείξασθαιυ
1174 1110 1314 1162 οὕτω
1362 1110 1455 1161 καὶ
1480 1108 1577 1178 τὴν
1631 1107 1798 1176 αὐτὴν

241 1197 434 1266 ἐκείνῳ
461 1200 804 1265 κατοικήσεις
837 1199 1064 1270 σκηνὴν,
1101 1200 1196 1252 καὶ
1243 1198 1580 1269 συναφθῆναι
1635 1200 1798 1251 πάλιν

241 1290 388 1360 αὐτῷ
414 1292 633 1359 δυνήσει
687 1295 765 1355 εἰς
799 1296 923 1356 τοὺς
973 1297 1273 1358 ἀθανάτους
1317 1297 1560 1358 ἐκείνους
1599 1296 1802 1357 αἰῶνας

241 1380 302 1430 οὗ
335 1380 538 1450 ταύτην
572 1383 669 1450 τὴν
715 1384 811 1436 τοῦ
864 1385 1043 1454 γάμου
1097 1386 1414 1454 συνάφειαν,
1470 1383 1584 1438 ἀλλ’
1611 1385 1803 1453 ἑτέραν

243 1471 421 1540 πολλῷ
447 1473 714 1541 βελτίονα.
751 1476 898 1546 Αὕτη
926 1478 1027 1545 μὲν
1058 1477 1162 1546 γὰρ
1187 1477 1453 1545 σωμάτων
1504 1476 1620 1528 ἐστὶ
1671 1493 1806 1543 συμ-

243 1562 420 1631 πλοκὴ
459 1565 638 1632 μόνον·
697 1567 817 1619 τότε
845 1567 901 1619 δὲ
925 1568 1100 1636 ψυχῆς
1151 1571 1267 1620 ἐστι
1297 1569 1432 1634 πρὸς
1467 1567 1644 1636 ψυχὴν
1676 1567 1801 1618 ἐνω-

245 1668 326 1714 σις
353 1654 717 1723 ἀκριϐεστέρα
783 1661 876 1709 καὶ
907 1660 1070 1727 ἠδῖων
1116 1659 1295 1727 πολλῷ
1359 1660 1454 1710 καὶ
1506 1658 1750 1727 βελτίων.
1784 1675 1800 1707 ι

1900 562 2047 614 rasio
2081 561 2503 613 resurrectionis
2551 561 2703 613 locus
2743 559 2998 626 excipiet,
3044 558 3086 610 si
3130 557 3219 609 illa
3249 557 3356 608 vita
3389 557 3466 624 ip-

1899 668 2020 706 sum
2051 651 2314 706 exhibere
2352 653 2609 705 volueris.
2663 652 2738 705 Ita
2778 663 2832 705 et
2863 651 3004 704 idem
3053 665 3176 702 cum
3218 649 3336 716 ipso
3384 656 3469 699 ta-

1901 741 2256 796 bernaculum
2311 743 2602 805 habitalus,
2650 751 2703 794 et
2759 742 2921 795 simul
2961 740 3216 809 conjungi
3270 740 3467 790 iterum

1902 837 2108 903 poteris
2140 849 2237 901 per
2291 835 2615 888 immmtalia
2667 835 2756 887 illa
2807 835 3022 895 saecula,
3064 850 3168 886 non
3214 834 3312 885 hac.
3364 849 3465 884 nu-

1904 923 2139 992 ptiarum
2173 925 2385 991 cepula,
2419 925 2513 977 sed
2545 925 2645 977 alia
2699 925 2874 978 multo
2901 924 3132 977 meliori.
3169 922 3293 975 litec
3322 924 3467 976 enim

1904 1030 2195 1084 corporum
2227 1026 2436 1069 tantum
2469 1026 2552 1069 est
2581 1019 2928 1085 complexus;
2959 1027 3088 1070 tunc
3119 1031 3244 1068 vero
3277 1017 3471 1068 animm

1905 1107 2013 1160 erit
2048 1123 2171 1161 cum
2210 1108 2392 1160 anima
2421 1109 2741 1176 conjunctio
2767 1109 3032 1169 exactior,
3065 1117 3118 1161 ct
3148 1107 3317 1159 tnulto
3346 1121 3475 1158 sua-

1907 1200 2026 1252 vior
2079 1215 2140 1254 ac
2201 1200 2558 1268 prtestantior.
2604 1219 2622 1250 ι
2683 1200 2740 1253 Si
2797 1216 2928 1254 vero
2977 1201 3092 1252 haec
3141 1199 3214 1251 ita
3249 1198 3472 1257 habent,

1901 1293 2072 1346 satius
2130 1302 2212 1344 est
2263 1301 2321 1344 ut
2373 1301 2651 1345 taceamus
2688 1302 2743 1345 et
2775 1293 3064 1360 diligamus
3118 1305 3237 1358 qure
3271 1288 3473 1356 scripta

1902 1383 2143 1442 fuerunt.
2180 1392 2234 1435 et
2268 1399 2374 1436 non
2414 1383 2688 1436 contraria
2712 1384 3012 1436 sentiamus
3039 1380 3324 1449 prephetis
3353 1377 3476 1446 Spi—

1903 1474 2072 1535 ritus;
2105 1488 2173 1526 ne
2215 1473 2354 1527 forte
2381 1484 2435 1527 et
2463 1484 2649 1528 contra
2693 1489 2792 1527 nos
2820 1474 3087 1527 inferatur
3126 1471 3476 1539 propheticus

1905 1580 2086 1619 sermo
2111 1565 2204 1632 qui
2229 1565 2404 1620 dicit:
2437 1583 2454 1615 ι
2487 1565 2574 1618 Va:
2599 1565 2665 1618 iis
2685 1566 2776 1632 qui
2803 1566 2908 1618 sibi
2941 1564 3076 1633 ipsis
3098 1569 3225 1615 sunt
3255 1561 3473 1627 sapien-

1910 1665 2012 1721 tes,
2041 1662 2096 1706 et
2123 1670 2306 1708 coram
2341 1670 2402 1709 se
2434 1656 2614 1724 periti.
2657 1673 2676 1706 ι

243 1741 380 1794 Εἰδέ
405 1742 574 1795 ταῦτα
603 1744 776 1809 οὕτως
808 1746 944 1816 ἔχει,
975 1750 1192 1818 σιωπᾷν
1235 1750 1380 1818 ἡμᾶς
1406 1748 1628 1816 ἄμεινον
1687 1740 1934 1814 στέργειν
1986 1761 2046 1796 τε
2113 1743 2181 1798 τὰ
2244 1747 2631 1815 γεγραμμένα,
2682 1745 2778 1798 καὶ
2825 1747 2898 1815 μὴ
2949 1745 3207 1799 τάναντία
3263 1745 3478 1813 φρονεῖν

243 1839 352 1898 τοῖς
376 1838 680 1908 ὑποφήταις
707 1841 797 1894 τοῦ
856 1843 1192 1910 Πνεῦματος·
1247 1843 1332 1895 ἵνα
1398 1843 1471 1912 μὴ
1525 1845 1618 1895 καὶ
1682 1843 1805 1895 καθ’
1841 1839 1997 1908 ἡμῶν
2029 1843 2056 1892 ὁ
2087 1841 2427 1910 προφητικὺς
2455 1840 2763 1911 ἐξενεχθείη
2806 1840 2963 1908 λόγος
3001 1843 3029 1894 ὁ
3067 1841 3265 1908 λέγων·
3309 1839 3471 1891 «Οὐαὶ

241 1935 292 1986 οἰ
323 1937 453 2004 παρ’
490 1939 702 2002 ἑαυτοῖς
734 1941 907 2007 σοφοὶ,
935 1940 1028 1992 καὶ
1051 1940 1284 1994 ἐνώπιον
1335 1940 1515 1993 αὐτῶν
1577 1940 1964 2009 ἐπιστήμονες.
2000 1952 2019 1986 ι

772 2053 1112 2106 ΕΠΙΣΤΟΛΗ
1167 2051 1250 2107 Η’.

250 2152 335 2220 Τῷ
349 2159 682 2248 1τιμιωτάηῳ
704 2159 954 2248 peragi}:
969 2161 1132 2248 σινρῷ
1182 2161 1416 2248 'H,o:a_1'ct.
1447 2189 1514 2201 ~—
1537 2161 1802 2248 Hspl'roﬁ

313 2227 434 2278 εἴτε
458 2227 816 2295 προκόπτειν
838 2234 889 2283 οἱ
920 2227 1133 2284 δίκαιοι
1188 2227 1479 2299 μέλλουσι
1544 2227 1692 2286 κη’τὰ
1737 2249 1803 2298 γε

314 2295 565 2372 γνῶσιν,
601 2301 696 2372 καὶ
739 2301 950 2365 δόξαν,
975 2301 1093 2354 εἴτε
1115 2302 1308 2370 καὶμὴ
1339 2304 1487 2370 μετὰ
1518 2303 1629 2372 τὴν
1659 2302 1805 2356 ἐκεῖ·

314 2381 390 2418 σε
419 2366 940 2424 ἀποκατάστασιν.

318 2480 544 2550 Πρῶτον
572 2483 671 2550 μὲν
704 2480 796 2536 οὖν
848 2487 940 2537 ἐπὶ
999 2487 1209 2548 τούτοις
1264 2487 1560 2554 ἀναγκαῖον
1607 2489 1802 2550 εἰπεῖν,

242 2566 514 2622 θεοείκελε
548 2571 698 2642 ἄνερ,
731 2574 889 2626 ὁποία
923 2575 1004 2636 τίς
1034 2578 1187 2628 ἐστιν
1261 2578 1292 2645 ἡ
1327 2580 1503 2630 ἐκεῖσε
1562 2581 1673 2642 τοῖς
1722 2580 1803 2631 δι-

246 2658 429 2720 καίοις
460 2660 940 2730 ἀποταμιευομένη
971 2665 1326 2726 κατάστασις⁹
1385 2667 1476 2718 καὶ
1507 2667 1652 2730 ὅπως
1712 2669 1808 2722 αὑ-

241 2748 355 2800 τῶν
382 2750 607 2813 ἕκαστος
639 2758 734 2807 καὶ
754 2756 873 2806 τίνα
906 2757 1107 2824 τρόπον
1165 2757 1307 2824 μετὰ
1348 2757 1561 2810 ἐνθένδε
1621 2759 1804 2829 βιοτὴν

242 2847 642 2901 ἀναπαύσεται⁸
668 2851 808 2903 οὕτω
839 2852 944 2920 γὰρ
981 2851 1046 2904 ἂν
1067 2853 1207 2921 καὶὴ
1234 2854 1359 2921 περὶ
1391 2853 1485 2906 τοῦ
1509 2856 1803 2922 κεφαλαίου

241 2937 401 2990 τοῦδε
473 2939 768 3010 συζήτησις
827 2944 1272 3014 ἐκφαντικωτέρα
1334 2949 1627 3016 γενήσεται
1693 2954 1806 3012 τοίς

244 3031 631 3101 προσέχουσιν.
692 3035 750 3086 Εἰ
819 3036 924 3100 γὰρ
975 3036 1068 3087 καὶ¹
1126 3037 1374 3106 Σωτῆρος
1413 3040 1572 3108 ἡμῶν
1628 3039 1805 3109 Ἰησοῦ

243 3121 484 3188 Χριστοῦ
516 3123 573 3173 ἐν
601 3123 953 3191 Εὐαγγελίοις
1001 3127 1340 3196 ἀκούσαιμεν
1397 3131 1669 3197 λέγοντος,
1723 3133 1806 3184 ὅτι

245 3228 269 3260 ς
307 3209 397 3264 Ἐν
431 3214 498 3279 τῇ
526 3213 671 3282 οἰκίᾳ
697 3214 788 3266 τοῦ
810 3215 1018 3283 Πατρός
1047 3234 1147 3285 μου
1177 3218 1368 3270 πολλαί
1420 3222 1577 3286 μοναί
1607 3225 1800 3287 εἰσιν,›

240 3301 362 3354 ἀλλ’
388 3303 447 3356 οὐ
473 3304 734 3373 διαφορὰν
755 3307 1069 3375 οἰκημάτων
1091 3308 1243 3361 ἐνθεν
1272 3313 1532 3365 κακεῖθεν
1569 3317 1806 3385 ἐγηγερ-

2436 2046 2774 2104 EPISTULA
2819 2049 2952 2104 Vill.

1911 2157 2203 2210 Admodum
2274 2157 2566 2212 venerando
2625 2158 2874 2210 monac/ro
2935 2157 3123 2209 domno
3188 2157 3478 2210 Esaian—

1986 2227 2168 2281 Utrum
2198 2230 2324 2293 justi
2357 2229 2609 2296 proficere
2652 2228 2869 2280 debeant
2908 2230 3124 2280 scientia
3191 2239 3236 2280 et
3284 2229 3476 2296 gloria,

1981 2297 2061 2350 vel
2090 2313 2212 2364 non,
2242 2309 2354 2366 post
2385 2315 2520 2363 eam,
2552 2313 2667 2366 qua:
2711 2298 2782 2350 ibi
2813 2299 2935 2362 erit,
2974 2299 3376 2351 restitutionem.

1984 2476 2224 2530 Primum
2276 2477 2498 2544 quidem
2549 2477 2710 2546 igitur
2759 2477 2824 2529 de
2883 2478 2966 2531 his
3015 2477 3198 2531 dicere
3252 2493 3481 2533 necesse

1910 2576 2014 2631 est,
2042 2567 2227 2622 divine
2251 2571 2354 2632 vir,
2391 2571 2566 2638 qualis
2604 2570 2860 2623 videlicet
2908 2571 3151 2624 conditio
3204 2581 3310 2637 est,
3360 2587 3481 2640 qua:

1912 2661 1987 2716 ibi
2021 2662 2182 2731 justis
2215 2672 2566 2737 reservatur,
2609 2672 2662 2715 et
2717 2663 2994 2730 quomodo
3041 2664 3283 2731 ipsorum
3315 2665 3480 2733 quili-

1912 2752 2005 2807 bet
2040 2762 2160 2821 post
2217 2755 2356 2806 hanc
2399 2754 2565 2806 vitam
2624 2755 2951 2822 requiescet.
3007 2753 3081 2806 Ita
3129 2757 3272 2807 enim
3321 2767 3372 2808 et
3417 2759 3482 2809 tle

1914 2847 2090 2912 capite
2126 2845 2228 2900 hoc
2283 2846 2514 2913 quaestio
2564 2847 2972 2900 attendentibus
3010 2848 3312 2901 evidentior
3369 2852 3476 2902 ιίιιι.

1914 2934 1968 2988 Si
2025 2938 2169 2988 enim
2221 2947 2274 2988 et
2305 2936 2651 2990 Set-valerem
2689 2948 2932 2992 nostrum
2971 2939 3158 2992 Jesum
3204 2941 3478 2996 Christum

1916 3025 1968 3078 in
2001 3027 2309 3097 Evangeliis
2339 3029 2610 3091 dicentem
2659 3029 2964 3090 audiamus,
3011 3032 3062 3083 in
3114 3033 3275 3084 tlomo
3310 3035 3479 3086 l’atris

1914 3116 1995 3168 sui
2052 3120 2246 3170 multas
2275 3133 2393 3171 esse
2451 3121 2800 3180 mansiones,
2848 3137 2955 3174 non
3011 3123 3198 3187 utique
3256 3126 3479 3177 ιὶοιιιίει-

1913 3203 2108 3258 liorum
2160 3206 2524 3262 differentiam
2568 3209 2668 3263 hac
2721 3219 2775 3264 et
2811 3211 2932 3264 illac
2989 3214 3370 3280 excitaturum,
3426 3228 3481 3271 et

1914 3309 1944 3348 a
2007 3296 2170 3364 justis
2229 3300 2542 3354 haereditate
2587 3303 2986 3370 adeundorum,
3031 3306 3124 3358 sed
3179 3307 3477 3361 charisma-

243 3395 430 3462 μένων
466 3396 692 3460 καὶτοῖς
743 3398 968 3461 δικαίοις
1028 3401 1590 3472 ἀποκεκληρωμένων,
1651 3424 1806 3476 χαρι-

1917 3395 2028 3439 tum
2085 3391 2448 3458 proprietates
2503 3394 2852 3463 evangelicus
2908 3405 2962 3449 et
3017 3398 3234 3451 dit-inus
3299 3414 3478 3454 svrmo

243 3486 470 3554 σμάτων
509 3488 564 3540 δὲ
600 3488 865 3558 ἰδιότητας
896 3493 924 3543 ὁ
948 3493 1304 3559 εὐαγγελικὺς
1346 3498 1438 3548 καὶ
1481 3497 1620 3560 θεῖος
1651 3499 1804 3565 λόγος

240 3575 494 3629 ἐντεῦθεν
535 3579 905 3648 ὑπεμνήσατο.
951 3583 1084 3651 Περὶ
1119 3586 1232 3646 τοῖς
1290 3589 1598 3656 χαρίσμασι
1621 3589 1805 3643 λοιπὸν

238 3669 307 3719 τὸ
361 3669 635 3739 διάφορον·
705 3674 738 3742 ή
809 3675 916 3743 γὰρ
1003 3674 1138 3744 μονὴ
1220 3678 1316 3745 μία
1397 3681 1492 3731 καὶ
1546 3681 1607 3731 οὐ
1678 3681 1806 3733 πολ-

238 3759 352 3811 λαί.
399 3762 492 3822 Τίς
553 3761 608 3813 δέ
659 3763 692 3831 ἡ
751 3767 885 3832 μονὴ
948 3765 1132 3833 ἐκείνη
1180 3767 1275 3820 καὶ
1335 3769 1499 3821 πόθεν
1553 3774 1666 3832 τοῖς
1726 3773 1804 3826 δι-

240 3851 418 3914 καίοις
445 3853 851 3922 ἀπονενέμηται
880 3855 947 3906 τὰ
972 3857 1306 3926 χαρίσματα,
1338 3860 1499 3922 αὐτὸς
1543 3863 1572 3913 ὁ
1602 3863 1806 3934 Κύριος

237 3943 402 4012 ήμῶν
439 3944 644 4013 Ἰησοῦς
674 3945 906 4012 Χριστὸς
937 3949 1048 4008 τοῖς
1081 3949 1215 4001 πᾶσι
1255 3951 1428 4004 πάντα
1475 3953 1594 4005 τότε
1651 3956 1804 4008 καθί-

240 4051 458 4089 σταται.
491 4037 660 4096 Αὐτός
687 4038 835 4089 ἐστιν
874 4039 906 4109 ἡ
943 4041 1099 4106 μονὴ.
1133 4041 1225 4093 καὶ
1257 4043 1289 4112 η
1323 4042 1682 4114 ἀνεκλάλητος
1701 4048 1807 4101 τῶν

236 4126 467 4179 δικαίων
517 4128 661 4196 χαρά
690 4143 703 4157 ⁸
729 4129 890 4191 αὐτὸς
934 4130 966 4198 ἠ
997 4130 1314 4197 ἀπόλαυσις,
1345 4132 1555 4204 αὺτὸςή
1589 4135 1806 4188 πάντων

237 4219 562 4280 ἀνάστασις.
592 4223 702 4274 Καὶ
733 4221 890 4274 τοῦτο
928 4222 1087 4290 δῆλον
1122 4225 1182 4286 ἐξ
1202 4218 1276 4277 ὧν
1305 4227 1331 4277 ὁ
1366 4225 1627 4293 Θεολόγος
1670 4229 1808 4299 Γρη-

236 4312 427 4381 γόριος
446 4312 619 4375 οὕτως
649 4313 878 4383 εὕρηται
907 4313 1099 4381 λέγων·
1156 4335 1174 4366 ι
1216 4317 1409 4370 Οὐκέτι
1461 4318 1644 4371 λοιπὸν
1680 4321 1807 4372 ἀθε-

234 4408 396 4474 τήσω
421 4407 485 4458 τὰ
511 4406 911 4475 ὁμολογηθέντα
944 4426 1032 4476 μοι
1061 4410 1120 4460 ἐν
1165 4409 1242 4478 τῷ
1303 4410 1666 4481 βαπτίσματι,
1719 4415 1805 4467 ἵνα

240 4500 324 4569 μὴ
356 4502 451 4569 τῆς
475 4501 681 4551 ἐκεῖθεν
713 4502 936 4552 ἐκπὲσω
983 4503 1409 4571 μακαριότητος.
1459 4504 1521 4556 Ἢ
1551 4507 1606 4558 δέ
1657 4508 1806 4559 ἐστιν

236 4591 272 4659 ἡ
337 4590 432 4656 τῆς
485 4590 712 4660 Τριάδος
772 4591 1128 4659 ἐκτυπωτέρα
1187 4593 1510 4661 κατάληψις.
1559 4613 1576 4645 ι
1649 4597 1800 4665 Πρὸς

235 4680 449 4742 τούτοις
477 4680 533 4733 δὲ
569 4681 663 4733 καὶ
692 4683 717 4733 ὁ
767 4681 1063 4744 ὁσιώτατος
1127 4683 1411 4752 Βαρλαὰμ,
1459 4687 1544 4745 τίς
1590 4687 1738 4738 ἐστιν
1771 4689 1803 4757 ἡ

237 4773 490 4842 βασιλεία
525 4773 631 4824 τῶν
687 4774 933 4842 οὐρανῶν
971 4775 1289 4844 ἐρωτηθεὶς,
1348 4779 1607 4848 τοιαύτην
1670 4781 1806 4850 πρὸς

233 4867 336 4918 τὸν
400 4865 638 4934 ’ῐωάσαφ
713 4869 925 4921 ἐκεῖνον
986 4871 1282 4938 ἐποιήσατο
1337 4873 1438 4938 τῆν
1494 4874 1808 4942 ἀπόκρισιν,

245 4975 262 5006 ι
316 4956 405 5016 Ὠς
432 4959 494 5006 ἐκ
525 4955 746 5024 Γραφῆς
779 4957 1075 5026 μεμάθηκα
1119 4958 1295 5026 ἔγωγε
1348 4961 1406 5011 τὸ
1449 4961 1678 5029 πλησίον
1721 4980 1812 5028 γε-

238 5048 431 5102 νέσθαι
465 5051 562 5116 τῆς
593 5048 822 5116 θεωρίας
857 5049 956 5116 τῆς
987 5051 1147 5117 ἁγίας
1173 5052 1419 5121 Τριὰδνς·
1475 5062 1566 5123 καὶ
1622 5057 1817 5106 ἀνακεο

242 5140 582 5208 καλυμμένῳ
615 5140 692 5208 τῷ
725 5141 1001 5210 προσώπῳ
1032 5142 1129 5211 τὴν
1167 5143 1323 5209 δόξαν
1355 5145 1526 5213 αὐτῆς
1559 5147 1812 5215 ἐνοπτρί-

238 5232 457 5298 ζεσθαι.
494 5233 685 5286 Ἔνθεν
707 5250 789 5286 τοι
843 5236 936 5287 καὶ
998 5235 1073 5303 τῷ
1111 5238 1286 5306 νοητῷ
1327 5239 1422 5306 μὲν
1461 5238 1594 5307 ἡλίῳ
1649 5241 1808 5292 ἐπεν.

237 5322 596 5392 τρανίσουσιν
654 5323 890 5385 ἅπαντες
921 5325 1138 5390 δίκαιοι,
1183 5329 1387 5381 καιτοῦ
1417 5329 1558 5381 θείου
1594 5330 1802 5382 ἐκείνου

238 5416 422 5482 φωτὸς
445 5420 764 5486 γενήσονται
802 5421 1107 5488 μέτοχοι,εἰ
1145 5423 1235 5473 καὶ
1269 5421 1343 5492 μὴ
1400 5424 1596 5490 ἐπίσης
1633 5424 1808 5476 ᾶπαν-

237 5525 333 5569 τες
369 5523 382 5536 ·
414 5509 547 5562 ἀλλὰ
583 5511 724 5562 κατὰ
752 5511 849 5579 τὴν
877 5513 1072 5565 ἐαυτοῦ
1095 5515 1240 5581 ὅμως
1283 5513 1634 5583 καθαρότητα
1684 5515 1808 5567 ἐκα-

238 5618 388 5663 στος.
431 5601 696 5673 Καθάπερ
731 5606 836 5674 γὰρ
866 5608 890 5657 ὸ
916 5606 1172 5675 αἰσθητὸς
1215 5602 1370 5668 οὗτος
1424 5608 1573 5676 ἥλιος
1634 5609 1809 5670 κοινδς

235 5697 322 5756 εἰς
359 5695 483 5746 θέαν
511 5697 682 5749 ἅπασι
711 5702 1014 5764 πρόκειται,
1049 5700 1147 5752 καὶ
1181 5699 1326 5752 οὕτω
1350 5699 1446 5768 μὲν
1471 5701 1715 5761 ἔλασσον,
1737 5705 1810 5770 τῷ

238 5787 296 5839 δὲ
333 5785 688 5856 σφοδρότερον
709 5789 806 5851 τὰς
845 5788 1070 5853 ἀκτῖνας
1102 5791 1263 5844 αὐτοῦ
1329 5791 1646 5861 ἐπαςίησινο
1696 5793 1811 5846 ἀλλ’

1909 3479 2036 3532 inde
2084 3485 2554 3537 commemoravit.
2617 3486 2882 3540 Caeterum
2939 3489 3330 3545 charismatum
3389 3495 3476 3546 tli-

1908 3573 2144 3625 scrimeu
2185 3584 2290 3638 est,
2345 3592 2446 3628 una
2478 3577 2621 3630 cnim
2671 3580 2902 3645 mansio,
2944 3597 3050 3634 non
3101 3584 3299 3637 multa'.
3347 3585 3478 3649 Quae

1908 3679 2040 3717 vero
2081 3667 2294 3720 mansio
2323 3667 2435 3731 illa,
2467 3679 2522 3721 et
2549 3671 2692 3724 unde
2718 3672 2882 3740 justis
2927 3674 3255 3728 charismata
3292 3675 3478 3729 distri-

1906 3754 2161 3820 buantur,
2199 3757 2314 3826 ipse
2361 3759 2625 3814 Dominus
2657 3773 2842 3816 noster
2871 3762 3030 3817 Jesus
3064 3767 3315 3821 Christus
3339 3785 3474 3822 eun-

1907 3847 2011 3901 ctis
2039 3849 2222 3902 omnia
2255 3860 2383 3905 tunc
2415 3853 2747 3908 constitutus
2794 3865 2894 3909 est.
2949 3857 3065 3925 Ipse
3116 3870 3198 3914 est
3243 3864 3474 3928 mansio,

1907 3952 1960 3992 et
1990 3941 2263 3997 ineffabile
2300 3943 2569 4012 justorum
2603 3947 2857 4015 gaudium
2885 3965 2898 4013 ;
2952 3949 3067 4018 ipse
3117 3953 3328 4017 fruitio,
3359 3955 3478 4021 ipse

1911 4034 2158 4086 omnium
2195 4039 2546 4091 resurrectio.
2581 4038 2647 4090 Et
2676 4039 2725 4092 id
2762 4040 3110 4095 manifestum
3143 4059 3208 4096 ex
3244 4045 3309 4098 iis
3359 4063 3478 4115 qua:

1909 4123 2217 4196 Thcologus
2266 4128 2562 4198 Gregorius
2611 4133 2682 4184 ita
2721 4131 2904 4187 dicere
2948 4138 3217 4202 reperitur
3253 4156 3266 4190 :
3313 4159 3329 4190 ι
3361 4141 3475 4193 Ca:-

1911 4223 2085 4268 terttm
2123 4233 2193 4272 ne
2237 4220 2466 4287 amplius
2511 4231 2884 4288 contemnam,
2927 4242 3046 4293 qua:
3101 4229 3153 4281 in
3204 4229 3475 4299 baptismo

1910 4309 2196 4364 confessus
2225 4327 2368 4373 sum,
2408 4328 2476 4366 ne
2528 4313 2614 4366 illa
2650 4314 2988 4370 beatitudine
3032 4320 3302 4376 excidam.
3352 4324 3476 4376 ilwc

1909 4411 2090 4454 autem
2130 4412 2212 4456 est
2271 4402 2552 4458 Trinitatis
2600 4408 2917 4475 expressior
2973 4412 3414 4479 comprehensio.
3451 4432 3468 4465 ι

1908 4492 2138 4562 Insuper
2191 4503 2244 4548 et
2315 4496 2692 4550 sanctissimus
2747 4497 3015 4562 Barlaam,
3055 4503 3184 4568 quid
3256 4505 3325 4556 sit
3386 4519 3473 4557 re-

1909 4601 2077 4654 gnum
2128 4587 2394 4640 ccelorum
2434 4588 2816 4659 interrogatus,
2867 4591 3027 4644 talem
3075 4590 3349 4661 Joasapho
3403 4595 3474 4647 illi

1911 4678 2326 4746 responsionem
2360 4678 2507 4733 dedit
2535 4697 2548 4734 :
2588 4699 2607 4731 ι
2637 4682 2705 4735 Ut
2735 4698 2796 4735 cx
2826 4683 3108 4752 Scriptura
3142 4686 3260 4754 ipse
3291 4687 3477 4749 didici,

1912 4771 2354 4838 contemplationi
2399 4784 2601 4825 sancta:
2651 4771 2937 4826 Trinitatis
2986 4778 3290 4843 proximum
3339 4780 3475 4846 ﬁeri,

1913 4871 1966 4913 et
2003 4862 2236 4914 revelata
2280 4862 2416 4914 facie
2468 4863 2698 4932 gloriam
2755 4867 2873 4931 ejus
2923 4865 3142 4918 intueri.
3180 4886 3197 4916 ι
3239 4867 3375 4921 llinc
3425 4880 3479 4922 et

1912 4955 1980 5007 ab
2029 4955 2355 5023 intelligihili
2402 4956 2622 5023 quidem
2677 4956 2777 5007 soli
2821 4957 3239 5010 illustrahuntur
3289 4977 3480 5012 omnes

1910 5045 2066 5114 justi,
2100 5054 2154 5098 et
2189 5045 2386 5098 divina:
2439 5046 2583 5098 illius
2620 5046 2755 5098 lucis
2806 5048 3096 5116 participes
3153 5049 3300 5110 (ient,
3358 5052 3482 5105 licet

1916 5156 2022 5193 non
2056 5155 2120 5192 ex
2158 5155 2313 5204 teque
2346 5154 2559 5202 omnes,
2594 5139 2686 5192 sed
2720 5141 2871 5206 juxta
2901 5156 3052 5192 suam
3093 5145 3293 5208 pariter
3322 5161 3479 5196 mnu-

1915 5233 2107 5286 tlitiaut
2141 5231 2386 5297 quilibet.
2426 5230 2594 5283 Sicuti
2638 5230 2779 5282 enim
2822 5231 3040 5284 seusilis
3087 5232 3174 5284 hic
3211 5233 3289 5285 sol
3329 5249 3478 5285 eom-

1915 5328 2094 5379 munis
2153 5325 2216 5375 ad
2272 5325 2647 5392 spectaculum
2702 5323 2958 5378 omnibus
3018 5327 3374 5393 proponitur,
3427 5337 3480 5379 et

1904 5420 2033 5473 huic
2065 5418 2270 5477 minus.
2320 5417 2394 5468 illi
2433 5417 2814 5472 vehementius
2861 5419 3043 5472 radios
3082 5434 3211 5473 suos
3241 5421 3435 5472 emittit
3463 5461 3477 5481 .

1909 5512 2002 5565 sed
2045 5511 2259 5577 ‘pariter
2308 5510 2457 5578 juxta
2511 5513 2796 5563 oculorum
2847 5512 3264 5579 dispositionem
3310 5514 3478 5580 quili-

1906 5605 1998 5660 bet
2028 5613 2081 5657 ct
2137 5603 2260 5656 inde
2297 5603 2559 5669 fulgorem
2599 5604 2816 5673 recipit;
2873 5606 2944 5659 ita
2999 5616 3052 5659 et
3087 5606 3154 5660 de
3187 5607 3278 5660 illo
3329 5607 3481 5659 inac-

1909 5713 2064 5752 cesso
2117 5697 2429 5765 Splentlore,
2482 5706 2534 5750 et
2582 5697 2678 5759 eis,
2726 5698 2818 5766 qui
2857 5699 2954 5767 ipsi
3014 5699 3304 5763 iuluerent,
3354 5709 3482 5752 tunc

1913 5792 2026 5846 fore
2057 5792 2235 5844 cretle.
2279 5789 2440 5845 Jmta
2491 5792 2635 5845 enim
2679 5791 2898 5846 heatum
2938 5792 3165 5848 Paulum
3220 5794 3481 5849 transiero
