4186 6430
737 398 846 462 79‘)

2012 399 2437 463 MICHAELIS
2479 402 2739 463 GLYCr’E

3875 402 3995 469 800

733 512 953 579 quando
1005 512 1092 565 illa
1143 511 1315 581 gloria
1369 510 1533 565 delati
1589 510 1958 567 satiabuntur.
2009 512 2115 568 Sed
2166 523 2221 568 et
2265 517 2309 568 si

2431 511 2573 570 Ἀλλ’
2606 518 2654 569 εί
2688 516 2782 570 καὶ
2812 514 3144 587 κορεσθῆναι
3191 532 3321 569 ποτε
3383 513 3629 582 δόξουσιν
3684 514 3775 566 ἐπὶ
3821 514 3994 566 πλέον

736 613 975 666 unquam
1016 599 1197 652 satiati
1243 613 1365 651 esse
1422 598 1778 662 videbuntur,
1829 602 2067 671 amplius
2112 603 2305 657 iterum

738 688 992 742 sitientes
1041 689 1410 743 invenientur.
1448 690 1513 743 Et
1559 691 1663 744 tale
1691 691 1819 760 quid
1876 691 1957 748 eis
1996 693 2311 764 contingere

738 779 953 832 videtur
986 780 1146 848 quale
1194 779 1282 842 iis,
1337 780 1428 848 qui
1480 781 1716 849 aliquam
1754 794 2128 837 creaturarum
2182 801 2310 853 per-

737 865 849 917 dite
887 875 1093 918 amant.
1132 865 1397 921 Desiderii
1436 868 1584 921 enim
1622 869 1754 938 ipsis
1785 872 2137 925 succenditur
2164 871 2313 926 ﬂam-

737 970 847 1019 nn,
887 972 997 1009 non
1034 958 1402 1027 exstinguitur
1435 975 1586 1023 vero,
1616 960 1885 1028 siquidem
1919 976 2006 1025 eo,
2043 964 2185 1030 quod
2213 964 2310 1017 de-

735 1046 1001 1108 siderant,
1034 1048 1270 1101 maxime
1337 1049 1443 1102 frui
1507 1066 1617 1105 non
1678 1062 2070 1121 assequuntur.
2108 1054 2174 1109 Et
2210 1056 2312 1111 hoc

732 1145 839 1201 est,
867 1137 1010 1206 quod
1054 1149 1240 1193 sancta
1278 1138 1560 1209 Scriptura
1596 1141 1842 1196 divinum
1886 1144 2036 1199 illum
2069 1160 2310 1201 amorem

737 1230 1013 1283 exhibens
1051 1229 1220 1285 dicit:
1260 1248 1277 1280 ι
1313 1232 1413 1296 Qui
1444 1234 1777 1288 manducant
1802 1250 1911 1298 me,
1939 1238 2207 1301 esurient,
2254 1246 2315 1291 et

739 1323 829 1390 qui
873 1322 1067 1376 bibunt
1096 1336 1206 1385 me,
1243 1324 1450 1378 sitient.
1486 1343 1504 1374 ι
1536 1325 1661 1379 Haec
1694 1326 1862 1396 igitur
1890 1339 2204 1382 sanctorum
2229 1337 2315 1383 est

740 1417 813 1469 ibi
867 1414 1131 1469 conditio.
1170 1415 1298 1469 Inde
1346 1415 1623 1485 profectus
1650 1419 1812 1487 justis
1846 1420 2308 1490 superadjicitur:

741 1507 866 1559 inde
899 1506 1128 1559 scientia
1167 1509 1299 1574 ipsis
1325 1507 1701 1576 multipliciter
1728 1520 2158 1580 superangctur;
2189 1510 2313 1563 inde

734 1597 1009 1661 justorum
1055 1596 1226 1667 gloria
1278 1598 1629 1666 multiplicari
1675 1603 1981 1656 consuevit.
2034 1602 2144 1655 Cur
2183 1616 2313 1655 vero

742 1688 888 1740 1η·ςῖ
938 1699 989 1740 οι
1046 1693 1201 1756 cujus
1262 1688 1342 1741 rei
1397 1698 1569 1759 gratia
1630 1707 1908 1760 nunquam
1965 1694 2315 1763 proﬁcientes

740 1778 947 1829 stant?
985 1776 1119 1842 Quia
1176 1777 1324 1829 illum
1358 1816 1372 1841 ,
1430 1779 1521 1846 qui
1575 1780 1859 1847 superﬂuit
1902 1790 1956 1834 et
2013 1781 2316 1847 incompre-

2414 607 2855 677 αὖθιςδιψῶντες
2902 608 3266 677 εὑρίσκονται.
3327 608 3439 661 Καὶ
3482 607 3691 659 τοιοῦτο
3746 606 3994 672 πάσχειν

2413 691 2872 752 ἐοίκασινῖὁποῖον
2907 699 2958 751 οἱ
2981 699 3117 769 πρός
3138 716 3190 752 τι
3224 699 3333 751 τῶν
3354 700 3520 751 ὄντων
3546 698 3830 768 ἐρωτικῶς
3868 700 3996 750 δια-

2416 790 2680 858 κείμενοιο
2710 789 2875 842 πόθου
2903 790 3001 859 μὲν
3033 790 3138 857 γὰρ
3164 789 3348 851 αὐτοῖς
3397 788 3783 841 ὐπανάπτεται
3833 785 3994 854 φλόξ⁸

2415 882 2477 933 οὐ
2504 879 2890 943 σϐέννυταιδὲ,
2932 881 3044 945 εῐγε
3083 879 3177 932 τοῦ
3210 878 3549 946 ποθουμένου
3602 880 3696 931 καὶ
3748 878 3997 947 μάλιστα

2415 971 2827 1026 καταπολαῦσαι
2854 972 2916 1023 οὑ
2940 970 3231 1039 φθάσουσι.
3288 972 3395 1023 Καὶ
3438 969 3596 1021 τοῦτό
3629 971 3780 1022 ἐστιν
3846 970 3995 1035 ὅπερ

2415 1067 2449 1136 ή
2482 1065 2610 1131 άγία
2638 1063 2827 1134 Γραφὴ
2855 1064 2945 1115 τὸν
2995 1063 3137 1115 θεῖον
3181 1064 3389 1115 ἐκεῖνον
3431 1062 3611 1132 ἔρωτα
3655 1061 3998 1131 παριστῶσᾶ

2417 1169 2601 1222 φησιν’
2636 1171 2655 1205 ι
2684 1154 2745 1206 0i
2771 1151 3079 1220 τρώγοντές
3109 1170 3175 1221 με
3209 1152 3551 1217 πεινάσουσι,
3572 1155 3664 1205 καὶ
3722 1156 3771 1205 οἱ
3810 1153 4002 1205 πίνον.

2413 1264 2505 1309 τες
2526 1262 2594 1314 με
2613 1245 2955 1316 διψήσουσιν.
2973 1263 2991 1296 ›
3027 1244 3173 1312 Αὕτη
3202 1245 3300 1313 μὲν
3327 1243 3468 1314 οὖνή
3494 1247 3645 1316 παρὰ
3671 1248 3784 1307 τοῖς
3817 1246 4000 1312 ἁγίοις

2417 1342 2597 1393 ὲκεῖσε
2618 1340 2971 1400 κατάστασις·
3000 1338 3301 1407 ἔντεῦθενή
3344 1337 3595 1407 προκοπὴ
3617 1340 3730 1398 τοῖς
3755 1338 4002 1397 δικαίοις

2416 1430 2884 1498 προσεπιγίνεται,
2914 1426 3165 1479 ἐντεῦθεν
3213 1429 3245 1495 ή
3278 1427 3476 1493 γνῶσις
3521 1427 3705 1489 αὐτοῖς
3734 1429 3819 1488 εἰς
3862 1427 4004 1494 πλίκι-

2418 1519 2507 1582 θος
2537 1518 2855 1582 ἐπαύξεται,
2890 1516 3147 1569 ἐντεῦθεν
3172 1518 3206 1587 ἡ
3236 1518 3346 1568 τῶν
3383 1516 3613 1569 δικαίων
3641 1517 3769 1581 δόξα
3829 1516 4003 1569 πολυ-

2418 1610 2813 1674 πλασιάζεσθαι
2837 1609 3013 1662 εἴωθε.
3043 1610 3139 1662 Διὰ
3169 1610 3221 1662 τί
3244 1610 3299 1662 δὲ
3324 1609 3529 1673 ταῦτα;
3572 1611 3666 1662 καὶ
3697 1611 3851 1673 τινος
3878 1610 4001 1661 {vso

2417 1721 2513 1757 κεν
2562 1703 2822 1757 οὐδέποτε
2892 1703 3295 1770 προκόπτοντες
3366 1702 3650 1766 ῖστανταις
3715 1704 3847 1754 Ὀτι
3907 1700 4003 1753 τὶν

2420 1796 2750 1866 ὑπερπλήρη
2799 1794 2893 1847 καὶ
2923 1795 3310 1861 ἀκατάληπτον
3360 1795 3659 1857 κατασχεῖν
3700 1794 3794 1846 ἐπὶ
3834 1793 4006 1844 πλέον

747 1868 1037 1921 hensibilis
1093 1880 1175 1922 est
1210 1869 1496 1923 continere
1556 1872 1793 1939 amplius
1847 1872 2183 1926 desiderant.
2237 1870 2318 1924 Ne

2430 1888 2684 1957 ἐφίενται.
2718 1889 2807 1957 Μὴ
2844 1885 2937 1939 οὖν
2966 1888 3059 1939 ἐπὶ
3121 1886 3285 1940 πλέον
3342 1887 3672 1954 ἀμφίϐαλλε·
3737 1885 4008 1945 τοιαὺτσς

746 1958 904 2025 igitur
943 1957 1257 2027 ambiguum
1292 1968 1343 2010 te
1372 1958 1671 2022 traducite,
1701 1975 1826 2013 cum
1854 1958 2166 2029 hujusmodi
2206 1957 2315 2028 jatn

745 2050 812 2099 de
875 2046 977 2098 hoc
1031 2045 1528 2100 demonstrationes
1558 2058 1612 2101 et
1663 2059 1840 2104 tantas
1897 2051 2204 2120 acceperis.

1294 2161 1631 2216 EPISTULA
1672 2163 1766 2218 IX.

748 2276 947 2329 Eidem.
996 2306 1064 2319 —-
1116 2274 1304 2329 Utrum
1373 2287 1610 2344 oporteat
1667 2282 1938 2333 attendere
2005 2282 2316 2347 dicentibus,

812 2348 1199 2410 t'tth'ﬂplibilenl
1231 2364 1340 2400 esse
1387 2350 1721 2413 paradisum,
1756 2362 1803 2402 et
1840 2361 1949 2419 post
1983 2369 2185 2407 crucem
2218 2369 2322 2407 non

812 2422 996 2471 statim
1037 2419 1090 2471 in
1120 2434 1236 2470 eum
1266 2420 1530 2473 introiissc
1555 2420 1837 2474 latronem.

818 2599 875 2653 Si
918 2609 1101 2653 autem
1143 2608 1199 2653 et
1233 2598 1302 2654 de
1342 2600 1464 2670 ipso
1516 2601 1769 2670 paradiso
1818 2603 1902 2659 vis
1938 2604 2155 2661 discere
2188 2622 2324 2677 qua-

741 2690 920 2755 iisque
961 2698 1156 2742 natura
1190 2690 1280 2752 sit,
1304 2698 1358 2743 et
1392 2690 1481 2744 ubi
1519 2691 1801 2762 hucusque
1835 2696 2049 2749 steterit
2077 2695 2172 2750 Dei
2214 2713 2329 2750 ma-

746 2783 909 2835 nibus
953 2797 982 2835 a
1032 2781 1303 2851 principio
1338 2781 1642 2851 plantatus,
1679 2784 1847 2838 alium
1904 2786 2084 2840 inveni
2141 2787 2327 2843 Mosen

745 2872 1178 2934 divinissimum,
1236 2871 1327 2940 qui
1377 2873 1574 2942 spiritu
1611 2876 1826 2929 occulta
1864 2878 2138 2932 resolvere
2199 2893 2327 2947 pos—

744 2966 836 3020 sit.
889 2964 992 3027 Qui
1032 2963 1215 3033 potuit
1249 2964 1471 3032 quidem
1525 2976 1765 3021 montem
1808 2968 2062 3036 practica:
2113 2969 2329 3023 virtutis

746 3055 1083 3119 ascendere;
1120 3055 1377 3123 intusque
1426 3067 1717 3123 penetrare
1748 3057 1922 3112 nubes
1959 3059 2149 3112 arcani
2181 3057 2329 3113 Scri-

749 3158 1044 3216 pturaruttt
1069 3163 1081 3209 ;
1110 3148 1422 3201 conversari
1452 3163 1575 3201 cum
1612 3148 1721 3202 Deo
1751 3149 1921 3217 prima
1948 3149 2166 3217 iuce,et
2203 3152 2329 3206 inde

751 3242 1094 3309 splendorem
1121 3240 1703 3309 accipere,jniattil‘esta
1731 3242 2020 3298 facientem
2039 3243 2252 3298 occulta
2274 3253 2328 3298 et

745 3335 985 3403 vulgata.
1015 3332 1172 3385 llnnc
1202 3333 1408 3396 inveni,
1447 3343 1502 3388 et
1554 3334 1704 3387 illum
1762 3335 1830 3389 de
1864 3336 2118 3406 paradiso
2159 3336 2333 3391 inter-

751 3441 899 3494 rega,
918 3434 971 3478 et
992 3425 1160 3478 disce.
1176 3422 1285 3478 Nos
1303 3425 1469 3490 enim,
1490 3425 1674 3479 divine
1698 3426 1800 3490 vir,
1819 3426 2029 3481 indocti
2060 3443 2225 3496 super
2253 3437 2334 3481 ta-

747 3520 893 3573 libus
923 3534 985 3571 ac
1022 3516 1184 3571 tantis
1216 3533 1341 3571 cum
1369 3518 1561 3579 simus,
1589 3527 1642 3570 et
1673 3532 1893 3571 sensum
1928 3518 2080 3572 humi
2116 3520 2334 3572 trahen-

750 3623 850 3675 tes,
886 3610 1166 3680 quomodo
1213 3608 1588 3662 sublinnorcm
1615 3609 1874 3662 omnibus
1896 3609 2018 3663 aliis
2047 3610 2332 3679 cogitatio-

749 3721 874 3759 nem
909 3703 1177 3773 attingere
1203 3702 1832 3771 audeamus;quomodo
1872 3718 2005 3757 vero
2027 3713 2081 3757 et
2112 3719 2331 3758 movere

749 3799 989 3867 linguam
1022 3796 1249 3850 omnino
1280 3796 1580 3849 audeamus
1609 3811 1776 3865 super
1809 3796 1913 3857 his,
1950 3812 2181 3865 quorum
2208 3797 2333 3868 Spi-

748 3890 888 3944 ritus
913 3888 1089 3944 suncti
1125 3889 1391 3957 propheta
1427 3887 1616 3941 nescio
1638 3891 1915 3956 quomodo
1967 3890 2119 3957 plura
2156 3889 2333 3944 conti-

749 3980 886 4034 cuit.
924 3979 1266 4047 lmpossibile
1310 3979 1556 4044 omnino,
1594 3979 1949 4048 impossibile.
1988 3980 2138 4035 Unde
2185 3997 2336 4036 recc-

749 4072 881 4126 dere
904 4082 959 4126 et
1001 4088 1101 4125 nos
1133 4072 1312 4136 decet,
1364 4082 1414 4125 et
1470 4071 1708 4140 plurima
1765 4072 1987 4127 silentio
2026 4075 2329 4129 transilire.

748 4164 889 4230 Quid
927 4164 1072 4217 enim
1095 4162 1242 4216 aliud
1268 4161 1561 4216 fecerimus
1589 4163 1643 4216 in
1679 4163 1860 4227 his,in
1891 4164 2088 4233 quibus
2124 4180 2228 4219 non
2252 4166 2335 4219 in-

750 4257 1001 4311 venimus
1025 4255 1353 4324 scriptorem
1379 4256 1659 4309 ductorem
1696 4257 1897 4324 pariter
1916 4266 1971 4310 et
1988 4258 2331 4328 magistrum.

751 4350 858 4404 Sed
889 4355 954 4404 de
986 4363 1139 4402 more
1169 4349 1378 4417 pariter
1400 4348 1465 4403 ad
1496 4358 1587 4401 tua
1631 4350 1887 4404 mandata
1928 4365 2028 4405 nos
2064 4350 2338 4405 inclinan-

750 4457 853 4507 tes,
887 4444 1135 4497 volentes
1172 4442 1518 4505 nolentes,et
1548 4440 1694 4510 quod
1723 4441 2065 4496 inaccessqu
2105 4453 2189 4497 est
2218 4444 2331 4512 jam

2418 1981 2520 2051 ήδη
2551 1979 2798 2049 καὶπερὶ
2846 1978 3035 2033 τούτου
3078 1978 3177 2042 τὰς
3212 1978 3539 2043 ἀποδείξεις,
3589 1978 3685 2031 καὶ
3727 1976 4009 2037 τοσαύτας

2420 2073 2735 2140 δεξάμενος.

2775 2175 2801 2199 ⁸
2978 2188 3323 2243 ΕΠΙΣΤΟᾹΗ
3363 2185 3441 2242 e'.

2428 2300 2512 2367 Τῷ
2539 2300 2795 2365 αὑτῷ.-
2814 2302 2880 2354 Et
2909 2299 3023 2368 χρὴ
3047 2300 3374 2366 προσέχειν
3407 2297 3534 2360 τοῖς
3567 2297 3891 2368 λέγουσιν,
3923 2295 4014 2348 ὅτι

2494 2373 2755 2441 φθαρτός
2788 2366 2961 2423 ἐστινλ
2988 2373 3020 2424 ὁ
3048 2370 3433 2441 πυρώδεις-ος,
3476 2369 3570 2441 καὶ
3603 2366 3689 2441 ὅτι
3717 2367 3879 2441 μετὰ
3907 2368 4017 2441 tes-

2496 2438 2766 2509 σταυρὸν
2791 2442 3006 2495 αὐτίκα
3038 2442 3150 2494 οὐκ
3185 2438 3473 2505 εἰσῆλθεν
3496 2439 3583 2503 εις
3620 2438 3811 2489 αὐτὸν
3846 2440 3881 2489 ό
3909 2438 4013 2503 Jac

2394 2564 2399 2569 .
2497 2513 2675 2580 στής.

2497 2634 2561 2688 Et
2599 2634 2656 2687 δὲ
2687 2633 2783 2690 καὶ
2811 2634 2941 2700 περὶ
2972 2626 3139 2683 αὖτοῦ
3174 2625 3269 2680 τοῦ
3306 2625 3638 2697 παραδείσου
3683 2622 3873 2693 βούλει
3909 2640 4017 2692 μα-

2430 2727 2547 2781 θεῖν
2576 2727 2761 2788 ὁποῖός
2798 2743 2858 2779 τε
2892 2724 2992 2794 τὴν
3021 2723 3185 2790 φύσιν
3225 2722 3341 2773 ἐστὶ
3387 2718 3484 2773 καὶ
3527 2719 3663 2772 ὅπου
3700 2718 3871 2786 μέχρι
3918 2717 4018 2769 καὶ

2428 2822 2675 2890 τήμερον
2708 2819 2910 2888 ἔστηκε
2944 2817 3103 2886 χερσὶ
3138 2813 3275 2867 Θεοῦ
3315 2814 3436 2867 κατ’
3467 2811 3641 2882 ἀρχὰς
3689 2814 4017 2879 φυτευθεὶς,

2430 2910 2592 2966 ἄλλον
2623 2902 2749 2981 εὗρε
2777 2908 2981 2962 Μωσέα
3017 2905 3295 2958 θειότατον
3319 2902 3564 2955 ἐπιλύειν
3596 2902 3908 2971 δυνάμενον
3950 2902 4021 2953 τὰ

2432 3000 2798 3070 κεκρυμμένα
2829 2997 2906 3065 τῷ
2937 2996 3228 3066 πνεύμων
3258 2994 3319 3056 ὃς
3354 2994 3553 3062 ἔφθασε
3579 2994 3677 3063 μὲν
3695 2992 3863 3061 ὄρους
3895 2993 4022 3043 ἐπι-

2432 3091 2595 3161 σῆναι
2623 3091 2721 3161 τῆς
2755 3086 3071 3158 πρακτικῆς
3119 3086 3324 3157 ἀρετῆς
3346 3123 3362 3148 ,
3388 3085 3519 3137 εῐσω
3553 3101 3612 3137 τε
3638 3083 3898 3151 χωρῆσαι
3931 3099 4022 3133 νε-

2354 3191 2399 3248 C
2434 3185 2604 3254 φέλης
2666 3184 2766 3251 τῆς
2813 3178 3095 3251 γραφικῆς
3153 3175 3547 3247 ἐπικρύψεως,
3579 3174 3840 3242 ὁμιλῆσαι
3898 3173 4023 3240 Θεῷ

2435 3279 2513 3349 τῷ
2548 3277 2752 3347 πρώτῳ
2789 3278 2928 3343 φωτὶ
2968 3274 3224 3327 κάκεῖθεν
3257 3273 3524 3342 ἐλλαμψιν
3559 3271 3839 3339 δέξασθαι,
3878 3273 4022 3341 δῆλα

2438 3369 2698 3424 ποιοῦσαν
2730 3368 2798 3421 τὰ
2830 3365 3189 3437 κεκρυμμένα
3224 3365 3322 3418 καὶ
3365 3364 3596 3432 ἔκφορα.
3631 3361 3836 3415 Τοῦτον
3862 3356 4024 3433 εὗρε·

2437 3466 2691 3518 κάκεῖνον
2750 3460 2931 3529 ἐρώτα
2991 3458 3118 3528 περὶ
3167 3455 3503 3523 παραδείσου
3552 3454 3647 3507 καὶ
3725 3454 3981 3523 μάνθανε
4010 3473 4025 3487 ·

2438 3554 2602 3623 ἡμεῖς
2633 3551 2764 3619 γὰρ,
2820 3546 3093 3601 θεοείκελε
3139 3546 3290 3616 ἄνερ,
3327 3545 3560 3614 ἀμαθεῖς
3604 3546 3697 3597 ἐπὶ
3742 3546 4029 3597 τοσούτων

2438 3644 2591 3704 ὄντες
2628 3645 2723 3695 καὶ
2748 3639 2923 3710 χαμαὶ
2956 3639 3249 3709 συρόμενοι
3272 3638 3551 3706 φρόνημα,
3604 3636 3720 3695 πῶς
3749 3635 4024 3705 ὑψηλοτέ-

2442 3752 2552 3806 ρων
2581 3732 2819 3801 aenea
2856 3732 3148 3800 νοημάτων
3189 3729 3603 3799 οαρῤήσαιμεν;
3660 3728 3785 3791 Πῶς
3816 3730 3881 3782 δὲ
3933 3730 4031 3784 καὶ

2440 3827 2664 3894 κινῆσαι
2691 3825 2790 3893 τὴν
2833 3823 3089 3891 γλῶσσαν
3127 3822 3263 3885 ὅλως
3299 3820 3699 3891 τολμήσαιμεν,
3749 3823 3836 3890 ἐφ’
3872 3820 3961 3885 οἷς
4002 3824 4032 3876 6

2442 3918 2728 3987 ὑποφήτης
2772 3913 2867 3968 τοῦ
2917 3911 3237 3976 Πνεύματος
3288 3912 3386 3966 οὐκ
3412 3908 3511 3965 οἷδ’
3542 3915 3690 3975 ὅπως
3720 3913 3793 3965 τά
3846 3914 4032 3967 πλείω

2442 4009 2768 4078 σεσίγηκενς
2811 4007 2865 4057 ’Δ
2878 4006 3116 4075 μήχανον
3143 4004 3378 4069 πάντως,
3413 4006 3906 4075 άμήχανον.“Ὀθεν
3936 4010 4031 4076 ἐγ-

2442 4096 2733 4165 γωνιάζειν
2761 4095 2856 4148 καὶ
2884 4096 3032 4163 ἡμᾶς
3061 4094 3292 4163 ἔπρεπε,
3328 4094 3397 4145 τὰ
3420 4095 3647 4147 πλεῖστά
3680 4112 3739 4165 τε
3780 4100 4026 4165 σιωπᾷν·

2442 4189 2536 4242 xui.
2568 4188 2621 4240 τί
2647 4187 2755 4256 γὰρ
2776 4187 2963 4256 ἕτερον
2989 4186 3295 4256 δράσαιμεν
3324 4184 3408 4254 ἐφ’
3438 4181 3521 4249 οἷς
3542 4188 3637 4255 οὐχ
3663 4184 3912 4256 εὕρομεν
3942 4190 4031 4244 τὸν

2445 4280 2775 4347 συγγραφέα
2803 4277 2942 4346 ὁμοῦ
2974 4277 3296 4346 καθηγητὴν
3322 4279 3416 4331 καὶ
3454 4278 3782 4332 διδάσκαλον
3809 4300 3823 4345 ;
3865 4283 4032 4336 Ἀλλὰ

2445 4366 2691 4437 συνήθως
2716 4368 2863 4435 ὅμως
2892 4366 3303 4435 ὲπικλινόμενοι
3331 4369 3447 4430 τοῖς
3497 4371 3610 4431 σοῖς
3646 4371 4033 4439 ἐπιτάγμασιν

2446 4459 2664 4521 ἑκόντες
2692 4458 2945 4520 ἀέκοντες
2996 4458 3090 4509 καὶ
3119 4457 3228 4511 τῶν
3256 4459 3567 4526 άνεφίκτων
3601 4460 3703 4531 ἤδη
3757 4464 4032 4516 κατατολ-

755 4536 1095 4599 audeamus;
1136 4534 1226 4586 iila
1260 4533 1351 4586 vix
1391 4531 1691 4585 aﬂ‘erentes
1726 4547 2074 4602 quaecunque
2124 4534 2255 4588 hinc
2284 4544 2328 4587 et

2451 4550 2665 4619 μῶμεν*
2701 4551 2890 4602 ἐκεῖνα
2919 4550 3017 4603 καὶ⁵
3050 4549 3203 4617 μόλις
3235 4551 3653 4620 προσφέροντες
3701 4554 3922 4624 ὅσαπερ
3950 4558 4032 4608 έν-

754 4627 883 4680 inde
921 4628 974 4679 in
1025 4634 1369 4679 antecessum
1422 4624 1651 4678 summis
1701 4625 1932 4678 auribus
1980 4628 2335 4693 excepimus;

753 4736 807 4777 et
866 4721 1088 4774 interim
1143 4719 1550 4773 divinissimum
1611 4716 1882 4773 Joannem
1939 4719 2338 4774 Damasccnum

751 4815 817 4868 de
852 4812 1104 4883 paradiso
1134 4811 1198 4864 ad
1230 4811 1459 4864 verbum
1490 4811 1560 4862 ita
1586 4809 1900 4878 loquentem
1937 4811 2061 4863 audi
2092 4827 2104 4863 :
2142 4828 2160 4860 ι
2193 4808 2340 4875 Quo-

751 4909 897 4959 niam
947 4903 1092 4958 Deus
1151 4918 1215 4957 ex
1266 4902 1522 4956 invisibili
1560 4913 1614 4954 et
1645 4902 1841 4954 \‘isihili
1884 4911 2131 4955 creatura
2167 4903 2340 4957 homi-

753 5016 878 5051 nem
932 4999 1273 5049 inrmaturns
1333 5001 1454 5046 erat
1504 4993 1568 5046 ad
1630 4992 1907 5062 propriam
1959 4992 2246 5062 imaginem
2286 5002 2340 5047 et

755 5087 1195 5151 sinnlitndinem,
1238 5084 1615 5154 praecedenter
1679 5083 1846 5137 veluti
1900 5083 2099 5153 regiam
2134 5086 2339 5137 consti-

757 5183 880 5243 tuit,
928 5180 982 5233 in
1035 5194 1139 5248 qua
1175 5180 1379 5247 degens
1447 5177 1662 5231 beatam
1703 5178 1868 5229 vitam
1920 5178 2168 5231 duceret.
2216 5177 2338 5232 [lare

755 5286 937 5329 autem
968 5285 1051 5327 est
1082 5271 1304 5325 divinus
1342 5271 1627 5339 paradisus
1665 5269 1756 5323 Dei
1792 5270 2045 5323 manibus
2079 5272 2133 5322 in
2168 5270 2335 5324 Edetn

750 5372 1051 5438 plautatus,
1093 5366 1148 5417 in
1191 5368 1403 5418 oriente
1432 5363 1652 5431 quidem
1683 5363 1935 5416 universa
1980 5374 2124 5416 terra
2163 5365 2335 5417 subli-

754 5477 919 5526 tn:ns,
964 5458 1198 5529 positus,
1221 5458 1423 5527 plantis
1457 5472 1675 5526 semper
1712 5456 2015 5510 virentibus
2070 5472 2334 5523 comans;

751 5554 919 5611 odore
968 5553 1184 5622 plenus,
1246 5551 1369 5604 luce
1403 5548 1656 5614 aiiluens,
1715 5550 1982 5619 cujusque
2038 5550 2336 5618 spectaculi

752 5648 971 5702 sensilis
1028 5656 1084 5700 et
1152 5644 1581 5713 pulchritudinis
1680 5657 1947 5712 superans
2036 5642 2337 5713 intelligen—

754 5747 880 5797 tiam
909 5761 921 5807 ;
969 5740 1154 5795 divina
1202 5740 1429 5795 onmino
1462 5740 1647 5809 regio,
1679 5748 1733 5792 et
1780 5739 2005 5803 dignum
2030 5752 2115 5803 eo,
2149 5737 2241 5806 qui
2270 5736 2334 5790 ad

754 5835 1043 5905 inzaginctn
1103 5833 1191 5887 Dei
1241 5832 1419 5886 fat-tus
1473 5842 1641 5897 esset,
1703 5830 2101 5895 habitaculum,
2145 5834 2336 5899 inquo

2443 4642 2535 4695 θεν
2569 4641 2823 4694 κάκεῖθεν
2851 4640 3183 4710 ἐφθάκειμεν
3209 4642 3398 4713 ἄκροις
3443 4642 3578 4696 ὠσὶν
3606 4645 3988 4700 ἐνωτίσασθαι
4016 4666 4030 4680 ο

2443 4736 2538 4787 καὶ
2566 4734 2873 4803 τηνικαῦτα
2920 4732 3013 4785 τοῦ
3067 4734 3349 4787 θειοτάτου
3411 4736 3664 4787 Ἰωάννου
3706 4736 3808 4788 τοῦ
3843 4741 4033 4807 Δαμα-

2444 4820 2645 4889 σκηνοῦ
2678 4821 2819 4872 κατὰ
2852 4820 2997 4882 λέξιν
3035 4820 3180 4873 οὕτω
3210 4821 3339 4890 περὶ
3384 4821 3724 4889 παραδείσου
3774 4824 4030 4892 λέγοντος

2442 4912 2645 4965 ἄκουε·
2682 4929 2702 4961 ι
2748 4910 2968 4978 Ἐπειδὴ
3012 4910 3066 4962 δὲ
3098 4910 3323 4980 ἔμελλεν
3362 4913 3391 4962 ό
3417 4912 3551 4973 θεὸς
3597 4910 3659 4975 ἐξ
3699 4914 3949 4984 ἀοράτου
3978 4933 4033 4967 τε

2443 5010 2537 5056 καὶ
2589 5002 2792 5071 ὁρατῆς
2847 5003 3081 5064 κτίσεως
3140 5002 3544 5071 πλαστουργεῖν
3596 5005 3691 5056 τὸν
3740 5006 4032 5075 ἄνθρωπον

2444 5093 2565 5146 κατ’
2588 5093 2769 5145 οἰκίαν
2800 5093 2987 5145 εἰκόνα
3034 5109 3094 5145 τε
3130 5093 3220 5145 καὶ
3248 5093 3535 5161 ὁμοίωσιν,
3582 5097 4031 5167 προκαθῐστησιν

2442 5180 2556 5237 οἷόν
2584 5202 2637 5237 τι
2692 5185 2985 5253 βασίλειον,
3025 5186 3083 5236 ἐν
3111 5177 3153 5249 ᾧ
3186 5185 3543 5253 διαιτώμενος
3593 5188 3888 5255 μακαρίαν
3923 5190 4029 5253 [Eu

2442 5273 2609 5344 ζωήν.
2645 5276 2709 5327 Τί
2738 5274 2793 5327 δὲ
2817 5274 2974 5327 τοῦτό
3001 5276 3182 5339 ὲστιν;
3230 5275 3288 5327 '0
3326 5274 3471 5339 θεῖος
3514 5278 3861 5347 παράδεισος
3898 5281 4029 5335 Θεοῦ

2443 5368 2630 5437 χερσὶν
2661 5369 2717 5419 έν
2753 5367 2914 5435 Ἐδὲμ
2960 5367 3392 5435 πεφυτευμένος,
3416 5369 3473 5419 ὲν
3505 5368 3739 5439 ἀνατολῇ
3793 5373 3897 5435 μὲν
3930 5373 4029 5425 πά.

2446 5474 2544 5523 σης
2567 5457 2662 5523 τῆς
2693 5455 2795 5524 γῆς
2830 5454 3166 5525 ὑψηλότερον
3214 5456 3591 5525 διακείμενος,
3623 5463 3827 5526 φυτοῖς
3849 5464 4030 5515 aerea-

2442 5549 2558 5602 λέσι
2604 5548 2808 5617 κωμῶν
2840 5588 2855 5613 ,
2908 5548 3140 5610 εὐωδίας
3200 5547 3438 5618 πλήρης.
3483 5550 3667 5616 φωτὸς
3724 5552 3985 5623 έμπλεως
4012 5595 4027 5619 ,

2400 5640 2592 5711 νῶρας
2648 5640 2868 5710 ἁπάσης
2921 5640 3188 5709 αἰσθητῆς
3236 5640 3330 5692 καὶ
3384 5638 3616 5704 κάλλους
3678 5644 4025 5713 ὑπερβαίνων

2445 5734 2731 5786 ἐπίνοιαν·
2788 5733 2932 5784 οεῖον
2985 5722 3151 5794 ὅντως
3187 5732 3388 5802 χωρίον
3442 5733 3538 5785 καὶ
3597 5734 3754 5802 ἄξιον
3786 5737 3887 5791 τοῦ
3915 5738 4023 5791 κατ’

2443 5831 2630 5884 εἰκόνα
2652 5828 2788 5883 Θεοῦ
2813 5830 3160 5902 ἐνδιαίτημα·
3190 5830 3246 5882 εν
3276 5822 3319 5899 ᾧ
3342 5830 3497 5883 οὐδὲν
3515 5832 3730 5902 ἀλόγων
3756 5835 4018 5890 Exulis“?
