4186 6430
708 368 820 427 ἴε.θῖ

1975 367 2412 426 ’ΜιαιιΑΕιιδ
2453 365 2712 425 (ΠΧΟΕ

3901 365 4014 426 εοε

716 499 930 536 ιἰηῚιΙΞὶ,
981 482 1070 548 qui
1109 482 1390 549 hucusque
1447 481 1652 544 vivere,
1715 491 1771 534 ut
1809 482 2066 543 arbitror,
2111 482 2297 550 mgni-

2413 477 2567 541 ἕξεως
2597 477 2771 529 οὐδενὶ
2797 476 2904 529 τῶν
2939 477 3033 530 ἀπ’
3067 476 3286 538 αἰῶνος,
3317 476 3390 538 ὡς
3423 472 3604 544 οἶμαι,
3640 477 4015 544 διέγγωσεακ

719 589 828 625 mni
867 583 968 634 est,
1023 573 1146 639 quia
1203 582 1255 624 ct
1297 572 1676 625 sanctissimus
1727 571 1962 640 Spiritus
2009 574 2121 625 ha:e
2180 572 2305 624 reti-

714 667 848 717 cuit.
883 665 939 717 Si
967 663 1307 732 corruptioni
1356 663 1628 716 obnoxius
1681 673 1797 716 erat
1851 663 2154 731 paradisus,
2199 679 2303 715 non

716 757 902 824 utique
929 757 1136 822 justum
1166 755 1431 807 latronem
1461 756 1514 808 iu
1543 754 1720 823 ipsum
1761 754 2022 808 Servator
2059 767 2305 809 vocasset

715 849 944 900 dicens:
982 863 999 896 ι
1047 845 1217 900 llodie
1247 862 1463 900 mecum
1509 847 1624 902 eris
1687 864 1740 900 tu
1806 848 2078 916 paradiso.
2117 867 2133 898 ι
2174 847 2306 912 Quae

714 940 921 994 ctenim
952 941 1243 994 retributio
1304 939 1670 995 confessionis
1705 940 2082 1010 hujuscemodi
2139 941 2207 994 ab
2240 955 2306 992 eo

715 1035 770 1086 in
808 1047 968 1086 cruce
1000 1032 1181 1094 factae,
1226 1031 1281 1084 in
1343 1030 1547 1084 fluxum
1592 1031 1911 1100 paradisum
1966 1031 2190 1085 induci?
2248 1030 2302 1084 Si

715 1123 1094 1192 corruptibilis
1137 1133 1254 1177 erat
1295 1124 1584 1192 paradisus
1615 1163 1630 1188 ,
1677 1125 1952 1192 quomodo
2007 1133 2196 1193 raptus
2249 1124 2305 1176 in

717 1217 892 1285 ipsum
925 1215 1120 1269 Paulus
1150 1215 1452 1282 admirans,
1479 1215 1554 1270 ibi
1585 1217 1842 1270 edoctum
1870 1230 2067 1270 arcane
2101 1232 2160 1271 se
2185 1229 2306 1270 esse

720 1304 1016 1358 ineffabilia
1047 1306 1136 1358 illa
1201 1306 1367 1360 verba
1406 1306 1814 1373 pronuntiavit?
1847 1306 2001 1360 Disce
2057 1306 2220 1376 igitur
2253 1317 2308 1362 et

721 1398 810 1451 hic
845 1409 901 1450 ut
932 1413 958 1449 a
995 1396 1438 1452 contradictione
1488 1413 1692 1463 cesses,
1729 1402 2082 1468 corruptione
2138 1413 2305 1470 supc-

721 1487 917 1540 riorcm
954 1487 1265 1556 paradisum
1301 1487 1492 1542 fuisse.
1531 1487 1644 1542 Nisi
1706 1489 1852 1543 etaim
1890 1491 1991 1544 hoc
2016 1499 2154 1554 erat,
2196 1506 2303 1544 non

718 1580 1107 1649 uliquejuslus
1134 1581 1534 1649 Agouotbetes,
1573 1591 1628 1635 ut
1659 1583 1739 1636 ait
1771 1581 2184 1646 Theodoretus,
2219 1583 2305 1637 his

715 1671 812 1740 qui
852 1673 902 1723 in
939 1672 1236 1724 virtutibus
1266 1682 1506 1734 certant,
1534 1673 1819 1742 prmmium
1855 1674 2175 1743 paradisum
2231 1676 2303 1727 ila

719 1761 1117 1830 proposuisset.
1157 1760 1273 1815 Non
1332 1763 1516 1830 utique
1568 1764 1817 1818 victrices
1855 1773 2151 1835 martyrum
2186 1766 2305 1819 aui-

719 1869 835 1906 mas
871 1865 996 1923 post
1026 1863 1103 1907 tot
1130 1870 1192 1906 ac
1221 1865 1399 1908 tantos
1428 1857 1663 1922 labores,
1718 1867 1777 1910 ut
1810 1857 2154 1926 requiescant
2192 1859 2308 1928 ipse

718 1947 1011 2014 reciperet.
1045 1947 1411 2017 (Zorruptione
1443 1958 1629 2003 autem
1665 1954 2006 2018 superiorem
2042 1965 2164 2005 esse
2215 1967 2309 2020 pa-

723 2040 964 2095 radisum
1006 2049 1058 2093 ct
1093 2040 1208 2109 ipse
1248 2056 1479 2110 magnus
1503 2041 1844 2096 Athanasius
1875 2043 1930 2096 in
1972 2043 2308 2109 Quaestioni-

708 2133 823 2186 ’bus
858 2133 924 2187 ad
959 2132 1291 2186 Antiochum
1355 2136 1425 2187 ita
1475 2135 1591 2188 ait:
1646 2155 1662 2186 ι
1706 2134 1974 2206 Respectu
2031 2138 2305 2192 fructuum

721 2225 1018 2294 autemqui
1043 2225 1186 2294 apud
1222 2241 1323 2279 nos
1362 2237 1490 2279 sum
1547 2237 1602 2281 et
1639 2228 2042 2295 paradisorum,
2073 2227 2164 2282 ille
2189 2243 2308 2282 cor-

721 2319 979 2387 ruptione
1009 2321 1157 2373 omni
1218 2318 1506 2372 sublimior
1566 2329 1673 2384 est;
1718 2331 1970 2389 respectu
2027 2336 2156 2375 vero
2193 2321 2308 2391 glo-

722 2411 812 2463 τὶιε
849 2409 1157 2463 futurorum
1196 2409 1486 2474 bonorum,
1519 2424 1642 2479 quae
1665 2410 1860 2464 oculus
1913 2425 2025 2464 non
2056 2411 2216 2472 vidit,
2251 2420 2307 2465 et

720 2501 870 2553 auris
897 2514 1000 2552 ιιοη
1028 2499 1257 2560 audivit,
1295 2506 1348 2551 et
1378 2499 1430 2550 in
1463 2511 1560 2552 cor
1594 2498 1836 2554 hominis
1878 2514 1985 2553 non
2043 2496 2307 2551 ascende-

725 2601 873 2648 runt.
906 2591 1131 2644 omnino
1192 2590 1372 2643 minor
1406 2599 1510 2645 est.
1549 2609 1568 2642 ι
1605 2591 1712 2645 Sed
1769 2601 1822 2645 ct
1864 2591 2309 2665 hymnographus

726 2699 957 2753 magnus
989 2684 1215 2737 Cosmas
1252 2686 1321 2736 ita
1359 2684 1568 2748 dicens,
1609 2703 1625 2733 ι
1671 2683 1904 2753 Lignum
1934 2698 2058 2737 cum
2097 2681 2308 2753 gustas-

732 2789 815 2830 set
852 2778 1063 2846 primus
1096 2775 1407 2829 mortalium
1444 2776 1788 2846 corruptioni
1841 2775 2059 2828 inhaesit
2083 2814 2096 2839 ,
2128 2792 2145 2824 ι
2181 2790 2306 2842 per-

723 2874 913 2942 Spicue
968 2872 1366 2926 demonstravit
1413 2871 1784 2937 corruptionis
1841 2881 2122 2941 expertem
2184 2885 2308 2925 esse

723 2967 1060 3036 paradisum.
1100 2966 1156 3020 Si
1195 2967 1366 3027 enim.
1399 2966 1561 3021 sicuti
1595 2965 1799 3019 dictum
1815 2966 2306 3034 est,corruptioni,

724 3071 1011 3130 postquam
1047 3062 1250 3130 lignum
1279 3070 1576 3129 gustasset,
1610 3060 1854 3114 Adamus
1885 3059 2122 3124 inlitesit,
2188 3075 2307 3113 ma-

2407 574 2486 622 ὅτι
2515 570 2609 622 καὶ
2650 570 2724 638 τῷ
2770 569 3023 638 παναγίῳ
3059 567 3235 622 ταῦτα
3272 569 3562 638 σεσίγηται
3594 569 3927 638 Πνεύματι.
3963 570 4020 620 El

2407 661 2646 731 φθαρτὸς
2679 657 2745 732 ἧν
2777 664 2804 714 6
2840 664 3188 732 παράδεισος,
3211 664 3310 732 οὒκ
3336 663 3402 714 ἂν
3431 663 3522 714 τὸν
3543 663 3767 716 δίκαιον
3799 662 4020 730 λῃστὴν

2407 755 2479 810 εί,
2515 756 2732 807 αύτδνό
2772 756 2966 824 Σωτὴρ
3015 756 3204 806 ἐκάλει
3253 755 3467 822 λέγων·
3512 772 3530 804 ι
3583 755 3857 824 Σήμερον
3898 754 4018 822 μετ’

2408 844 2543 912 ἐμοῦ
2575 846 2673 916 ἔσῃ
2703 849 2760 898 ἐν
2794 846 2871 916 τῷ
2904 846 3241 914 παραδείσῳ.
3293 863 3311 895 ι
3349 845 3482 897 [hia
3519 845 3620 897 καὶ
3651 845 3769 913 γάρ
3799 844 4019 896 auia:-

2408 954 2489 999 σις
2519 939 2617 1005 τῆς
2661 939 2751 990 ἐπὶ
2781 939 3020 1007 σταυροῦ
3073 938 3333 1008 τοιαύτης
3381 938 3681 1006 ὁμολογίας
3719 936 3928 999 aito],
3959 937 4018 985 τὸ

2408 1031 2486 1091 είς
2529 1030 2755 1100 ῥευστδν
2791 1030 3117 1098 εἰσαχθῆναι
3155 1029 3530 1098 παράδεισον;
3567 1029 3626 1080 Εἰ
3659 1029 3921 1097 φθαρτὸς
3952 1021 4016 1096 ἢν

2406 1126 2434 1175 6
2467 1123 2820 1187 παράδεισος,
2856 1123 2976 1181 πῶς
3012 1122 3113 1189 τὴν
3161 1122 3220 1172 ὲν
3256 1119 3407 1188 αύτῷ
3454 1119 3770 1187 θαυμάζων
3801 1122 3828 1171 ὁ
3868 1118 4015 1170 Παῦ-

2407 1215 2496 1277 λος
2531 1215 2790 1284 ἁρπαγὴν
2813 1215 2928 1267 ἐκεῖ
2954 1212 3462 1283 μυσταγωγηθῆναι
3484 1212 3553 1264 τά
3578 1213 3810 1282 ἄρρητα
3836 1212 4015 1262 ζκεῖνα

2407 1308 2561 1376 ἔλεγε
2590 1310 2813 1378 ῥήματα
2843 1306 3152 1372 ;·Μάνθανε
3179 1305 3273 1359 οὖν
3305 1304 3611 1359 κάντεῦθεν
3645 1305 3725 1366 ῶς
3760 1306 4016 1357 ἀγάπα.-

2409 1416 2494 1463 σις
2529 1399 2848 1465 ἀντιλογίας
2899 1383 3173 1469 κρείττων
3229 1398 3470 1468 ρεύσεως
3496 1398 3525 1450 6
3557 1397 3930 1466 παράδεισος.
3960 1396 4015 1445 ΕΞ

2411 1491 2486 1561 μὴ
2520 1491 2628 1560 γὰρ
2657 1489 2816 1542 τοῦτο
2848 1485 2940 1559 ἦν,
2964 1484 3066 1542 οὐκ
3095 1490 3161 1541 ἂν
3187 1491 3215 1541 6
3250 1489 3464 1550 δίκαιος
3505 1486 4014 1556 Ἀγωνοθὲτης,ῶς

2408 1583 2512 1637 πού
2543 1599 2677 1652 φησι
2709 1581 3075 1651 Θεοδὼρητος,
3095 1583 3206 1642 τοῖς
3239 1580 3381 1648 ὑπὲρ
3413 1579 3631 1648 ἀρετῶν
3663 1580 4014 1646 ἀγωνιζομέ-

2409 1693 2523 1738 νοις
2567 1675 2805 1728 ἔπαθλον
2842 1671 3035 1742 ῶσπερ
3070 1669 3352 1740 προῦθηκε
3379 1671 3474 1724 τὸν
3499 1670 3850 1738 παράδεισον
3880 1691 3892 1699 ·
3922 1675 4014 1722 οᾲκ

2411 1769 2480 1822 ἂν
2507 1769 2606 1830 τὰς
2638 1765 2985 1829 καλλινίκους
3015 1764 3124 1818 τῶν
3166 1763 3467 1835 μαρτύρων
3519 1763 3702 1833 ψυχάς
3759 1765 3907 1830 μετὰ.
3936 1781 4015 1814 το-

2413 1865 2638 1922 σούτους
2668 1861 2953 1929 καμάτους
2984 1859 3352 1921 ἀναπαύσεως
3406 1859 3600 1910 ἕνεκεν
3635 1857 3817 1917 αὐτὸς
3850 1857 4014 1907 διεξῇ-

2413 1971 2557 2027 χετο.
2587 1956 2708 2006 Ὀτι
2743 1954 2953 2023 φθορᾶς
2983 1951 3258 2020 ἀνώτερος
3280 1952 3308 2002 ό
3335 1950 3693 2020 παράδεισος,
3719 1948 3824 1999 καὶ
3855 1947 4012 2006 αὐτὸς

2411 2052 2440 2103 6
2477 2047 2645 2119 μέγας
2692 2046 3016 2108 Ἀθανάσιος
3049 2047 3111 2098 ὲν
3161 2046 3276 2108 τοῖς
3327 2043 3464 2112 πρὸς
3532 2042 3830 2110 ’Δντίοχον
3878 2039 4014 2090 citro

2413 2141 2614 2210 φησίν’
2649 2158 2666 2190 ι
2717 2139 2859 2209 "pb;
2894 2138 2994 2206 μὲν
3033 2137 3159 2199 τοὺς
3206 2133 3336 2202 παρ’
3364 2135 3498 2203 ημῖν
3531 2132 3794 2201 καρπούς
3830 2149 3892 2183 τε
3927 2133 4014 2180 καὶ

2414 2232 2779 2301 παραδείσους
2818 2229 3000 2298 πάσης
3035 2227 3245 2297 φθορᾶς
3269 2225 3429 2278 ἐστιν
3463 2223 3816 2292 ὑψηλότερος
3839 2239 3854 2252 ·
3883 2222 4013 2289 πρὸς

2412 2323 2471 2375 δὲ
2520 2322 2619 2393 τὴν
2654 2321 2813 2386 δόξαν
2870 2320 2979 2373 τῶν
3036 2320 3345 2390 μελλόντων
3399 2317 3622 2386 ἀγαθῶν
3652 2317 3692 2369 ἃ.
3725 2316 4013 2384 ὀρθαλῳὸς

2413 2419 2514 2473 οὐκ
2543 2414 2677 2483 οἶδε,
2710 2417 2800 2470 καὶ
2827 2411 2918 2479 οὖς
2956 2415 3056 2470 οὐκ
3104 2415 3331 2484 ἤκουσε,
3364 2413 3461 2466 καὶ
3496 2412 3595 2465 ἐπὶ
3629 2411 3877 2478 καρδίαν
3927 2411 4013 2460 άν-

2413 2513 2633 2583 θρώπου
2663 2510 2765 2562 οὐκ
2793 2507 2986 2577 ἀνέϐη,
3013 2509 3110 2561 καὶ
3135 2509 3277 2562 πάνυ
3305 2506 3551 2559 ἐλάσσων
3585 2505 3765 2558 ὲστίν.
3803 2519 3825 2553 ι
3855 2500 4014 2552 ’Δλὶὰ

2412 2605 2508 2657 καὶ
2539 2605 2567 2655 6
2597 2602 2946 2671 ὑμνογράφος
2984 2597 3156 2668 μέγας
3179 2599 3405 2667 Κοσμᾶς
3435 2595 3585 2650 οὓτω
3614 2596 3828 2662 λέγων,
3856 2612 3874 2642 ι
3913 2592 4014 2644 Eb

2414 2694 2508 2745 λου
2544 2691 2884 2760 γευσάμενος
2917 2692 2946 2743 6
2982 2690 3200 2757 πρῶτος
3233 2690 3290 2740 ἐν
3325 2687 3542 2757 βροτοῖς
3586 2686 3776 2756 φοορᾷ
3827 2683 4016 2752 πειρῴ·

2414 2803 2608 2856 κησεν,
2659 2803 2677 2835 ι
2721 2783 2997 2854 ἁριδήλως
3031 2782 3260 2852 ἐνέφηνε
3296 2781 3388 2833 τὸν
3421 2779 3769 2848 παράδεισον
3802 2779 4019 2847 ἄφθαρ-

2413 2895 2526 2932 τον.
2558 2879 2620 2931 Εἰ
2653 2878 2786 2946 γὰρ,
2825 2875 3075 2943 καθάπερ
3103 2876 3347 2942 εἴρηται,
3379 2871 3560 2941 φθορὰ
3599 2872 3750 2937 μετὰ
3787 2871 3890 2939 τὴν
3924 2868 4017 2920 τοῦ

2417 2971 2575 3035 ξύλου
2604 2969 2790 3038 γεῦσιν
2831 2971 2859 3022 ὁ
2910 2970 3084 3036 Ἀδὰμ
3120 2969 3329 3030 ἐκεῖνος
3376 2964 3748 3034 παρῴκησεν,
3787 2961 4018 3028 εὖλογον

2416 3065 2634 3125 πάντως
2667 3066 2751 3116 ὅτι
2785 3062 2890 3130 πρὸ
2922 3060 3020 3130 τῆς
3051 3060 3310 3128 τοιαύτης
3345 3058 3590 3126 γεύσεως
3615 3059 3674 3108 ὲν
3704 3054 4018 3125 ἁφθάρτοις

723 3154 986 3208 nifestum
1014 3153 1243 3207 omnino
1275 3164 1380 3218 est,
1411 3151 1870 3222 autehujusmodi
1910 3151 2228 3207 libationem
2255 3153 2308 3206 iu

2416 3158 2637 3229 χωρίοις
2674 3157 2917 3209 ἐποιεῖτο
2946 3156 3045 3223 τὴν
3081 3155 3319 3221 οἴκησιν.

728 3242 1132 3297 inunortalibus
1163 3241 1299 3296 locis
1328 3243 1662 3296 domicilium
1693 3242 1973 3303 habuisse.

795 3335 971 3403 Supra
1003 3334 1418 3404 corruptionem
1470 3334 1633 3402 igitur
1653 3334 1940 3403 paradisus
1969 3344 2074 3396 est,
2106 3342 2162 3386 et
2186 3334 2307 3399 ejus

722 3431 935 3481 fruetus
958 3441 1171 3480 omnes.
1198 3426 1313 3480 Nisi
1349 3429 1496 3480 enim
1533 3426 1603 3479 ita
1653 3441 1739 3480 res
1791 3442 1850 3480 se
1895 3426 2143 3491 haberet,
2199 3439 2308 3478 non

723 3522 911 3589 utique
941 3520 1112 3573 divini
1137 3519 1327 3572 Patres
1352 3534 1568 3586 semper
1603 3520 1844 3573 virentes
1875 3519 2148 3573 dixissent
2188 3517 2309 3586 ejus

726 3614 936 3680 plautas
955 3623 1007 3665 et
1037 3611 1399 3665 immortales.
1454 3610 1509 3664 Si
1539 3624 1665 3664 vero
1701 3611 1912 3666 fruetus
1971 3609 2307 3678 incorrupti-

725 3707 881 3765 biles,
909 3705 1072 3757 etiam
1105 3703 1512 3774 prastantiores
1563 3703 1785 3757 oumiuo
1843 3711 1992 3765 sunt,
2053 3719 2214 3771 quam
2253 3714 2311 3755 ut

723 3799 807 3850 edi
843 3797 1069 3866 possint.
1115 3797 1169 3850 Si
1200 3798 1343 3850 enim
1382 3807 1437 3850 et
1461 3807 1705 3849 sanetam
1739 3796 2078 3864 Seripturam
2121 3797 2192 3846 ita
2221 3794 2308 3846 di-

725 3902 937 3946 centem
979 3889 1213 3944 audisti:
1256 3909 1271 3939 ι
1311 3888 1388 3942 Ex
1421 3889 1569 3942 omni
1599 3889 1767 3959 ligno,
1797 3887 1942 3957 quod
1971 3887 2025 3940 in
2059 3887 2309 3955 paradiso

726 3996 830 4046 ost,
867 3982 1260 4048 niauducabis;
1292 4001 1308 4032 ι
1336 3992 1388 4035 et
1417 3997 1525 4034 non
1563 3990 1849 4050 propterea
1885 3979 2170 4034 oﬂendere
2211 3993 2311 4047 par

723 4078 880 4132 cstiu
921 4078 1018 4132 hac
1039 4077 1342 4144 Scriptura:
1389 4075 1728 4147 indulgentia
1767 4083 1823 4128 et
1858 4071 2150 4136 crassitie;
2213 4087 2310 4124 ne-

723 4187 830 4239 quc
887 4171 1144 4224 seusilem
1199 4169 1675 4223 manducatiouem
1729 4167 1928 4221 divinis
1986 4165 2168 4220 verbis
2223 4165 2310 4217 hic

714 4261 1021 4329 signiﬁcari
1057 4261 1358 4329 putandum
1387 4270 1492 4312 est.
1519 4257 1630 4311 Cur
1656 4258 1800 4310 enim
1826 4256 1966 4309 fluxa
1999 4269 2189 4308 mensa
2212 4270 2309 4322 ap-

725 4362 982 4420 ponatur,
1018 4353 1059 4405 si
1083 4353 1240 4417 juxta
1288 4365 1451 4404 aurea
1482 4350 1644 4404 verba
1679 4350 2001 4402 fundentem
2039 4346 2308 4401 Joannem

726 4442 1048 4513 prolopl.rsti
1089 4443 1251 4496 rebus
1284 4442 1540 4495 omnibus
1574 4441 1952 4509 corporalibus
1994 4437 2311 4508 superiores

727 4536 924 4587 erant?
951 4537 1005 4587 Si
1038 4535 1183 4587 enim
1217 4533 1592 4602 corruptibilis
1625 4543 1841 4586 creatus
1868 4539 2003 4584 csta
2041 4529 2310 4596 principio

727 4628 992 4689 Adamus,
1021 4637 1074 4679 ct
1111 4625 1238 4678 fluxi
1276 4626 1590 4679 necessario
1619 4623 1894 4692 indigebat
1924 4620 2194 4684 alimenti,
2229 4620 2312 4673 vel

727 4720 1032 4773 secundum
1055 4733 1312 4772 ευιιειιιηι
1339 4727 1582 4770 sanctam
1603 4715 1972 4783 Scripturam,
1996 4710 2319 4780 incorrupti-

727 4813 851 4867 bilis
877 4811 1176 4879 traductus
1207 4819 1310 4874 est,
1335 4823 1517 4877 neque
1545 4808 1651 4859 ulla
1678 4816 1794 4858 erat
1814 4804 2040 4858 omnino
2061 4801 2312 4870 indigen-

734 4904 806 4957 tia
840 4903 1110 4956 ﬂuxorum
1150 4903 1451 4963 fructuum,
1491 4914 1615 4951 cum
1652 4913 1830 4966 neque
1861 4893 2206 4963 corruptibili
2237 4893 2312 4946 uti

726 5012 916 5051 mensa
960 4993 1439 5063 incorruptibilem
1496 4991 1693 5045 rationi
1739 5003 2040 5044 consonum
2076 4989 2166 5041 sit.
2236 4984 2314 5039 Ne

723 5089 889 5160 igitur
940 5086 1214 5140 consitum
1280 5084 1374 5137 Dei
1417 5083 1669 5136 manibus
1722 5081 2036 5150 paradisum
2103 5077 2312 5133 fluxum

722 5181 1093 5239 exsistimato;
1124 5192 1300 5246 neque
1331 5176 1637 5231 secundum
1685 5175 1924 5228 litteram
1959 5182 2169 5226 tantum
2219 5169 2316 5224 ~di-

723 5273 848 5325 vina
890 5269 1053 5324 verba
1096 5269 1204 5322 adi.
1262 5269 1486 5322 Attente
1520 5268 1666 5319 enim
1717 5265 1839 5319 vide
1873 5265 2008 5319 alios
2047 5263 2313 5333 quosdam

725 5363 970 5434 idipsum
1025 5361 1295 5416 facientes
1342 5361 1395 5415 in
1452 5362 1688 5415 absurda
1743 5359 2026 5413 ratiocinia
2062 5359 2314 5428 delapsos

721 5457 914 5511 fuisse.
954 5453 1015 5508 lli
1050 5454 1197 5508 enim
1226 5454 1570 5522 corporalem
1596 5468 1719 5507 esse
1747 5451 1915 5506 Deum
1961 5451 2316 5521 quemadmo-

720 5553 853 5604 dum
909 5564 1012 5603 nos
1057 5550 1428 5614 censueruntj;
1488 5547 1578 5600 alii
1633 5563 1761 5601 vero
1818 5546 1997 5598 anima
2060 5542 2314 5597 rationali

723 5647 880 5699 bruta
908 5658 1031 5697 esse
1065 5641 1286 5712 praedita
1321 5640 1526 5709 opinati
1575 5650 1739 5702 sunt,
1778 5639 1946 5693 Deum
1981 5639 2188 5693 scilicet
2216 5654 2315 5690 au-

723 5739 938 5790 dientes
966 5738 1282 5792 volucribus
1312 5747 1364 5790 et
1426 5734 1671 5804 piscibus
1720 5735 2086 5789 benedixisse.
2143 5731 2312 5786 Mani-

721 5833 856 5888 εωιί
893 5848 1022 5885 vero
1072 5841 1198 5900 post
1233 5831 1626 5899 protoplastos,
1687 5829 1833 5883 viros
1890 5838 1941 5882 et
1990 5827 2219 5880 feminas
2251 5826 2305 5878 iu

2346 4500 2385 4552 D

2481 3341 2693 3410 Φθορᾶς
2747 3341 2847 3407 μὲν
2896 3339 2989 3392 οὖν
3030 3337 3268 3407 ὕπερθεν
3298 3338 3326 3391 6
3361 3330 3721 3407 παράδεισος,
3749 3339 3852 3392 καὶ
3880 3339 3930 3389 hi
3962 3339 4019 3390 ἐν

2411 3435 2561 3498 αὐτῷ
2597 3437 2798 3495 πάντες
2854 3433 3057 3503 καρποί
3086 3447 3100 3462 '
3128 3433 3179 3483 εί
3215 3432 3294 3501 μὴ
3339 3431 3447 3500 γὰρ
3495 3430 3658 3483 τοῦτο
3687 3427 3783 3502 ἦν,
3813 3431 3918 3484 ούκ
3953 3433 4018 3482 ἂν

2408 3528 2462 3582 'ot
2498 3528 2633 3578 θεῖοι
2676 3524 2915 3594 Ιιατέρες
2958 3523 3184 3592 ἀειθαλῆ
3232 3523 3423 3590 ελεγον
3459 3520 3705 3576 εἶναιτὰ
3755 3527 3819 3576 ἑν
3869 3523 4018 3590 αὑτῴ

2413 3621 2555 3688 φυτά
2590 3620 2684 3670 καὶ
2715 3617 2982 3672 ἀθάνατα.
3023 3617 3084 3668 Ei.
3114 3616 3171 3668 δὲ
3202 3617 3268 3668 τά
3301 3617 3412 3670 τῶν
3452 3617 3691 3686 καρπῶν
3727 3618 4013 3686 ἄφθαρτα,

2415 3712 2624 3764 καὶτοῦ
2660 3709 2939 3780 βρωθῆναι
2983 3710 3202 3770 πάντως
3234 3707 3504 3778 ἀνώτερα.
3537 3707 3602 3761 Εἰ
3635 3710 3750 3778 γάρ
3783 3714 3882 3762 καὶ
3915 3715 4015 3777 τῆς

2413 3807 2574 3872 ἁγίας
2602 3804 2824 3872 Γραφῆς
2857 3802 2999 3853 οὕτω
3023 3802 3294 3870 λεγούσης
3325 3801 3571 3872 ήκουσας
3589 3817 3603 3832 ·
3642 3819 3660 3852 ι
3706 3803 3846 3856 ’Δπὺ
3874 3819 4013 3854 πιν-

2413 3899 2500 3960 τὸς
2539 3896 2698 3961 ξύλου
2727 3893 2822 3946 τοῦ
2869 3895 2927 3945 ὲν
2976 3893 3054 3962 τῷ
3088 3893 3413 3964 παραδείσῳ
3464 3893 3672 3964 βρώσει
3708 3895 3901 3965 φάγῃς
3926 3914 3939 3926 ·
3985 3915 4008 3947 ›

2412 3992 2525 4045 ἀλλ’
2553 3990 2615 4042 οὐ
2660 3985 2946 4040 διὰςτοῦτο
3006 3987 3099 4037 καὶ
3154 3987 3527 4053 προσκόπτειν
3559 3985 3717 4049 ἀξιον
3758 3991 3829 4056 τῇ
3874 3988 3912 4039 Γ
3916 4005 4014 4054 ρα-

2415 4081 2546 4147 φικῇ
2579 4077 2750 4146 ταύτῃ
2801 4073 3218 4140 συγκαταόάσει
3271 4089 3332 4123 τε
3386 4071 3482 4124 καὶ
3532 4073 3856 4142 παχύτητι,
3891 4075 4012 4127 οὐδὲ

2418 4171 2618 4240 βρῶσιν
2646 4165 2912 4234 αἰσθητὴν
2944 4162 3196 4216 ἐντεῦθεν
3219 4161 3433 4216 οἴεσθαι
3459 4165 3917 4234 κατασημαίνειν
3946 4166 4016 4217 τά

2417 4264 2534 4316 θεῖα
2579 4263 2740 4331 ῥητά.
2788 4259 2908 4311 Τίνι
2939 4258 3036 4309 καὶ
3081 4256 3190 4326 γὰρ
3226 4258 3261 4324 ή
3295 4258 3501 4326 ρευστὴ
3528 4257 3783 4326 τράπεζα
3833 4261 4014 4326 προς)-

2417 4371 2588 4414 κειτο,
2619 4352 2731 4417 εἴγε
2762 4349 2907 4402 κατὰ
2941 4348 3032 4401 τὸν
3063 4347 3501 4417 χρυσορρήμονα
3543 4347 3831 4418 Ἰωάννην,
3867 4348 4018 4401 ἀνώ-

2411 4436 2472 4497 ’τε
2483 4462 2565 4514 ροι
2583 4440 2724 4513 ἦσαν
2750 4442 2970 4496 πάντων
2993 4440 3102 4492 τῶν
3127 4437 3458 4506 σωματικῶν
3479 4439 3526 4491 oi
3551 4439 4013 4506 πρωτόπλαστοι;

2417 4538 2478 4589 Εἰ
2511 4536 2618 4605 γὰρ
2654 4534 2894 4604 φθαρτὸς
2939 4531 3190 4594 ὶκτίζετο
3242 4530 3366 4583 κατ’
3407 4531 3582 4601 ἀρχάς
3608 4533 3636 4583 6
3681 4531 3881 4600 Ἀδὰμ,
3920 4536 4016 4585 καὶ

2417 4629 2651 4699 ῥευστῆς
2703 4627 2762 4691 ἐξ
2816 4626 3064 4694 ἀνάγκης
3101 4625 3276 4677 ἐδεῖτο
3331 4622 3646 4693 τροφῆς-ἢ
3707 4627 3858 4676 κατὰ
3915 4627 4017 4694 τὴν

2415 4720 2580 4787 ἁγίαν
2614 4719 2842 4789 Γραφὴν
2897 4719 3078 4770 πᾶσαν
3113 4716 3395 4786 ἄφθαρτος
3434 4717 3645 4776 ἰκτῖνος
3692 4722 4015 4786 supinato,

2417 4819 2511 4867 καὶ
2548 4816 2706 4884 χρεία
2736 4815 2964 4882 καρπῶν
2999 4812 3196 4878 οίρμὲν
3227 4805 3296 4882 ἦν
3331 4809 3554 4872 πάντως
3593 4812 3870 4878 ρευστῶν,
3929 4813 4016 4863 ὅτι

2420 4906 2556 4975 μηδὲ
2593 4905 2805 4974 φθαρτῇ
2840 4903 3148 4972 κεχρῆσθαι
3179 4901 3437 4972 τραπέζῃ
3476 4902 3571 4953 τὸν
3603 4902 3895 4970 ἄφθαρτον
3927 4904 4016 4954 εε-

2417 4996 2598 5061 λογον.
2631 4993 2722 5063 Μὴ
2759 4994 2933 5046 τοίνυν
2972 4991 3063 5044 τὸν
3092 4991 3251 5060 χερσὶ
3278 4989 3414 5041 Θεοῦ
3446 4991 3874 5057 πεφυτευμένον
3907 5009 4014 5042 πα-

2418 5088 2670 5158 ράδεισον
2693 5084 2920 5153 ῥευστὺν
2942 5083 3295 5150 ὑπολάμϐανε
3317 5095 3332 5113 ⁸
3357 5080 3496 5150 μηδὲ
3521 5081 3664 5133 κατὰ
3686 5082 3750 5132 τὺ
3767 5084 4014 5151 γράμμα

2420 5179 2581 5249 μόνον
2609 5178 2849 5246 ἐπέρχου
2881 5175 2950 5226 τὰ
2987 5174 3107 5226 θεῖα
3144 5174 3283 5244 ῥητά
3307 5190 3320 5205 ·
3358 5173 3463 5242 ὅρα
3490 5173 3598 5242 γὰρ
3621 5175 3901 5242 νουνεχῶς
3927 5176 4011 5228 δτι

2417 5272 2512 5325 καί
2541 5286 2684 5331 τινες
2716 5270 2896 5336 ἕτεροι
2929 5267 3093 5320 τοῦτο
3127 5265 3399 5327 παθόντες
3432 5266 3512 5327 είς
3545 5264 3852 5332 λογισμοὺς
3887 5268 4012 5318 ἀτάρ

2419 5380 2556 5425 πους
2587 5360 2987 5430 ἐξεϐλήθησαν.
3038 5360 3104 5410 Ol.
3156 5359 3255 5429 μὲν
3303 5357 3412 5428 γὰρ
3470 5359 3795 5426 ὲνσὼματον
3863 5339 4013 5411 civi:

2417 5451 2511 5506 τὸν
2544 5449 2678 5502 Θεὸν
2708 5448 2835 5502 καθ’
2877 5450 2909 5517 ἡ
2922 5448 3030 5517 μᾶς
3063 5446 3434 5515 ὲδογμάτισαν
3457 5461 3472 5478 ’
3513 5445 3693 5514 ἕτεροι
3722 5447 3778 5498 δὲ
3806 5450 3909 5500 καὶ
3941 5455 4012 5501 τά

2421 5540 2591 5611 θηρία
2617 5538 2812 5610 νοερὰν
2841 5537 2988 5608 ἔχειν
3011 5536 3190 5607 ψυχὴν
3227 5535 3587 5605 ὑπειλήφασι,
3629 5535 3726 5587 τοῦ
3757 5535 3898 5588 Θεοῦ
3920 5538 4015 5604 6?;-

2421 5637 2514 5690 θεν
2551 5632 2888 5694 ἀκούσαντες
2917 5631 2985 5683 τὰ
3036 5629 3261 5682 πετεινὰ
3314 5629 3413 5681 καὶ
3446 5629 3573 5691 τοὺς
3628 5627 3822 5697 ἰχθύας
3855 5628 4016 5681 εὐλο-

2421 5729 2668 5798 γοῦντος.
2722 5725 3023 5793 Βίανιχαῖοι
3073 5722 3131 5774 δὲ
3184 5722 3322 5790 μετὰ
3353 5721 3480 5784 τοὺς
3535 5722 4012 5792 πρωτοπλάστους

2418 5822 2609 5892 ἄνδρες
2647 5819 2783 5890 ὁμοῦ
2814 5819 3188 5887 καὶγυναίκες
3218 5819 3275 5870 ἐν
3299 5814 3624 5885 ἐκκλησίαις
3653 5818 3857 5887 γυμνοὶ
3886 5833 4016 5870 σνν-
