4186 6430
212 351 313 416 803
1598 358 1638 415 Ε
1652 359 1712 416 ΡΙ
1729 363 1804 417 S'l

1910 365 1961 415 ..\
2009 360 2110 417 1X.
3352 361 3455 418 819

213 460 443 525 ἀγεσοαι
490 457 547 509 ού
588 459 995 530 παρῃτήσαντο.
1027 461 1133 514 Καὶ
1155 460 1300 515 ἄλλοι
1333 461 1385 514 ἃ
1407 461 1783 515 ἄλλατοιαῦτα

1910 466 2142 518 ’Θοίιέίέ
2189 466 2362 517 ΙιιιιΙι.5
2397 465 2713 534 σημεῖοςωί
2751 479 2854 516 non
2900 463 3266 517 detrectarttn'
3300 483 3312 522 ς
3365 468 3451 517 ,ιιΙιΞ

216 552 566 614 κακοϐούλως
599 554 1130 622 ἔφρόνησαν.Ἔνθεν
1156 571 1237 607 τοι
1284 555 1377 608 καὶ
1411 557 1455 606 οξ
1491 555 1780 625 ἀρχαιότε·

1910 571 2018 606 ϊτο
2063 556 2164 607 alia
2209 556 2518 622 huiusmodi
2577 556 2718 607 malo
2779 557 3013 609 consilio
3059 556 3257 608 fecere.

223 661 306 711 ροι
339 643 446 694 τῶν
477 643 950 712 ὲκκλησιαστικῶν
998 643 1304 713 ἐξηγητῶν,
1348 646 1521 696 Φίλων
1553 662 1610 696 τε
1638 647 1662 694 ὁ
1697 663 1783 711 φι-

1910 658 1940 699 :t
1972 646 2303 701 vetustiores
2351 646 2843 700 ecclesiasticorum
2891 649 3286 715 expositorum,
3334 645 3458 698 l'lri-

219 734 445 800 λόσοφος
476 733 570 785 καὶ
599 735 707 784 τῶν
755 733 1070 786 ἀποστόλων
1111 735 1410 802 όμόχρονος
1445 735 1658 798 Παπίας
1691 736 1787 786 Ἰε-

1912 754 2054 806 oquc
2086 740 2464 807 philosophus,
2496 749 2549 792 et
2581 739 2848 807 apostolis
2883 739 3306 805 contemporalis
3365 736 3460 787 Pa-

223 823 541 891 ραπολίτης,
593 824 879 891 Εἰρηναῖος
933 825 961 876 ὁ
992 824 1387 892 Αουγδουνεὺς,
1446 824 1730 884 ’1ουσττνος
1761 823 1787 874 ὁ

1910 833 2014 884 )ias
2050 830 2512 898 lliexapolitanus,
2561 828 2797 882 Irenzcus
2835 828 3234 898 Lugdunensis.
3292 824 3462 877 Justi—

221 915 434 981 μάρτυρ
459 915 545 965 καὶ
559 915 868 983 φιλόσοφος,
891 916 1124 986 Κλήμης
1140 933 1197 968 τε
1216 918 1242 968 ὁ
1259 916 1623 985 γραμματεὺς
1653 915 1785 985 (8⁸)),

1910 935 1994 972 tus
2030 931 2231 988 martyr
2257 906 2310 982 et
2367 921 2755 989 pliiloSOpltus,
2810 920 3171 986 Cletnensqttc
3217 918 3461 969 Stroma~

220 1007 314 1057 xui.
339 1006 387 1056 οί
416 1007 781 1068 Καππάδοκες
826 1006 960 1060 θεῖοι
1002 1009 1320 1079 Γρτδγόριοι,
1357 1009 1658 1078 ἀνατρέψαι
1689 1010 1787 1079 μὲν

1910 1025 2038 1070 eus.
2064 1020 2117 1062 et
2157 1011 2509 1080 Cappadoces
2554 1012 2726 1064 divini
2776 1010 3045 1079 Gregorii,
3102 1023 3224 1062 cum
3264 1007 3464 1058 vellrnt

221 1096 316 1146 καὶ
359 1096 427 1146 τὰ
487 1097 742 1165 αἴσχιστα
803 1097 1158 1166 βουληθέντες
1213 1099 1386 1153 ταῦτα
1439 1100 1784 1169 φρονήματα.

1910 1110 2139 1154 >vertere
2170 1100 2510 1167 turpissimus
2552 1101 2647 1152 has
2685 1101 3062 1168 cogitationes,
3099 1107 3153 1151 et
3191 1097 3465 1164 I'C‘SPiCl'T“.

222 1187 611 1257 ἐπεντρανὶσαι
662 1190 715 1240 δὲ
764 1192 911 1258 ὅμως
964 1195 1058 1244 καὶ
1091 1195 1154 1261 τῇ
1196 1193 1541 1262 θεοπνεύστῳ
1573 1194 1789 1262 Γραφῇ.

1910 1192 2052 1245 simul
2112 1193 2164 1243 in
2216 1190 2480 1245 divinitus
2536 1191 2855 1257 inspiratam
2911 1187 3270 1257 Scripturam,
3326 1187 3468 1240 sicut

223 1278 470 1346 καθάπερ
503 1279 712 1342 Παῦλος
743 1283 1200 1350 παρακελεύεται,
1238 1286 1304 1337 τὰ
1337 1286 1462 1353 περὶ
1490 1284 1584 1337 τοῦ
1616 1303 1792 1354 παρα-

1910 1281 2295 1350 Paulusjubet,
2343 1298 2405 1337 ea
2452 1299 2575 1349 qua:
2625 1283 2934 1352 paradisum
2991 1283 3242 1344 attinent,
3283 1280 3478 1339 omnia

220 1369 398 1421 δείσου
452 1371 633 1424 πάντα
661 1374 1050 1441 πνευματικῶς
1074 1376 1412 1446 ἐθεώρησαν,
1432 1377 1792 1446 οἰκονομικῶς

1910 1376 2216 1446 spiritaliter
2243 1378 2594 1446 contemplati
2647 1388 2793 1443 sunt,
2831 1391 2956 1430 vere
2985 1375 3325 1430 «cconomice
3369 1390 3466 1426 sua

217 1462 295 1528 τῷ
346 1463 460 1516 ὄντι
518 1465 586 1517 τὰ
642 1465 852 1518 ἑαυτῶν
919 1466 1274 1535 συντάγματα
1333 1466 1794 1536 μεταχειρισάμε-

1910 1483 2060 1537 ψετα
2090 1469 2491 1540 aggredientes.

222 1573 326 1608 νοι.

3325 555 3458 606 Hinc

1970 1643 2076 1700 Sed
2140 1662 2392 1717 magnum
2459 1648 2598 1702 forte
2655 1648 2914 1717 producis
2969 1649 3245 1714 Basiliam,
3304 1666 3488 1707 aurea.

1897 1739 2061 1792 verba
2125 1739 2439 1793 fundentem
2485 1749 2538 1794 et
2593 1740 2836 1795 divinum
2897 1738 3197 1806 Joannem,
3251 1741 3468 1795 beatum

1898 1827 2284 1899 Epipltanium,
2310 1839 2365 1885 et
2394 1829 2795 1885 divinissitnum
2829 1830 3185 1902 Cyrillum,et
3220 1832 3358 1886 dicis
3405 1834 3469 1884 ad

1896 1921 2131 1975 litteram
2169 1922 2353 1976 omnia
2390 1923 2457 1977 de
2482 1923 2734 1991 paradiso
2764 1924 3108 1992 exposuisse.
3137 1924 3352 1978 Scimus
3372 1928 3471 1976 tot:

1894 2012 2058 2067 etiam
2096 2029 2216 2078 nos,
2251 2024 2306 2068 et
2332 2029 2441 2068 non
2479 2028 2764 2085 negamus.
2791 2015 2897 2069 Sed
2943 2016 3061 2069 vide
3108 2017 3358 2069 divorum
3392 2018 3472 2069 α’-

1895 2104 2128 2173 vinaque
2166 2105 2521 2174 cogitantium
2563 2105 2780 2161 Patrum
2830 2109 3215 2162 meononiiam.
3273 2109 3438 2163 Con-,i

1895 2194 2024 2248 dera
2050 2192 2364 2248 Davidicum
2398 2195 2529 2249 illud
2559 2195 2766 2249 dictum
2796 2196 3090 2250 terminum
3149 2196 3199 2249 in
3223 2195 3354 2264 ipsis
3385 2212 3468 2248 re-

1896 2283 2127 2352 cipiens,
2165 2285 2310 2353 quod
2343 2285 2451 2340 ait:
2486 2304 2503 2336 ι
2546 2284 2778 2354 Sapiens
2807 2284 2888 2339 vir
2909 2285 3162 2355 disponet
3189 2300 3472 2340 sermones

1895 2389 2024 2428 suos
2059 2375 2111 2428 in
2143 2375 2370 2445 judicio.
2402 2395 2420 2429 ι
2444 2362 2588 2431 Cum
2613 2377 2762 2432 enim
2798 2378 3133 2447 reperissent
3156 2378 3472 2431 exsecrabi-

1895 2467 2163 2523 lissimum
2195 2467 2482 2538 Origenem
2521 2470 2573 2523 in
2607 2470 2882 2525 fabulosas
2932 2470 3224 2540 tragoedias
3265 2470 3475 2523 Hexae-

1897 2577 2088 2617 meron
2121 2577 2217 2631 per
2267 2561 2555 2633 allegorias
2615 2564 2972 2628 convertisse,
3015 2576 3068 2618 et
3108 2563 3246 2618 nihil
3279 2565 3343 2617 ad
3391 2564 3477 2617 lit-

1897 2662 2066 2707 teram
2120 2654 2481 2718 intellexisse,
2537 2665 2592 2717 et
2647 2655 2910 2719 Adautum
2962 2666 3014 2711 et
3047 2657 3357 2726 paradisum
3399 2657 3480 2709 in-

1896 2745 2208 2814 corporales
2229 2746 2460 2809 dixisse,
2504 2747 2717 2817 reliqua
2751 2762 2881 2802 vero
2906 2749 3091 2802 omnia
3155 2749 3480 2817 spiritaliter

1895 2836 2192 2904 accepisse;
2217 2839 2504 2909 allegorias
2526 2839 2993 2908 yalerejubentes
3033 2856 3161 2894 suas
3186 2841 3237 2894 in
3275 2840 3483 2895 flexae-

219 2935 321 3003 τὴν
354 2935 890 3002 Ἐξαήμεροναύτῶν
918 2936 1274 3005 συντάγματα
1303 2937 1445 2990 κατά
1475 2937 1534 2988 τὸ
1556 2936 1794 3006 γράμμα

1910 2943 2089 2983 meron
2151 2931 2564 2988 lucubrationes
2615 2932 2923 2988 secundum
2979 2933 3234 3000 litteram,
3284 2944 3337 2987 et
3397 2948 3485 2987 sa-

220 3030 319 3079 καὶ
346 3028 488 3080 πάνυ
541 3026 723 3095 σοφῶς
771 3027 1095 3082 ὲκλαὸἑσθαι
1127 3029 1499 3098 διενοήσαντο.
1544 3015 1652 3081 Καὶ
1685 3028 1794 3097 γὰρ

1910 3020 2112 3088 pienter
2151 3021 2398 3087 omnino,
2461 3022 2714 3090 accipere
2752 3022 3219 3079 deliberaverum.
3267 3023 3481 3078 Etenim

219 3121 324 3188 τὴν
359 3121 534 3188 συκῆν
561 3121 661 3173 οὐκ
692 3121 756 3173 ἂν
791 3121 964 3189 συκῆν
995 3121 1282 3185 ἐκάλεσαν,
1308 3123 1399 3174 καὶ
1449 3121 1610 3173 σῦκον
1639 3120 1794 3184 αὖθις

1910 3113 2061 3167 l‘tcum
2118 3129 2231 3176 non
2283 3114 2442 3168 ficum
2475 3125 2824 3181 vocaverant,
2875 3125 2931 3170 et
2963 3115 3124 3171 ficum
3155 3117 3350 3170 iterum
3417 3117 3484 3170 li-

221 3211 287 3262 τὸ
324 3211 480 3274 ξύλον
518 3213 619 3282 τῆς
671 3212 952 3282 βρώσεως,
989 3212 1148 3282 εἴπερ
1182 3214 1321 3276 τινος
1361 3214 1604 3283 ἡκουσαν
1637 3211 1794 3276 ξύλου

1910 3221 2066 3275 gnum
2090 3206 2469 3273 comestionis,
2502 3207 2548 3262 si
2583 3209 2730 3277 quod
2783 3209 3076 3264 audierunt
3127 3209 3333 3280 lignum
3393 3227 3486 3265 co-

225 3302 485 3373 βρὼσεως
515 3304 615 3374 τὴν
649 3304 873 3374 πρώτην
908 3306 1126 3374 ἐκείνην
1167 3307 1400 3373 γυναῖκα
1436 3303 1800 3374 ματαιολογὴ-

1910 3301 2208 3366 mestionis,
2241 3301 2294 3355 in
2337 3302 2567 3370 primam
2605 3303 2752 3356 illam
2807 3302 3068 3358 feminam
3112 3304 3260 3358 inani
3320 3305 3488 3359 inter-

227 3415 447 3461 σαντος.
477 3397 603 3450 Ὀτι
630 3395 686 3448 δὲ
721 3395 924 3466 βρῶσιν
948 3395 1211 3466 αἰσθητὴν
1248 3397 1346 3450 οὐκ
1364 3395 1550 3467 ἢσθιεν
1576 3397 1602 3448 6
1626 3394 1801 3463 Ἀδὰμ

1910 3395 2208 3462 pretatione
2271 3403 2680 3448 converterant.
2733 3393 2928 3449 Cibum
2982 3403 3164 3449 autem
3222 3397 3481 3451 sensiletn

232 3492 295 3542 ιν
331 3489 666 3557 παραδείσῳ,
694 3489 790 3539 καὶ
829 3487 992 3550 αὐτὸς
1019 3491 1046 3539 ὁ
1075 3489 1483 3558 χρυσορρήμων
1517 3488 1798 3559 Ἰωάννης,

1910 3490 1972 3539 ab
2003 3487 2211 3541 Adanto
2250 3487 2628 3541 manducatum
2663 3503 2770 3542 non
2834 3487 3001 3541 fuisse
3028 3487 3079 3540 in
3116 3488 3362 3557 paradiso
3384 3527 3400 3550 ,
3435 3496 3489 3541 ct

229 3586 262 3639 ό
310 3579 721 3646 συγκαταὸάσει
756 3578 996 3648 τοσαύτῃ
1025 3581 1399 3649 χρησάμενος,
1427 3578 1521 3633 ἐπὶ
1572 3579 1690 3635 ταῖς
1725 3579 1802 3638 εἰς

1910 3575 2024 3645 ipse
2078 3592 2244 3630 aurea
2280 3578 2445 3632 verba
2486 3578 2721 3632 fundens
2756 3577 3018 3644 Joannes,
3053 3578 3145 3647 qui
3186 3587 3333 3632 tanta
3394 3582 3480 3632 in-

233 3674 337 3741 τὴν
379 3670 722 3739 Ἐξαήμερον
748 3668 991 3738 ὁμιλίαις
1038 3669 1204 3722 αὑτοῦ
1256 3670 1549 3737 προφανῶς
1578 3669 1803 3734 ἔδειξεν,

1910 3667 2179 3735 dulgentia
2214 3681 2343 3723 usus
2374 3678 2477 3727 est.
2523 3669 2577 3723 in
2605 3669 2720 3724 suis
2747 3668 2988 3726 bomiliis
3023 3670 3076 3724 in
3107 3670 3488 3727 Hexaemeron

229 3763 407 3825 οὕτως
464 3761 678 3815 εἰπών·
740 3779 758 3812 ι
806 3762 932 3813 Βίον
988 3756 1101 3830 εἶχε
1163 3760 1538 3830 θαυμαστὺνό
1607 3762 1802 3829 Ἀδάμ·

1911 3759 2202 3814 manifeste
2231 3759 2495 3823 ostendit,
2523 3759 2593 3814 ita
2614 3761 2834 3815 dicens:
2866 3780 2883 3814 ι
2905 3759 3082 3816 Vitam
3107 3762 3298 3816 habuit
3326 3763 3491 3821 mira-.

233 3857 492 3924 καθάπερ
548 3854 656 3924 γὰρ
714 3853 948 3921 ἄγγελός
999 3869 1107 3917 τις.
1165 3852 1336 3915 οὕτως
1400 3852 1494 3904 ἐπὶ
1542 3852 1644 3920 τῆς
1705 3853 1805 3921 γῆς

1911 3851 2072 3904 bilem
2109 3852 2382 3917 Adamus;
2413 3853 2574 3907 sicuti
2605 3855 2752 3907 enim
2791 3854 3018 3925 angelus
3050 3855 3265 3925 aliquis,
3324 3858 3396 3911 ita
3435 3858 3490 3911 in

230 3947 507 4016 διέτριίεν
562 3945 589 3996 ὁ
631 3946 964 4013 ἄνθρωπος,
1020 3944 1180 4013 σῶμα
1247 3944 1345 4012 μὲν
1406 3945 1805 4014 περικείμενος,

1914 3955 2055 3997 terra
2089 3952 2344 3998 versatus
2370 3955 2453 3998 est
2497 3946 2702 4011 homo;
2745 3961 2976 4016 corpore
3003 3947 3224 4015 quidem
3257 3949 3494 4003 circum-

236 4042 347 4105 ἔξω
377 4040 433 4092 δὲ
495 4039 604 4091 τᾶν
659 4037 990 4107 σωματικῶν
1054 4037 1310 4104 ἀναγκῶν
1371 4036 1654 4106 ὑπάρχων.
1696 4038 1805 4093 »Εἰ

1914 4036 2093 4100 datus,
2113 4046 2262 4090 extra
2288 4053 2414 4090 vero
2437 4039 2748 4105 corporales
2769 4040 3127 4099 necessitates
3145 4041 3440 4096 exsistens.
3469 4061 3488 4093 ι

231 4136 420 4188 τοίνυν
485 4133 594 4185 τῶν
640 4130 974 4199 σωματικῶν
1045 4129 1303 4200 ἀναγκῶν
1377 4132 1650 4199 ἀνώτερος
1721 4128 1805 4200 ἦν,

1915 4126 1972 4180 Si
2013 4126 2180 4196 igitur
2216 4127 2593 4196 corporalibus
2622 4128 3044 4190 necessitatibus
3075 4130 3329 4198 superior
3350 4141 3490 4194 erat,

236 4231 360 4290 πῶς
389 4228 420 4297 ἢ
449 4228 569 4278 τίνα
597 4226 798 4295 τρόπον
831 4226 910 4286 εἰς
944 4223 1149 4294 βρῶσιν
1191 4222 1494 4292 ἐφείλκετο,
1528 4225 1670 4295 μήτε
1696 4225 1805 4278 δια-

1917 4218 2195 4287 quomodo
2216 4226 2285 4276 _et
2319 4234 2425 4288 qua
2457 4221 2668 4275 ratione
2711 4220 2780 4273 ad
2811 4219 2994 4275 cibum
3042 4220 3339 4284 transibat,
3396 4237 3496 4275 ne-

239 4319 542 4388 πνεόμενος
575 4317 672 4382 τὴν
696 4313 895 4366 ἑαυτοῦ
957 4313 1158 4384 σάρκα.
1205 4314 1341 4383 μήτε
1372 4315 1524 4384 παρὰ
1571 4315 1670 4383 τῆς
1716 4315 1805 4382 φύ.

1919 4327 2026 4380 que
2058 4327 2156 4380 per
2188 4313 2677 4380 transpirationem
2741 4327 2893 4373 suam
2935 4328 3158 4368 carnem
3209 4314 3496 4376 exhalans,

237 4430 382 4471 σεως
413 4409 580 4476 αὐτῆς
617 4407 961 4478 βιαζόμενος,
997 4407 1072 4468 ὡς
1111 4405 1288 4476 ἄκραν
1317 4405 1456 4476 ἔχων
1503 4405 1805 4469 ἀπάθειανς

1922 4419 2099 4473 neque
2132 4404 2200 4458 ab
2232 4405 2349 4473 ipsa
2376 4415 2571 4458 natura
2620 4405 2957 4475 compulsus,
2995 4415 3054 4460 ut
3101 4423 3365 4461 summam
3402 4408 3497 4460 Ita-

231 4501 496 4554 Φαίνεται
527 4494 621 4550 οὖν
651 4494 900 4548 ἐντεῦθεν
933 4495 1009 4557 ὡς
1035 4494 1172 4563 άλλη
1206 4512 1291 4558 τις
1322 4496 1355 4561 ἠ
1393 4495 1598 4562 βρῶσις
1632 4496 1805 4565 ἐκείνη

1921 4495 2056 4550 hens
2087 4497 2398 4566 passionum
2428 4497 2965 4553 vacuitatemiPalet
2985 4499 3150 4568 igitur
3179 4501 3307 4553 hinc
3332 4501 3497 4553 alium

303 1649 466 1703 Ἀλλὰ
506 1652 598 1703 τὸν
641 1652 816 1719 μέγαν
859 1651 989 1716 ίσως
1038 1653 1311 1723 παράγεις
1363 1652 1670 1712 Βααίλειον,
1702 1654 1794 1703 τὶν

220 1745 655 1814 χρυσορρήμονα
703 1746 798 1797 καλ⁹
842 1747 986 1798 θεῖον
1048 1746 1323 1816 Ἰωάννην,
1369 1749 1462 1798 τὸν
1517 1743 1792 1815 μακάριον

232 1835 573 1900 Ἐπιφάνιον,
605 1837 696 1887 καὶ
728 1837 816 1887 τὶν
847 1835 1125 1889 θειότατον
1157 1836 1425 1906 Κύριλλον
1447 1876 1462 1901 ,
1493 1837 1586 1889 καὶ
1613 1834 1791 1900 λέγεις

218 1926 301 1977 ὅτι
331 1927 470 1978 κατὰ
493 1927 730 1995 γράμμα
759 1926 827 1980 τὰ
869 1930 926 1980 ὲν
976 1929 1293 1997 παραδείσῳ
1339 1927 1514 1980 πάντα
1549 1925 1788 1992 διῆλθον.

220 2018 458 2087 Οἴδαμεν
494 2019 654 2072 τοῦτο
684 2020 774 2072 καὶ
807 2022 990 2089 ἡμεῖς,
1016 2023 1113 2074 καλ⁸
1141 2022 1241 2073 ούκ
1283 2020 1348 2074 ἂν
1386 2019 1788 2091 ἀρνησαίμεοα.

232 2109 376 2159 Ἀλλ’
406 2110 508 2178 ὅρα
545 2110 641 2179 τὴν
675 2110 786 2162 τῶν
817 2110 977 2163 θείων
1020 2110 1330 2181 θεοφρόνων
1363 2109 1623 2179 Πατέρων
1653 2110 1793 2161 οἱκο-

218 2200 414 2266 νομῖαν
447 2217 459 2231 ο
492 2202 592 2270 ὅρα
632 2201 692 2255 τδ
757 2202 1044 2256 Δαόιτικὸν
1093 2204 1268 2255 ἐκεῖνο
1303 2201 1466 2272 ῥητὸν
1503 2204 1673 2270 πέρας
1704 2201 1792 2254 ἐπ’

223 2293 408 2355 αὐτοῖς
429 2293 731 2362 λαμϐάνον,
757 2295 816 2347 τὸ
838 2295 1016 2363 λέγοψ
1051 2312 1069 2345 σ
1090 2295 1255 2362 Σοφδς
1281 2295 1420 2364 ἀνὴρ
1443 2294 1792 2364 οἰκονομήσει

216 2385 346 2446 τοὺς
380 2383 571 2452 λόγους
605 2384 771 2438 αὑτοῦ
808 2387 861 2437 ὲν
897 2387 1101 2456 κρίσει.
1148 2404 1164 2436 ι
1204 2385 1308 2438 Τδν
1335 2386 1443 2453 γὰρ
1479 2386 1792 2456 κατάρατον

213 2476 472 2546 εὑρόντες
524 2467 813 2548 Ὠριγένην
846 2478 924 2538 είς
965 2479 1196 2546 μυθικὰς
1247 2478 1553 2547 τραγῳδίας
1608 2479 1792 2532 πᾶσαν

217 2568 672 2637 ἀλληγορήσαντα
717 2572 814 2639 τὴν
873 2570 1234 2640 Ἐξαήμερον,
1271 2571 1441 2640 μηδὲ]
1472 2588 1525 2621 τι
1559 2570 1702 2623 κατὰ
1734 2572 1793 2622 τὸ

223 2661 460 2728 γράμμα
490 2665 764 2728 νοήσαντα
788 2678 799 2688 ·
823 2662 912 2714 τόν
940 2678 997 2712 τε
1034 2662 1140 2731 γὰρ
1177 2662 1354 2730 Ἀδὰμ
1386 2661 1478 2714 καὶ
1503 2661 1591 2713 τον
1617 2661 1795 2730 παρά-

217 2750 396 2803 δεισον
462 2753 788 2821 ἀσωμάτους
829 2752 1185 2822 ὲκενολόγησε
1207 2794 1223 2819 ,
1253 2754 1320 2806 τὰ
1350 2754 1512 2806 λοιπὰ
1533 2753 1590 2806 δὲ
1616 2756 1794 2807 πάντα

218 2843 431 2910 νοητῶς
478 2844 764 2906 ἑξελάόετο
790 2861 803 2874 ·
836 2845 934 2908 τὰς
982 2845 1315 2915 ἀλληγορίας
1347 2847 1580 2914 ἀφέντες
1617 2847 1684 2899 τὰ
1715 2847 1795 2907 είς

233 4594 562 4661 ἐτύγχανεν,
615 4587 682 4653 ἣν
709 4587 778 4639 τὰ
820 4588 876 4638 ἐν
923 4587 1238 4654 παραδείσῳ
1268 4588 1411 4654 φυτὰ
1444 4589 1704 4656 παρεῖχον
1737 4588 1816 4656 τῷ

248 4685 448 4752 Ἄδὰμ,
481 4684 639 4749 εῐπερ
673 4682 704 4749 ἡ
742 4678 978 4747 αἰσθητὴ
1003 4677 1219 4747 -βρῶσις
1253 4678 1390 4747 αὑτὴ
1420 4673 1514 4731 τοῦ
1543 4679 1817 4748 ὑπεκρεύ-

235 4777 436 4838 σαντός
487 4778 632 4827 ἐστιν
683 4772 1092 4840 ἀναπλήρωσις.
1155 4771 1264 4824 Καὶ
1293 4771 1464 4822 ταῦτα
1501 4771 1600 4840 μὲν
1643 4771 1816 4834 οὕτως

233 4872 357 4938 ἔχει
389 4869 477 4920 τὸν
529 4867 755 4935 τρόπον.
802 4864 936 4917 Οὐδὲ
975 4863 1048 4933 μὴ
1103 4863 1466 4933 παροδιτικῶς
1513 4863 1612 4934 τὴν
1664 4865 1817 4917 θείαν

231 4959 476 5024 ἐπέρχου
528 4955 770 5023 Γραφὴν,
827 4951 963 5020 μηδὲ
1010 4953 1123 5012 τοῖς
1187 4952 1285 5018 μὲν
1315 4951 1423 5004 τῶν
1472 4952 1817 5007 διδασκάλων

229 5052 531 5118 προσέχειν
580 5044 757 5114 αἱροῦ,
814 5047 936 5106 τοὺς
993 5043 1049 5097 δὲ
1087 5045 1339 5116 παρορᾷν
1396 5044 1817 5114 ἀπερισκέπτως

229 5140 336 5197 καὶ
366 5134 830 5207 ἀποστρέφεσθαι·
869 5133 1030 5188 τοῦτο
1080 5135 1308 5206 καὶγὰρ
1355 5136 1456 5188 οὐκ
1491 5135 1771 5190 ἀκίνδυνον
1799 5153 1813 5167 ·

225 5231 376 5286 ἀλλά
405 5230 613 5292 πάντας
645 5227 780 5297 ὁμοῦ
811 5227 1077 5289 σπούδαζε
1107 5227 1470 5293 συμὸιὸάζειν
1508 5227 1816 5291 καλοοελῶς

227 5327 316 5387 ὡς
349 5325 404 5374 ὲν
434 5324 514 5374 ἑνὶ
541 5322 636 5374 καὶ
664 5319 743 5389 τῷ
783 5318 929 5388 αὑτῷ
959 5318 1299 5389 λαλήσαντας
1337 5311 1633 5387 Πνεύματι.
1670 5319 1729 5370 El
1758 5318 1817 5370 δὲ

225 5420 527 5486 διαφωνεῖν
559 5417 689 5479 ἴσως
724 5417 859 5485 πρὸς
887 5415 1152 5484 ἀλλήλους
1191 5415 1432 5480 δοκοῦσι,
1458 5419 1533 5485 μὴ
1564 5416 1692 5478 τοὺς
1734 5417 1816 5469 δι-

225 5506 536 5568 δασκάλους
570 5505 792 5570 αὐτοὺς,
825 5504 962 5559 ἀλλὰ
991 5504 1118 5566 τοὺς
1153 5507 1380 5575 καιροὺς
1412 5506 1574 5560 αἰτιῶ
1626 5507 1722 5559 καὶ
1751 5507 1818 5560 τὰ

229 5601 570 5671 πράγματα.
603 5599 885 5669 Κερδῆσαι
917 5598 1025 5668 γὰρ
1047 5598 1144 5652 καὶ
1178 5592 1323 5651 οὗτοι
1355 5599 1498 5651 κατὰ.
1524 5601 1614 5652 τὸν
1641 5601 1817 5668 μακά-

313 5780 427 5847 (86)
472 5781 777 5849 chendttm
807 5783 1018 5835 videtur
1043 5784 1069 5833 ὸ
1105 5779 1480 5852 Στρωματιύς.

1925 4587 2216 4653 quemdam
2249 4586 2428 4649 cibum
2459 4587 2611 4640 illum
2649 4589 2836 4654 fuisse,
2870 4604 3031 4658 quem
3074 4591 3308 4659 paradisi
3344 4593 3498 4660 plan-

1929 4689 1993 4732 tae
2024 4680 2338 4746 praebebant
2375 4681 2604 4744 Adamo,
2639 4681 2907 4748 siquidem
2941 4683 3156 4739 sensilis
3178 4684 3334 4738 cibus
3384 4691 3502 4755 ipso

1925 4770 2069 4836 ejus,
2095 4773 2240 4838 quod
2268 4771 2483 4824 occulte
2514 4770 2706 4831 efﬂuit,
2738 4773 3088 4841 repletio'est.
3147 4775 3214 4829 Et
3243 4767 3357 4829 ith
3382 4793 3501 4845 qut-

1925 4861 2048 4913 dem
2093 4862 2165 4912 ita
2198 4861 2419 4913 habent.
2454 4865 2531 4914 Ne
2574 4876 2700 4916 vero
2730 4861 2910 4915 obiter
2953 4864 3019 4916 ad
3053 4863 3296 4917 divinam
3356 4863 3502 4918 Scri-

1926 4963 2140 5023 pturatn
2177 4953 2426 5015 alcedas,
2464 4969 2641 5025 neque
2691 4955 2829 5025 elige
2864 4957 3148 5010 attendere
3201 4958 3287 5012 his
3335 4961 3502 5026 magi—

1925 5047 2086 5110 stris,
2123 5045 2247 5099 illos
2292 5062 2336 5098 γ.
2364 5063 2424 5097 ro
2463 5047 2770 5102 inconsulte
2825 5048 3112 5117 despicere
3145 5058 3201 5103 et
3232 5054 3499 5106 aversari.

1925 5138 1980 5191 id
2017 5137 2162 5192 enim
2196 5139 2441 5207 periculo
2474 5156 2581 5193 non
2615 5151 2786 5195 caret.
2822 5140 2928 5195 Sed
2952 5158 3144 5198 omnes
3171 5159 3324 5212 teque
3346 5147 3501 5198 stude

1925 5230 2222 5284 conciliare
2256 5233 2394 5284 bona
2437 5234 2739 5296 voluntate,
2775 5241 2834 5287 ut
2874 5249 2972 5290 eos
3001 5235 3092 5304 qui
3145 5252 3252 5290 uno
3284 5238 3502 5290 eodem-

1925 5337 2032 5393 que
2067 5321 2275 5393 Spiritu
2309 5325 2473 5379 loeuti
2515 5337 2665 5379 sunt.
2709 5325 2764 5380 Si
2798 5341 2931 5383 vero
2961 5336 3016 5382 et
3043 5329 3338 5386 dissentire
3365 5331 3502 5384 forte

2196 5417 2471 5482 videntur,
2508 5434 2613 5471 non
2639 5419 2890 5474 doctores
2921 5421 3091 5488 ipsos,
3126 5421 3222 5475 sed
3257 5431 3501 5488 tempora

1925 5518 1980 5563 ct
2005 5524 2092 5562 res
2124 5523 2376 5564 causare.
2414 5509 2642 5564 Lucrari
2677 5512 2824 5566 enim
2858 5522 2911 5566 et
2954 5514 3032 5578 lii,
3069 5515 3223 5581 iuxta
3279 5514 3500 5566 beatum

1927 5599 2180 5665 Paulum,
2205 5611 2432 5657 cunctos
2463 5604 2883 5670 contendentes,
2910 5620 3007 5674 per
3034 5606 3498 5675 dispensatiohctc
