4186 6430
217 368 312 435 841

1548 366 1910 429 EPISTULA
1955 363 2128 426 XlII.

3351 347 3458 410 8-12

224 483 350 533 σικὲ
374 481 619 548 livens;
654 479 1066 549 προτερήματα·
1117 468 1274 546 ἐφθῷ
1327 475 1420 529 καὶ
1486 474 1642 539 οὗτος
1692 473 1789 544 μὲν

1906 483 1995 528 tios
2025 485 2253 542 magnus
2285 470 2534 536 Basilius,
2572 469 2851 542 ingenium
2903 467 3102 537 pariter
3143 475 3303 533 atque
3349 469 3458 519 cln-

217 571 446 635 ἐκείνου,
473 572 627 635 ἄλλος
650 570 706 624 δὲ
723 569 885 625 ἄλ).ου
930 569 1074 624 κατά
1094 584 1158 638 γε
1180 568 1342 638 λόγον
1371 567 1630 640 ὑπερέχει
1684 567 1780 621 καὶ

1906 566 2158 634 [nentiam
2186 565 2463 620 naturales
2490 563 2878 634 piterOgativas
2900 560 3218 614 dictitantes
3242 581 3254 612 :
3284 576 3456 627 quare

221 662 457 716 σύνεσιν.

293 836 397 887 Καὶ
423 836 613 889 τούτου
637 836 792 906 χάριν
846 836 922 907 μὴ
962 835 1234 906 θαύμαζε,
1282 835 1417 906 μηδὲ
1451 836 1596 903 λέγε,
1661 835 1784 898 [Ιῶς

215 927 584 980 δειατέξκόνα
630 929 767 982 Θεοῦ
831 930 1259 1000 δημιουργηθεὶς
1319 928 1588 999 ἡμέτερος
1637 928 1784 991 νοῦς,

217 1019 454 1084 λογικὸς,
483 1017 856 1086 αὑτεξοΰσιος,
907 1019 1160 1089 ἀόρατος,
1191 1020 1600 1090 ἁκατάληπτος,
1647 1019 1786 1088 πρὸς

214 1110 274 1160 δὲ
313 1112 405 1160 καὶ
434 1109 875 1178 ἀπερίγραπτος,
909 1110 1067 1180 εἴπερ
1108 1113 1187 1170 εἰς
1219 1109 1318 1180 τὴν
1345 1110 1456 1162 τῶν
1508 1109 1788 1178 λογισμῶν

218 1199 621 1270 ἀποϐλέψαιμεν
642 1202 967 1269 φαντασίαν,
1020 1201 1163 1254 κατὰ
1197 1201 1289 1253 τὸν
1347 1199 1627 1254 θειότατον
1681 1199 1792 1253 Κύ-

221 1293 420 1360 ριλὶον,
464 1295 564 1346 οὐκ
624 1294 821 1363 ἐπίσης
870 1295 1006 1347 πᾶσι
1059 1291 1384 1362 δεδώρηται·
1444 1292 1560 1345 ἀλλ’
1695 1291 1792 1360 μὲν

219 1385 402 1437 πλεῖον
430 1387 462 1455 ἡ
495 1385 759 1454 φρόνησις
809 1385 1125 1453 πρόσεστιν,
1170 1383 1275 1436 ὁδὲ
1316 1381 1529 1450 φρενῶν
1581 1379 1794 1433 ἔνδειαν

221 1475 510 1543 κέκτηται,
549 1477 645 1528 καὶ
701 1473 1118 1543 παραπαίουσιν
1168 1473 1327 1534 αὖθις
1379 1473 1598 1542 ἓτεροι;
1649 1471 1795 1534 Νοῦς

224 1567 322 1634 μὲν
352 1569 460 1637 γὰρ
492 1568 710 1638 ἀληθῶς
740 1563 820 1632 εἷς
861 1567 957 1620 καὶ
989 1568 1016 1620 ὁ
1050 1565 1214 1628 αὐτὸς
1247 1566 1310 1616 ὲκ
1344 1563 1482 1616 Θεοῦ
1531 1564 1628 1614 καὶ
1673 1555 1796 1616 κατ’

223 1657 450 1723 ἰσότητα
477 1662 588 1721 τοῖς
632 1660 765 1712 πᾶσι
822 1659 1174 1730 κεχάρισται.
1242 1676 1260 1709 ι
1293 1656 1620 1725 Ποιήσωμεν
1664 1655 1797 1722 γὰρ,

223 1749 413 1815 φησὶν,
473 1748 760 1817 ἄνθρωπον
798 1749 1132 1802 κατέίκόνα
1189 1745 1468 1818 ἡμετέραν
1529 1745 1623 1797 καὶ
1673 1735 1799 1798 καθ’

217 1841 498 1906 ὁμοίωσιν
548 1857 566 1889 ι
598 1841 710 1891 ἀλλ’
749 1841 899 1909 ὅμως
934 1843 960 1892 ὁ
992 1839 1238 1900 τοιοῦτος
1264 1839 1409 1890 κατὰ
1432 1837 1530 1906 τὴν
1553 1837 1788 1907 ὀργάνου

218 1919 532 1984 διάπλασιν.
570 1934 843 2000 Ὀργανον
882 1931 939 1983 δὲ
967 1933 1083 1994 νοδς
1122 1933 1149 1984 δ
1177 1931 1494 2000 ἐγκέφαλος,
1546 1931 1643 1982 καὶ
1692 1930 1788 1991 τὰς

218 2022 508 2089 ἐνεργείας
577 2021 737 2074 αὑτοῦ
796 2019 1214 2092 παραδείκνυσι.
1291 2019 1561 2088 Καθάπερ
1617 2018 1727 2087 γὰρ
1764 2021 1791 2071 ὁ

217 2111 480 2182 αίσθητὺς
535 2113 692 2177 οὗτος
761 2113 911 2183 ἣλιος
952 2112 1344 2181 λαμπρότατος
1391 2112 1490 2180 μὲν
1546 2110 1790 2164 ἔκτισται

218 2205 374 2273 παρὰ
401 2206 496 2256 τοῦ
525 2189 890 2275 δημιουργοῦ,
955 2204 1031 2269 ὡς
1095 2203 1350 2258 ιντὲῦθεν
1401 2204 1464 2257 τὸ
1510 2203 1792 2273 περίγειον

216 2295 369 2347 ἅπαν
402 2296 809 2366 καταφωτίζειν
865 2294 930 2368 τῇ
979 2294 1202 2366 ἀπλέτῳ
1262 2293 1635 2365 λαμπρότητιο
1678 2293 1792 2346 ἀλλ’

215 2387 373 2458 ὅμως
406 2389 549 2442 κατὰ
613 2388 715 2459 τὴν
766 2387 864 2441 τοῦ
915 2387 1076 2458 ἀέρος
1125 2388 1236 2441 εῐτε
1303 2387 1633 2453 λεπτότητα,
1685 2387 1792 2438 εἶτε

215 2482 509 2551 παχύτητα
533 2483 666 2552 πρὸς
685 2483 833 2552 ἡμᾶς
862 2481 962 2544 τὰς
990 2481 1219 2542 ἀκτῖνας
1235 2479 1482 2549 ἀφίησινο
1512 2479 1656 2532 οὕτω
1700 2479 1794 2532 καὶ

212 2573 243 2625 ὁ
274 2573 544 2643 ὴμίτερος
580 2573 702 2636 νοῦς
731 2574 874 2626 κατὰ
909 2572 1010 2642 τὴν
1052 2571 1149 2625 τοῦ
1213 2571 1448 2641 ὀργάνου
1505 2572 1790 2641 ποιότητα,

220 2664 322 2717 καὶ
349 2663 448 2733 τὴν
475 2663 641 2716 αὑτοῦ
672 2664 953 2734 ἐνέργειαν
980 2663 1278 2717 δείκνυσιν.
1345 2663 1468 2715 Ὀτι
1520 2661 1576 2715 δὲ
1611 2664 1643 2730 ἡ
1700 2663 1794 2714 τοῦ

218 2756 342 2816 νοὸς
370 2752 527 2822 ἡμῶν
561 2753 824 2823 ελλαμψις
857 2753 962 2805 ὑπὸ
991 2751 1086 2806 τοῦ
1119 2751 1376 2821 σαρκίνου
1412 2755 1606 2804 τούτου
1641 2768 1795 2804 συνεσ

217 2845 479 2898 σκίασται
506 2846 741 2916 πάχους,
774 2845 1031 2912 καθάπερ
1068 2843 1174 2896 ὑπὸ
1217 2842 1416 2910 νέφους
1450 2844 1477 2897 ὁ
1526 2843 1702 2915 ἣλιος,
1762 2846 1796 2916 ἡ

219 2938 370 3008 μετὰ
410 2941 582 2992 ταῦτα
611 2940 949 3000 κατάστασις
991 2936 1267 3006 ἁριδὴλως
1319 2935 1482 2988 τοῦτο
1519 2937 1796 3006 παρίστη-

218 3045 332 3083 σιν.
360 3027 526 3084 Ὀθεν
562 3030 659 3084 καὶ
695 3030 853 3091 ἄλλος
891 3030 1051 3084 ἄλλου
1085 3028 1343 3097 ὑπερέχει
1378 3027 1520 3081 κατά
1551 3044 1613 3094 γε
1638 3029 1798 3095 λόγον

1882 669 1939 712 et
1972 658 2060 713 hic
2089 657 2309 726 quidem
2339 658 2515 717 illum,
2566 655 2705 710 alius
2747 669 2878 709 vero
2921 651 3087 707 alium
3123 653 3332 707 ratione
3364 669 3454 707 su-

1887 748 2193 816 pereminet
2218 755 2382 816 atque
2411 745 2795 817 intelligentia.

1955 841 2032 893 Ac
2091 845 2373 908 propterea
2435 853 2504 892 ne
2557 839 2803 900 mireris,
2840 852 3016 906 neque
3071 837 3219 890 dicas
3260 853 3271 888 :
3312 835 3460 899 Quo-

1887 931 2051 986 modo
2069 945 2200 1000 ergo
2225 945 2379 984 mens
2401 935 2586 983 nostra
2622 929 2688 982 ad
2717 929 3007 999 imaginem
3033 927 3122 980 Dei
3146 935 3348 984 creata.
3371 943 3457 979 ra-

1891 1024 2130 1087 tionalis,
2158 1038 2269 1077 suae
2313 1023 2583 1077 libertatis
2635 1036 2877 1091 compos,
2905 1020 3214 1082 invisibilis,
3254 1020 3459 1072 incom-

1891 1113 2298 1184 prehensibilis,
2322 1113 2460 1167 adde
2482 1115 2646 1167 etiam
2669 1112 3161 1180 incircumscripta,
3186 1111 3453 1179 siquidem

1891 1207 1957 1260 ad
1998 1207 2388 1276 cogitationum
2425 1205 2872 1272 imaginationem
2910 1217 3218 1272 respectum
3260 1202 3461 1255 haben-

1893 1313 2038 1356 mus.
2076 1297 2228 1366 juxta
2264 1297 2664 1350 tlivinissit-num
2719 1295 3007 1364 Cyrillum,
3043 1311 3151 1348 non
3186 1297 3466 1362 mqnalitt-r

1896 1389 2150 1443 omnibus
2201 1389 2327 1442 data
2376 1387 2502 1451 fuit;
2555 1388 2650 1441 sed
2679 1387 2803 1440 huic
2837 1387 3054 1454 quidem
3104 1389 3274 1453 major
3313 1387 3464 1439 adt-st

1897 1480 2228 1544 intellectus,
2262 1479 2354 1532 ille
2384 1492 2514 1532 vero
2560 1479 2763 1532 mentis
2812 1477 3051 1547 inepiam
3113 1486 3305 1530 ll.l(_'lll3
3358 1489 3462 1541 est,

1898 1573 1987 1626 alii
2015 1573 2308 1628 identidem
2341 1570 2660 1626 insaniunt?
2687 1569 2837 1624 Mens
2861 1570 3006 1624 enim
3036 1586 3162 1624 vere
3213 1587 3314 1623 una
3368 1587 3461 1620 ea-

1901 1667 2132 1734 demque
2158 1680 2188 1718 a
2212 1663 2320 1718 Deo
2343 1663 2408 1717 ad
2447 1663 2814 1732 aequalitatem
2878 1662 3130 1715 omnibus
3163 1663 3286 1716 data
3335 1673 3416 1716 est
3449 1683 3459 1716 :

1911 1777 1930 1810 ε
1980 1758 2264 1812 Faciamus
2306 1758 2473 1821 enim,
2513 1755 2710 1822 inquit.
2748 1755 3023 1808 hominem
3065 1754 3131 1808 ad
3174 1757 3462 1824 imaginem

1892 1859 2132 1905 nostram
2184 1863 2237 1902 et
2269 1847 2697 1902 similitudinem.
2729 1865 2747 1897 ε
2786 1845 2933 1900 Talis
2955 1852 3136 1898 tamen
3163 1848 3467 1899 secundum

1893 1943 2078 2012 organi
2098 1948 2424 1996 structuram
2448 1939 2582 2009 (l9).
2608 1937 2878 2009 Organum
2900 1947 3079 1990 autem
3111 1955 3138 1986 ιι
3162 1937 3304 1990 entis
3325 1953 3470 1990 cerc-

1894 2036 2072 2097 brum,
2097 2035 2259 2088 etiam
2283 2032 2631 2102 operationes
2651 2030 2825 2100 ipsius
2839 2029 3172 2083 manifestat.
3199 2028 3471 2094 Quemad-

1893 2123 2111 2178 modum
2148 2123 2294 2176 enitn
2314 2120 2588 2176 sensibilis
2619 2121 2708 2175 hic
2731 2120 2812 2175 sol
2842 2119 3320 2189 splendidissimus
3350 2123 3468 2189 qui-

1894 2213 2015 2267 dem
2051 2228 2079 2266 a
2115 2227 2373 2282 supremo
2411 2210 2618 2281 Opillce
2645 2219 2862 2266 creatus
2888 2219 2992 2274 est,
3027 2220 3086 2264 ut
3108 2209 3234 2264 hinc
3272 2211 3458 2264 orbem

1894 2313 2164 2360 terrarum
2200 2303 2470 2357 immenso
2525 2301 2818 2372 splendore
2866 2300 3176 2368 illuminet;
3234 2311 3467 2354 attamen

1895 2395 2195 2450 secundum
2239 2394 2383 2448 aeris
2405 2393 2523 2448 sive
2574 2391 2953 2458 subtilitatem,
2990 2391 3101 2448 sive
3141 2394 3467 2447 crassitudi-

1895 2501 2020 2539 nem
2051 2485 2120 2540 ad
2150 2500 2249 2539 nos
2278 2485 2461 2539 radios
2487 2483 2765 2550 immittit;
2799 2484 2873 2539 ita
2901 2484 3065 2539 etiam
3099 2500 3254 2540 mens
3285 2497 3467 2541 nostra

1892 2580 2045 2648 juxta
2101 2578 2451 2631 instrumenti
2520 2583 2852 2632 structuram
2908 2592 3037 2633 suas
3076 2577 3222 2632 elicit
3279 2594 3469 2648 Opera-

1899 2672 2080 2724 tiones
2116 2668 2252 2740 (20).
2307 2668 2463 2734 Quod
2517 2677 2702 2723 autem
2736 2671 2939 2725 mentis
2973 2680 3170 2724 nostra:
3217 2670 3475 2739 Splendor

1897 2760 1964 2814 ab
2005 2760 2106 2814 hac
2135 2773 2400 2829 corporea
2452 2759 2815 2815 crassitudine
2853 2760 3213 2816 obumbratus
3254 2763 3345 2823 sit,
3388 2777 3477 2816 ve-

1899 2853 1996 2906 luti
2040 2867 2069 2907 a
2104 2851 2302 2906 nebula
2337 2853 2444 2918 sol,
2492 2851 2608 2907 haec
2653 2863 2842 2922 postea
2895 2853 3140 2908 conditio
3181 2852 3322 2907 idem
3364 2870 3478 2908 ma-

1899 2943 2100 2998 nifeste
2150 2944 2220 2998 ob
2270 2943 2462 2998 oculos
2515 2943 2777 3007 exhibet;
2841 2943 2983 2998 unde
3022 2950 3077 2997 et
3128 2943 3263 2998 alius
3313 2945 3477 2998 alium

1903 3037 2116 3090 ratione
2166 3036 2761 3105 supereminetatque
2815 3035 3194 3099 intelligentia.
3245 3034 3318 3089 Ac
3352 3051 3479 3105 pro-

217 3121 322 3173 καὶ
356 3120 591 3177 σύνεσιν.
619 3123 728 3176 Καὶ
749 3121 940 3174 τούτου
961 3122 1125 3190 χάριν
1159 3119 1232 3190 μὴ
1268 3119 1586 3184 ἀντίπιπτε,
1653 3119 1788 3189 μηδὲ

1907 3134 2087 3194 pterca
2126 3136 2194 3179 ne
2237 3125 2513 3190 renitaris,
2565 3139 2742 3194 neque
2793 3133 3018 3194 propter
3057 3125 3488 3194 inaequalitatem,

217 3214 529 3281 κατηγόρει
559 3210 653 3264 τοῦ
681 3209 1024 3281 δημιουργοῦ
1073 3212 1172 3281 τῆς
1214 3209 1535 3278 ἀνισότητος
1583 3208 1791 3264 ἕνεκεν.

231 3303 304 3356 Ἦ
354 3303 582 3374 τοιαύτη
609 3305 705 3356 καὶ
736 3304 846 3374 γὰρ
877 3304 1140 3371 ἀνισότης
1189 3301 1468 3370 ἰσονομίαν
1495 3303 1609 3364 τοῖς
1667 3303 1800 3354 πᾶσι

217 3396 705 3466 προύξένησεν.ίΕί
735 3395 811 3466 μὴ
841 3396 949 3467 γὰρ
980 3395 1139 3449 τοῦτο
1167 3391 1256 3467 ἦν,
1284 3398 1384 3449 οὐκ
1415 3395 1480 3449 ἂν
1506 3395 1557 3448 οἱ
1582 3393 1799 3459 πλείους

219 3490 308 3550 είς
337 3487 621 3560 ὑποταγὴν
683 3489 1072 3560 κατεφέροντο,
1117 3490 1213 3543 οὐκ
1266 3491 1332 3544 ἂν
1387 3491 1416 3543 ὁ
1462 3491 1654 3559 ἄφρων
1706 3490 1803 3543 καὶ

224 3581 385 3634 ἄκων
439 3580 515 3650 τῷ
549 3581 762 3651 συνετῷ
823 3582 1192 3638 ὕπετὰσσετο.
1240 3583 1350 3635 Καὶ
1391 3580 1564 3635 ταῦτα
1623 3582 1720 3650 μὲν
1770 3581 1802 3650 η

220 3675 395 3742 φύσις
428 3676 572 3727 ποιεῖ
605 3675 744 3728 κατὰ
776 3675 877 3745 τὴν
910 3670 1118 3728 ἑαυτῶν
1141 3675 1487 3739 ἀκολουθίαν,
1535 3673 1612 3737 ὡς
1650 3673 1677 3724 δ
1710 3671 1805 3743 μέ-

215 3785 336 3837 γας
363 3768 466 3838 ἔφη
491 3767 794 3832 Βασίλειος,
825 3771 872 3822 εί
911 3768 1006 3822 καὶ
1041 3768 1171 3840 θείῳ
1211 3767 1604 3839 προστάγματι
1659 3767 1805 3820 κατὰ

222 3863 449 3914 στάντων
482 3860 622 3932 αὕτη
661 3863 832 3934 χωρεῐ
874 3861 964 3917 διὰ
993 3861 1172 3933 πάσης
1215 3859 1458 3932 ἀρχῆθεν
1509 3859 1806 3930 λαληθέντι

216 3955 329 4018 τῆς
384 3953 636 4018 κτίσεως.
675 3952 788 4008 Καὶ
838 3954 1136 4025 πρόσσχες,
1177 3953 1226 4007 εί
1277 3950 1480 4024 βούλει,
1514 3952 1626 4015 τοῖς
1657 3951 1808 4019 λεγο-

223 4045 436 4116 μένοις.
1771 4039 1776 4044 ’

306 4135 437 4191 Είπε
497 4137 617 4192 κατ’
655 4137 829 4208 ἀρχὰς
889 4135 1100 4202 ὁΘιδς.
1164 4155 1185 4190 σ
1239 4137 1591 4208 Ἐξαγαγέτω
1640 4137 1673 4207 ἦ
1736 4135 1807 4204 ﬁt

222 4230 484 4300 βοτάνην.
521 4248 540 4282 ε
586 4229 811 4282 Ἐκτοτε
871 4229 1061 4284 λοιπὸν
1089 4230 1152 4283 οὺ
1204 4230 1444 4285 παύεται
1494 4230 1635 4300 ἡγῆ
1683 4227 1809 4282 καθ’

227 4322 499 4386 ἕκαστον,
562 4324 660 4391 τῆς
716 4321 900 4391 φωνῆς
951 4319 1167 4390 ἐκείνης
1233 4322 1398 4375 οἱονεὶ
1460 4320 1809 4391 μεμνημένη,

1906 3220 2125 3273 incuses
2155 3216 2438 3287 Opim-em.
2474 3217 2624 3273 Talis
2655 3218 2798 3272 enim
2851 3218 3191 3287 inaequalitas
3224 3219 3480 3275 onmibus

1903 3311 2176 3365 bonorum
2236 3311 2684 3365 distributionem
2741 3312 3099 3382 comparavit.
3160 3309 3273 3366 Nisi
3333 3313 3478 3367 enim

1908 3401 2011 3456 hoc
2046 3403 2225 3470 ipsum
2259 3394 2476 3466 fuisset,
2512 3401 2578 3456 ad
2619 3401 3044 3457 submissioncm
3103 3400 3285 3470 plures
3335 3400 3480 3468 adigi

1907 3491 2157 3562 profecto
2184 3507 2294 3546 non
2332 3499 2582 3562 possent,
2639 3506 2822 3561 neque
2856 3491 3124 3561 insipiens
3165 3499 3220 3546 et
3272 3491 3483 3560 impru-

1907 3584 2042 3640 dens
2071 3585 2308 3656 sapienti
2332 3584 2714 3654 subjiceretur.
2741 3583 2805 3638 Et
2829 3583 2948 3638 haec
2973 3598 3104 3638 sane
3124 3591 3319 3638 natura
3350 3599 3486 3654 pra:-

1909 3685 2018 3733 stat
2045 3677 2348 3732 secundum
2402 3677 2653 3732 ordinem
2712 3677 3077 3744 earumdem,
3132 3676 3484 3746 quemadmo-

1910 3769 2040 3824 dum
2081 3770 2222 3825 dixit
2265 3785 2492 3840 magnus
2536 3770 2787 3836 Basilius,
2819 3770 2920 3826 etsi
2973 3765 3220 3825 divinum
3282 3783 3484 3838 pmice-

1912 3875 2065 3935 ptum
2108 3864 2220 3935 ipsa
2251 3867 2477 3920 omnino
2507 3862 2924 3934 comprehendit
2959 3862 3027 3918 ab
3076 3863 3240 3917 inltio
3270 3862 3324 3917 in
3365 3863 3488 3916 uni-

1913 3955 2109 4014 versali
2144 3957 2388 4012 omnium
2444 3972 2623 4011 rerum
2664 3957 2943 4012 creatione
2974 3955 3343 4012 enuntiatum.
3387 3955 3486 4019 Ac,

1912 4048 1956 4104 si
2000 4050 2199 4116 placet,
2230 4048 2297 4103 iis
2326 4062 2448 4118 quae
2464 4046 2723 4103 dicuntur
2756 4047 2999 4102 animum
3030 4046 3279 4102 adverte.

1987 4138 2134 4194 Dixit
2186 4138 2239 4193 in
2276 4138 2549 4208 principio
2602 4136 2783 4193 Deus:
2819 4155 2837 4189 ε
2871 4136 3144 4192 Producat
3182 4144 3325 4192 terra
3367 4137 3488 4191 her-

1914 4230 2073 4296 bam;
2113 4247 2130 4281 ι
2171 4244 2238 4284 ex
2293 4244 2358 4283 eo
2396 4228 2580 4297 itaque
2635 4236 2880 4298 tempore
2932 4244 3047 4282 non
3109 4237 3288 4283 cessat
3347 4235 3489 4282 terra

1917 4321 2146 4392 singulis
2178 4321 2358 4387 annis,
2399 4319 2562 4373 veluti
2595 4319 2743 4373 illius
2783 4320 2936 4374 vocis
2983 4333 3265 4388 nunquam
3295 4318 3490 4381 oblita,

232 4413 470 4484 βοτάνας
503 4430 560 4464 τε
618 4414 968 4484 ἑγκυμονεῖν,
1033 4413 1127 4466 καὶ
1176 4413 1316 4484 πρὸς
1364 4414 1582 4480 γένεσιν
1656 4410 1803 4479 ἄγειν

1913 4422 1969 4466 et
2002 4412 2199 4467 herbas
2232 4412 2548 4481 concipere,
2591 4422 2645 4465 et
2669 4410 2735 4466 ad
2767 4411 3175 4482 generationem
3222 4411 3368 4480 ipsas
3408 4411 3493 4463 di-

225 4479 426 4566 αὑτάς.
476 4504 623 4576 Πλὴν
657 4479 706 4557 εί
733 4479 827 4558 καὶ
861 4504 1014 4567 θείας
1044 4479 1247 4574 ἢκουσε
1282 4479 1490 4573 φωνῆς,
1548 4503 1684 4558 ἀλλὰ
1706 4519 1803 4571 φυ-

1925 4504 2119 4575 rigere.
2168 4503 2366 4558 Verum
2414 4503 2614 4580 divina:
2651 4503 2778 4557 licet
2825 4503 3165 4571 obtemperet
3217 4502 3361 4564 voci,
3399 4516 3492 4555 na-

228 4595 407 4656 σικῶς
460 4595 648 4649 ἔκτοτε
677 4597 735 4649 τὸ
762 4596 928 4667 ἔργον
952 4597 1127 4667 αὐτῆς
1155 4595 1218 4649 οὑ
1252 4595 1522 4650 διαλείπει
1550 4594 1806 4648 ποιοῦσα.
1842 4659 1845 4662 η

231 4693 351 4747 Καὶ
375 4693 476 4763 ὅρα
504 4692 790 4762 νουνεχῶςο
820 4692 950 4747 ἔνθα
980 4691 1089 4762 γὰρ
1129 4691 1416 4762 πετρώδης
1448 4691 1542 4744 καὶ
1597 4687 1814 4760 σκληρὰ

229 4786 669 4850 καὶάντίτυπος,
701 4786 737 4857 η
770 4787 1002 4856 τοιαύτη
1036 4784 1387 4840 παντάπασιν
1405 4784 1676 4851 ἄκαρπος,
1719 4781 1817 4836 καὶ

313 4998 425 5069 (l9)
462 4994 723 5055 Permulti
751 5013 886 5055 sane
911 5014 1036 5054 eum
1071 4996 1724 5069 veteribusgphilosopliis
1749 5011 1809 5069 ea

230 5067 493 5127 de'causa
537 5078 789 5124 errarunt
823 5071 877 5125 in
921 5069 1299 5138 expendendis
1339 5067 1404 5122 iis
1437 5082 1560 5138 quas
1602 5067 1670 5121 ad
1699 5067 1816 5120 ani-

234 5155 385 5196 mam
417 5149 690 5211 Spectanl,
712 5142 838 5210 quia
861 5139 980 5208 ejus
1003 5154 1137 5211 cum
1156 5138 1811 5211 corporeconuexionem

235 5215 330 5264 vix
381 5206 540 5264 ac'no
578 5212 667 5264 vix
700 5206 920 5279 quidem
971 5206 1346 5264 intuebantur.
1391 5208 1534 5263 llinc
1565 5206 1815 5278 profecto

234 5279 467 5334 delituit
515 5279 660 5349 quod
711 5281 880 5335 menti
914 5280 1051 5334 vitio
1081 5288 1294 5333 vertere
1323 5279 1505 5349 conati
1558 5286 1688 5349 sunt
1737 5284 1817 5349 tot

237 5351 505 5404 immania
536 5347 781 5406 monstra
809 5365 928 5419 quae
950 5349 1200 5404 videntur
1231 5350 1285 5401 in
1319 5348 1707 5418 insipientibus
1737 5347 1817 5419 vel

234 5421 477 5474 amentia
507 5420 737 5486 allectis,
767 5418 887 5475 cum
921 5435 1088 5474 unum
1120 5433 1337 5489 corpus,
1364 5429 1421 5473 et
1444 5421 1562 5485 ejus
1585 5433 1692 5471 non
1719 5418 1822 5489 rite

235 5497 526 5561 compacta
562 5490 643 5545 vel
676 5490 939 5561 disposita
981 5504 1185 5559 organa
1223 5488 1390 5561 eausa
1439 5489 1549 5543 sint
1581 5497 1632 5541 et
1654 5488 1819 5561 origo

241 5556 493 5614 ontn'ium
553 5561 719 5615 animi
742 5556 781 5625 ,⁷
819 5570 878 5615 ut
925 5556 1211 5619 vocantur.
1256 5559 1598 5613 morborum.
1638 5556 1818 5611 Animi

237 5631 536 5694 sententia,
571 5631 655 5684 vel
685 5633 732 5686 si
762 5630 935 5685 mavis
961 5630 1211 5699 cogitatio
1239 5644 1349 5699 non
1377 5637 1461 5683 est
1487 5628 1676 5699 utique
1705 5627 1819 5699 ipsa

237 5700 440 5754 animae
475 5700 727 5756 humanae
769 5697 1041 5764 essentia,
1082 5714 1270 5754 verum
1322 5698 1494 5768 ipsius
1540 5697 1706 5762 actio,
1741 5697 1818 5751 uti

238 5780 426 5827 motus
465 5785 572 5827 non
605 5779 687 5828 cst
713 5772 954 5829 essentia
986 5771 1251 5837 corporis,
1281 5767 1386 5826 ειὲὶ
1410 5770 1529 5840 ejus
1559 5767 1629 5824 sit
1663 5775 1820 5824 natu-

1919 4596 2173 4650 turaliter
2206 4604 2386 4649 tamen
2442 4609 2596 4650 suam
2646 4594 2845 4649 exinde
2890 4595 3270 4663 operationem
3313 4593 3495 4648 facere

1924 4699 2034 4741 non
2092 4684 2442 4755 derelinquit.
2506 4686 2684 4756 Atque
2736 4700 2889 4739 more
2941 4699 3134 4739 eorum
3187 4685 3278 4755 qui
3317 4696 3498 4740 mente

1925 4779 2140 4849 praediti
2199 4789 2350 4846 sunt,
2401 4779 2797 4835 animadverte.
2840 4776 2941 4834 Ubi
2999 4778 3146 4833 enim
3198 4792 3395 4834 saxosa
3446 4788 3500 4832 et

1922 4996 2052 5051 ralis
2079 4996 2346 5066 operatio,
2369 4993 2442 5048 uti
2474 5009 2582 5048 non
2605 4993 2771 5066 semel
2801 4992 3040 5066 ostendit
3074 4991 3326 5066 Lockius.
3356 4992 3503 5055 Qua-

1922 5062 2149 5137 propter
2186 5083 2215 5121 a
2250 5075 2401 5120 recto
2435 5078 2649 5137 semper
2683 5063 2843 5137 longe
2882 5062 3116 5137 aberunt
3150 5063 3242 5137 qui
3274 5077 3382 5113 non
3410 5078 3502 5137 vc-

1922 5132 2139 5192 i'itatem
2185 5145 2474 5199 sectantes,
2519 5132 2614 5189 sed
2649 5132 2992 5202 opinionem,
3029 5133 3107 5186 uti
3149 5132 3340 5185 animae
3372 5132 3500 5185 vitia

1917 5207 2466 5275 reprehenduntqum
2494 5212 2621 5260 sunt
2644 5201 2892 5275 carperis
2920 5201 3261 5275 aﬂ‘ectiones,
3283 5217 3500 5275 summo

1918 5271 2114 5345 Opilitzi
2151 5271 2378 5342 infensi,
2410 5290 2516 5345 qua
2565 5275 2778 5343 inaaqua
2826 5274 2982 5328 lance
3014 5272 3157 5327 bona
3183 5271 3500 5326 hominibus

1917 5347 2280 5402 distribuerit.

1993 5417 2106 5487 (20)
2143 5417 2274 5473 Vide
2324 5416 2663 5486 aptissimam
2710 5430 2816 5487 qua
2853 5413 3069 5487 Glycas
3100 5418 3289 5468 noster
3330 5411 3498 5487 utitur

1921 5483 2390 5557 comparationem
2419 5527 2433 5551 ,
2482 5495 2539 5539 ut
2579 5483 2778 5557 aequali
2811 5500 3010 5557 omnes
3040 5485 3273 5540 donatos
3303 5483 3500 5557 anima

1921 5504 1985 5543 CO
2023 5504 2390 5557 iparauonetn
2419 5527 2433 5551 ,
2482 5504 2539 5539 ιιι
2586 5504 2778 5555 mquau
2817 5504 3010 5539 omnes
3040 5504 3273 5540 (101Ιὸ105
3316 5504 3500 5534 Ἄιιιιιιίι

1920 5504 2128 5613 stagnat
2156 5566 2210 5612 et
2236 5559 2544 5613 conﬁrmet.
2577 5555 2776 5610 Eadem
2803 5555 2918 5610 fere
2953 5571 3083 5611 usus
3114 5564 3197 5609 est
3219 5564 3273 5607 et
3294 5553 3500 5624 Grego-

1920 5629 2035 5683 rius
2091 5627 2369 5696 Nyssenus
2399 5628 2452 5681 in
2489 5641 2590 5682 suo
2611 5626 2748 5695 Περὶ
2776 5625 2874 5693 τῆς
2901 5625 3082 5696 ψυχῆς
3128 5629 3503 5696 sermone,_ut

1920 5691 2236 5754 ostenderet
2261 5699 2524 5763 animam,
2572 5691 2933 5767 etsi’corpori
2984 5691 3218 5762 auitam,
3251 5691 3502 5749 inconiu-

1920 5783 2036 5826 sam
2069 5777 2250 5825 tamen
2281 5783 2528 5824 manere.
3476 5794 3483 5802 ι
