4186 6430
187 342 288 413 845⁴
1511 350 1628 409 EPI
1643 348 1777 409 STO

1914 351 2066 412 XIV.
3309 347 3411 407 836

190 454 420 517 ἅπαντες
474 454 825 525 χαρακτῆρα,
864 454 980 525 ὀὐχ
1039 456 1073 522 ὴ
1105 457 1350 525 τυχοῦσα
1407 459 1473 511 ἂν
1503 459 1581 528 τῷ
1649 460 1783 529 βίῳι

1888 479 1953 515 ue
1983 464 2026 516 si
2065 459 2312 514 eamdem
2347 469 2403 515 et
2430 474 2591 514 unam
2616 474 2807 512 omnes
2854 458 3075 525 figuram
3120 459 3406 512 haberent.

188 542 352 612 τούτῳ
408 546 703 597 συνέπιπτε
767 544 1049 613 σύγχυσις.
1093 546 1224 608 Ταῖς
1285 543 1380 600 οῦν
1441 548 1743 609 ἀσθενείαις

1888 567 1955 605 on
1992 552 2213 605 minima
2247 550 2370 604 vitae
2417 548 2665 603 confusio
2708 549 3069 616 contingeret.
3126 549 3381 601 Intirmim

188 632 334 699 ἡμῶν
362 634 394 701 ἡ
427 634 545 687 Θεία
589 634 861 704 βοηθοῦσα
903 634 1153 704 πρόνοια,
1206 640 1273 707 τῇ
1305 637 1417 691 τῶν
1469 639 1746 707 στοιχείων

1893 645 1993 698 bus
2028 642 2191 713 igitur
2241 641 2447 696 nostris
2492 640 2676 693 divina
2726 639 3071 694 Providentia
3125 656 3282 709 opem
3334 641 3408 693 fe-

189 722 752 790 συγκράσειγίνεσθαι
802 726 1157 796 συνεχώρησε
1212 728 1304 781 καὶ
1357 729 1489 781 αὐτὸ
1543 730 1605 781 τὸ
1638 730 1747 781 τῶν

1888 748 1993 800 ens,
2036 735 2136 789 hac
2169 735 2562 787 elementorum
2612 733 2994 787 commistione
3033 734 3144 787 fieri
3185 750 3411 787 conres-

188 813 447 881 σωμάτων
473 813 745 884 διάφορονο
778 813 1031 866 ἐντεῦθεν
1054 816 1270 867 συνετοὶ
1315 817 1409 868 καὶ
1467 815 1743 869 ἀσύνετοι·

1888 828 1919 880 it
1951 835 2002 880 et
2059 827 2229 895 ipsam
2275 840 2562 893 corporum
2591 824 2965 879 diversitatem
2997 823 3127 891 (9.5).
3168 824 3300 876 Hinc.
3335 825 3414 876 in-

192 904 398 972 ἰσχυροὶ
426 905 518 955 καὶ
538 904 843 975 ἀνίσχυροι·
870 906 1141 975 τολμηροὶ
1168 907 1261 959 καὶ
1307 906 1494 959 δειλοί·
1564 906 1749 959 ἐντεῦ-

1888 919 2173 988 tlligentes,
2204 930 2262 971 et
2305 932 2415 970 non
2461 917 2842 984 intelligentes,
2873 916 3042 969 fortes
3075 930 3126 968 et
3185 917 3412 976 inﬁrmi,

190 994 276 1046 Osv
296 995 547 1057 νοσώδεις
578 996 686 1048 εἰσὶ
722 997 816 1049 καὶ
861 998 935 1065 μὴ
967 998 1200 1049 τοιοῦτοι
1223 998 1270 1049 oi
1297 998 1596 1067 ἄνθρωποι*
1644 1016 1746 1065 μοι-

1888 1010 2117 1064 udentcs
2137 1020 2187 1063 et
2218 1009 2425 1062 timidi:
2455 1008 2584 1061 hinc
2618 1009 2770 1061 mala:
2792 1009 3140 1067 valetudinis.
3174 1021 3222 1059 et
3258 1010 3416 1060 lumm

190 1085 393 1154 κρόδιοι
420 1086 590 1150 ἄλλοι,
630 1090 725 1140 καὶ
783 1090 963 1157 ἕτεροι
1022 1090 1407 1158 ταχυθάνατοι.
1450 1091 1559 1142 Καὶ
1594 1089 1751 1141 τοῦτό

1888 1109 1979 1155 unt
2021 1100 2272 1153 homines
2307 1116 2320 1152 :
2352 1099 2440 1152 alii
2472 1098 2724 1167 longaevi,
2769 1099 2925 1151 brevi
2959 1099 3251 1152 morientes
3291 1100 3413 1157 alii;

189 1178 351 1241 ἐστιν,
384 1178 568 1248 ὅπερό
607 1178 780 1246 μέγας
823 1181 1093 1249 Κύριλλος
1154 1180 1364 1248 ἔλεγεν·
1406 1198 1426 1231 s
1471 1179 1633 1233 Εἵασε
1693 1179 1750 1232 δὲ

1888 1203 1905 1243 ι
1932 1192 2033 1246 hoc
2072 1199 2154 1245 est
2182 1190 2329 1260 quod
2359 1190 2501 1243 dixit
2533 1204 2765 1258 magnus
2804 1189 3035 1259 Cyrillus
3067 1207 3080 1242 :
3113 1209 3129 1241 ι
3161 1189 3417 1241 Permisit

192 1269 324 1339 μετὰ
345 1269 444 1337 τὴν
504 1271 823 1323 ἀπόπτωσιν
871 1272 1104 1325 ἕκαστον
1160 1275 1187 1325 ὁ
1219 1273 1350 1334 Θεὸς
1401 1272 1502 1341 τὴν
1554 1271 1750 1325 ἑαυτοῦ

189 1361 333 1431 ζωὴν
356 1363 689 1433 ἐκπληροῦν,
719 1364 793 1426 ώς
829 1365 893 1417 ἂν
935 1364 1088 1433 ἔτυχε
1136 1367 1409 1433 γνώσεως.
1451 1383 1469 1414 ι
1498 1365 1655 1427 Τίνος
1696 1364 1753 1417 δὲ

190 1452 377 1506 ’ἐνεκεν
408 1453 759 1523 συνεχώρησε
809 1454 984 1508 ταῦτα
1035 1456 1284 1522 γίνεσθαι
1364 1454 1680 1523 κατ’ἁρχὰς
1726 1455 1755 1505 ὁ

189 1544 355 1607 Θεό;;
416 1545 506 1607 Ὠς
527 1544 664 1613 ὁμοῦ
699 1546 798 1613 μὲν
830 1547 928 1599 καὶ
958 1545 1058 1614 τῆς
1094 1546 1329 1615 ἀρχαίας
1369 1545 1585 1614 ἐκείνης
1640 1546 1757 1597 ἑπι-

191 1635 503 1705 μεμνῆσθαι
546 1637 846 1704 διαγωγῆς,
876 1636 1176 1689 κάντεῦθεν
1205 1637 1304 1707 τῆς
1349 1636 1608 1698 ἀϐουλίας
1637 1637 1757 1688 ὲαυ·

1852 1292 2032 1336 autem
2069 1291 2189 1351 post
2217 1296 2402 1335 casum
2435 1281 2579 1334 Deus
2633 1296 3077 1349 unumquemque
3134 1296 3244 1333 sum
3297 1281 3419 1331 vitu-

1853 1386 2072 1426 cursum
2125 1370 2389 1438 implere,
2437 1379 2499 1424 ut
2547 1370 2834 1425 scientiam
2877 1371 3207 1438 acquireret.
3245 1388 3263 1420 ι
3309 1369 3420 1423 Cur

1855 1477 1983 1516 vero
2010 1461 2284 1515 concessit
2311 1461 2364 1514 in
2397 1460 2665 1530 principio
2719 1460 2861 1514 Deus
2904 1461 3019 1514 ham
3058 1460 3221 1514 ﬁeri?
3278 1459 3421 1513 Sane

1856 1561 1916 1607 ut
1946 1554 2107 1607 simul
2137 1555 2549 1607 recordaremur
2601 1553 2860 1622 primoris
2894 1553 3039 1606 illius
3079 1554 3374 1606 creationis
3403 1571 3417 1608 :

1857 1654 2019 1713 atque
2056 1642 2185 1697 inde
2216 1644 2318 1712 ipsi
2374 1643 2735 1697 temeritatem
2768 1642 3120 1705 deﬂeremus,
3155 1643 3422 1711 simulque.

187 1728 312 1790 τοὺς
333 1727 660 1791 ταλανίζειν,
701 1727 835 1797 όμοῦ
875 1728 933 1781 δὲ
968 1731 1063 1781 καὶ
1108 1729 1262 1793 τάξιν
1320 1732 1429 1784 τινὶ
1472 1728 1541 1783 τὰ
1578 1728 1757 1782 πάντα

1888 1743 2006 1787 nxta
2055 1732 2301 1786 ordinem
2350 1733 2689 1801 aequabiliter
2748 1735 2930 1787 omnia
2993 1734 3363 1801 dirigerentur
3409 1750 3420 1783 :

191 1820 386 1890 ῥυθμῷ
412 1820 783 1888 διεξάγεσθαιο
816 1822 911 1873 καὶ
941 1820 1164 1884 τούτους
1195 1821 1295 1890 μὲν
1344 1821 1556 1891 ἄρχειν,
1610 1818 1757 1872 ὲκεί-

190 1928 313 1973 νους
337 1913 391 1965 δὲ
413 1895 574 1967 πάλιν
597 1913 886 1984 ἄρχεσθαι,
915 1917 1010 1969 καὶ
1044 1916 1118 1984 μὴ
1168 1914 1328 1968 ἄλλον
1359 1914 1518 1968 ἄλλου
1551 1914 1638 1966 διὰ
1659 1915 1759 1981 τὴν

192 2005 415 2075 ἰσότητα
438 2006 886 2076 κατεπαίρεσθαι.
916 2008 974 2060 Εἰ
996 2007 1055 2061 δὲ
1088 2005 1265 2061 ταῦτα
1314 2006 1649 2076 οῦτωςέχει,
1684 2006 1760 2075 μὴ

189 2097 453 2149 ἐπιπλέον
481 2096 580 2168 τὴν
628 2099 783 2152 θείαν
836 2098 1206 2170 περιεργάξου
1265 2100 1478 2167 σοφίανο
1530 2100 1617 2152 ὅτι
1667 2098 1762 2151 καὶ

188 2188 615 2260 ἀνεξερεύνητος
644 2188 807 2260 αῦτη.
839 2191 904 2243 Ἥ
947 2191 1057 2261 γὰρ
1112 2190 1348 2271 δοκοῦσα
1384 2193 1495 2253 τοῖς
1548 2190 1763 2256 πολλοῖς

189 2280 453 2352 ἀνισότης
478 2282 757 2352 ἰσονομίαν
790 2283 883 2335 ἐπὶ
922 2284 1058 2337 πᾶσι
1107 2283 1428 2353 παραδόξως
1459 2283 1758 2355 χαρίζεται.

738 2461 1082 2516 ΕΠΙΣΤΟΛΗ
1115 2463 1211 2518 1Δ’.

196 2572 502 2651 Τεῖιαὺπῦἒ
537 2602 611 2613 -
635 2574 778 2651 Περὶ
818 2575 925 2651 τοῦ
955 2575 1078 2651 πῶς
1124 2575 1219 2630 δεῖ
1246 2577 1395 2651 πρὸς
1430 2579 1764 2651 Ἰουδαίους

265 2644 566 2708 ἀπαντᾶν.
616 2644 800 2713 ἡνίκα
833 2649 932 2713 καὶ
979 2644 1223 2713 μᾶλλον
1258 2648 1474 2701 ἐκεῖνοι
1510 2650 1575 2701 τὸ
1615 2644 1766 2706 κατὰ

272 2714 422 2765 Θεὸν
445 2712 813 2779 ἐπιχειροῦσι
842 2712 1225 2784 διαστρέφειν
1246 2718 1601 2785 μυστήριον.

266 2803 525 2857 Τοιοῦτόν
568 2821 621 2857 τι
672 2804 881 2869 ἔοικας,
914 2806 1177 2859 ὁσιώτατε
1212 2808 1361 2879 ἄνερ,
1401 2812 1638 2882 ὁποῖονὴ
1670 2812 1765 2882 μέ-

188 2898 397 2949 λισσα·
430 2896 652 2963 λέγεται
698 2895 807 2964 γὰρ
840 2897 922 2950 ὅτι
974 2900 1073 2960 τὰς
1123 2897 1299 2968 ἀρχὰς
1348 2901 1484 2968 αὑτὴ
1529 2901 1766 2970 ζητοῦσα

187 2987 293 3040 τοῦ
333 2988 568 3055 μέλιτος,
604 2989 706 3041 οὐκ
738 2987 1033 3055 ἐφίπταται
1077 2988 1156 3058 τῷ
1196 2991 1352 3059 ῥόδῳ,
1399 2990 1458 3042 οὐ
1489 2990 1565 3060 τῷ
1597 2992 1765 3063 κρίνῳ

192 3077 506 3146 πρόσεισιν,
541 3077 600 3130 οὐ
634 3079 787 3149 ζητεί
809 3079 901 3132 τὸν
925 3079 1243 3148 νάρκισσον,
1278 3081 1338 3133 οὐ
1367 3082 1457 3133 τὸν
1492 3083 1765 3147 ὑάκινθον,

185 3169 300 3222 οὐκ
336 3169 463 3222 dido
511 3169 666 3222 οὐδὲν
717 3168 827 3222 τῶν
871 3168 1119 3238 εὐόσμων
1171 3171 1262 3222 καλ⁵
1307 3170 1618 3239 ἡδυτάτωνο
1654 3174 1772 3239 ept—

190 3277 407 3313 πταται
435 3260 492 3313 δὲ
520 3259 599 3329 τῷ
629 3259 788 3330 θύμῳ
821 3262 1054 3331 πρᾶγμα
1082 3261 1238 3314 τοῦτο
1272 3262 1495 3314 ποιοῦσα
1539 3264 1777 3333 παράδο-

189 3351 317 3417 ξον.
344 3351 443 3403 καὶ
469 3353 581 3413 τοῖς
615 3350 828 3413 πολλοῖς
869 3351 1286 3421 ἀπιστούμενον.
1334 3353 1642 3421 Ἑκλέγεται
1669 3357 1776 3426 γὰρ
1802 3418 1806 3422 _

187 3442 296 3494 τὸν
328 3440 522 3508 θύμον,
549 3440 677 3493 ἔνθα
702 3458 804 3494 που
836 3440 987 3510 τύχοι
1027 3443 1216 3495 τοῦτον
1246 3444 1505 3511 εὑροῦσα.
1547 3448 1642 3498 καὶ
1679 3464 1778 3513 φυ-

188 3532 295 3585 τδν
329 3532 458 3584 ὄντα
488 3532 652 3602 δριμύ
676 3550 736 3585 τε
767 3533 859 3585 καὶ
882 3532 1119 3602 ἄνοσμον
1149 3533 1257 3585 τῶν
1282 3534 1507 3588 εὐοδέων
1561 3537 1779 3591 πάντων

191 3623 301 3677 καὶ
327 3623 608 3693 ήδυτάτων
631 3622 921 3692 προτίθησι
941 3638 958 3656 ⁶
987 3625 1282 3678 κάντεῦθεν
1306 3629 1467 3680 παντὶ
1490 3627 1567 3697 τῷ
1591 3629 1780 3697 κόσμῳ

190 3715 391 3784 πηγὰς
432 3714 660 3785 παρέχει
706 3714 798 3767 τοῦ
851 3715 1086 3784 μέλιτος.
1138 3717 1297 3771 Οῦτω
1339 3720 1439 3785 μὲν
1478 3715 1570 3772 οὖν
1610 3723 1781 3782 ποιεῖς

189 3808 335 3877 ἄρτι
373 3808 467 3859 καὶ⁸
511 3806 597 3871 σὺ,
619 3805 747 3867 τοὺς
782 3808 912 3877 περὶ
958 3809 1021 3861 τὸ
1070 3809 1252 3876 λέγειν
1302 3810 1524 3879 ἀφῆκας
1556 3812 1780 3875 δεινοὺς,

191 3902 335 3960 τοὺς
388 3897 548 3960 θείοις
605 3898 1070 3968 πεπυκνωμένους
1127 3900 1391 3969 νοήμασι,
1431 3904 1559 3962 τοὺς
1606 3904 1785 3954 πᾶσαν

191 3990 619 4059 ἐξησκημένους
654 3988 904 4059 Γραφὴν,
929 3990 1145 4059 καίνμοι
1182 3992 1463 4064 προσέρχῃ
1492 3991 1570 4059 τῷ
1602 3992 1789 4064 ἰδιώτῃ

190 4084 303 4136 καὶ
341 4080 603 4150 ταπεινῷ,
649 4081 742 4134 καὶ
779 4080 1025 4149 μιλιτόεν
1078 4078 1209 4153 ᾇσαί
1261 4100 1343 4135 σοι
1382 4085 1543 4153 μέλος
1595 4084 1787 4154 ἐπιζη-

189 4175 362 4237 τεῖς,
410 4173 554 4224 τοῦτ’
590 4171 707 4224 εστι
755 4171 900 4225 θεῖόν
955 4160 1027 4226 τε
1069 4174 1162 4226 καὶ
1216 4176 1608 4243 πνευματικόν.
1645 4176 1787 4228 Ἀλλ’

188 4264 374 4318 ἔλαθε
408 4264 654 4327 σεαυτὸν,
704 4258 747 4318 ὦ
781 4264 1054 4318 θεοείκελε
1099 4267 1250 4336 ἄνερ,
1296 4267 1380 4319 ὃτι
1431 4268 1566 4337 μηδὲ
1619 4269 1789 4339 θύμος

189 4358 375 4419 ἄλλος
410 4355 520 4422 ἐγὼ
549 4356 831 4425 μελίτταις
862 4358 1387 4428 περιόομϐούμενος,
1416 4363 1510 4413 καὶ
1541 4362 1662 4430 μέλι
1693 4363 1790 4428 φέ-

1791 1793 1829 1847 Β

1796 3125 1840 3183 C

1860 1833 1909 1877 et
1970 1822 2023 1876 hi
2060 1822 2277 1891 quidem
2317 1822 2707 1891 imperarent,
2753 1823 2831 1876 illi
2879 1837 3009 1878 vero
3053 1822 3418 1881 inservirent.

1861 1928 2042 1982 neque
2081 1913 2219 1967 alius
2250 1913 2305 1967 in
2336 1913 2500 1968 alium
2552 1922 2781 1984 propter
2820 1915 3184 1983 aequalitatem
3242 1913 3427 1966 insur-

1862 2015 2034 2077 geret.
2078 2006 2134 2061 Si
2164 2016 2345 2062 autem
2382 2007 2499 2062 haec
2532 2007 2604 2061 ita
2654 2023 2713 2060 se
2764 2007 3016 2071 habent,
3070 2023 3138 2061 ne
3199 2006 3430 2073 amplius

1863 2099 2101 2154 divinam
2148 2099 2472 2169 sapientiam
2545 2111 2792 2155 scrutcre
2829 2137 2843 2161 ,
2903 2099 3026 2168 quia
3082 2097 3270 2153 eadem
3329 2098 3431 2151 im-

1863 2189 2276 2259 perscrutabilis
2311 2198 2418 2244 est.
2450 2188 2585 2243 Nam
2631 2205 2752 2259 qtae
2801 2188 3016 2243 videtur
3066 2188 3251 2242 multis
3301 2188 3433 2241 inae-

1863 2281 2142 2349 qualitas,
2208 2280 2469 2352 aequalem
2528 2283 2797 2336 bonorum
2865 2280 3316 2336 distributionem
3373 2278 3429 2333 in

1866 2373 2121 2429 omnibus
2160 2363 2486 2428 mirabiliter
2518 2372 2800 2441 elargitur.

2388 2463 2728 2521 EPISTULA
2769 2464 2911 2518 XIV.

1870 2582 1951 2635 Ad
1978 2584 2236 2636 eumdem.
2260 2609 2331 2623 -
2362 2579 2437 2633 De
2470 2581 2676 2634 ratione
2716 2596 2820 2649 qua
2877 2588 3079 2645 oportet
3126 2590 3305 2633 contra
3343 2579 3439 2631 Ju-

1939 2653 2083 2721 dteos
2104 2652 2433 2721 respondere,
2468 2667 2587 2703 cum
2621 2651 2786 2720 magis
2817 2650 2855 2702 ii
2884 2651 3210 2719 distorquere
3244 2665 3436 2702 conen-

1941 2732 2026 2773 tur
2055 2720 2150 2774 Dei
2183 2720 2509 2790 mysterium.

1939 2813 2070 2868 Tale
2099 2812 2225 2882 quid
2276 2812 2423 2866 visus
2467 2827 2548 2879 es,
2584 2810 2931 2867 sanctissime
2965 2811 3065 2875 vir,
3099 2809 3255 2877 quale
3280 2810 3434 2878 apis;

1871 2905 2071 2960 dicitur
2122 2904 2268 2959 enim
2303 2903 2446 2975 quod
2503 2905 2619 2973 ipsa
2658 2919 2780 2959 cum
2839 2902 3082 2956 futurum
3123 2909 3208 2954 est
3261 2910 3314 2953 ut
3356 2899 3442 2951 in-

1871 2995 2053 3065 quirat
2112 2994 2379 3065 principia
2440 2993 2659 3055 mellis,
2715 3007 2827 3046 non
2868 2991 3083 3046 advolat
3132 2990 3197 3043 ad
3242 3004 3441 3051 rosam,

1872 3102 1979 3140 non
1999 3087 2051 3139 in
2078 3086 2190 3139 lilio
2212 3087 2383 3151 sedet,
2405 3098 2511 3139 non
2530 3066 2722 3153 quaerit
2740 3082 3062 3146 narcissum,
3088 3095 3196 3133 non
3224 3078 3445 3148 hyarirv

1876 3178 2242 3245 thum,nequo
2269 3174 2457 3229 ﬂorem
2485 3174 2650 3227 alium
2681 3172 3058 3227 beneolentem
3088 3187 3150 3225 ac
3182 3168 3444 3222 suavissi-

1878 3282 2053 3331 mum;
2087 3265 2179 3321 sed
2204 3266 2388 3336 thymo
2426 3272 2634 3317 tantum
2684 3263 2907 3316 inhaeret
2942 3276 3078 3331 opus
3110 3261 3213 3313 hoc
3237 3258 3444 3312 iactura

1878 3357 2257 3412 admirandum
2314 3365 2369 3411 et
2400 3354 2588 3410 multis
2655 3351 2975 3408 incredibile
3014 3366 3028 3403 :
3063 3351 3243 3421 seligit
3299 3348 3444 3403 enim

1881 3449 2149 3516 thymum,
2168 3445 2457 3514 siquando
2483 3444 2759 3512 contingat
2784 3443 2922 3512 quod
2951 3441 3127 3511 ipsum
3160 3440 3448 3503 invenerit,

1881 3554 1935 3595 et
1970 3554 2188 3610 germen
2214 3540 2355 3607 quod
2386 3547 2468 3592 est
2503 3548 2557 3591 et
2587 3552 2733 3596 acre,
2765 3552 2864 3590 nec
2911 3536 3162 3599 odorum,
3195 3534 3448 3587 omnibus

1883 3636 2023 3689 bene
2067 3632 2430 3703 spirantibus,
2455 3640 2511 3685 et
2552 3628 2972 3698 iucundissimis
3004 3627 3245 3697 prarfert,
3276 3634 3438 3693 atque

1883 3727 2009 3780 inde
2067 3725 2323 3778 universo
2382 3722 2501 3777 orbi
2553 3737 2774 3775 causam
2822 3721 3028 3791 praebet
3081 3719 3257 3773 mellis
3308 3718 3447 3783 (9.5).

1885 3813 2085 3867 Eadem
2129 3811 2293 3877 igitur
2342 3810 2552 3864 ratione
2594 3823 2743 3863 nunc
2790 3808 3007 3877 quidem
3071 3809 3241 3860 uteris
3270 3817 3324 3860 et
3369 3815 3448 3866 tu.

1885 3903 1977 3972 qui
2028 3910 2276 3972 potentes
2323 3914 2575 3956 sermone
2626 3898 2915 3969 reliquisti,
2966 3897 3167 3952 divinis
3217 3896 3453 3951 refertos

1889 3993 2225 4058 notionibus,
2258 4006 2476 4047 omnem
2509 3990 2701 4045 ordine
2726 3999 3042 4061 promentes
3090 3986 3454 4055 Scripturam,

1888 4094 1944 4141 et
1972 4100 2058 4140 me
2094 4083 2408 4153 interpellas
2463 4081 2685 4136 idiotam
2730 4088 2785 4134 et
2832 4080 3125 4149 abiectum,
3175 4079 3449 4132 melleum-

1890 4189 1995 4243 que
2028 4173 2123 4227 tibi
2170 4172 2291 4227 cani
2326 4184 2542 4224 carmen
2580 4169 2836 4239 requiris,
2865 4169 3110 4223 divinum
3155 4168 3361 4223 scilicet
3407 4177 3461 4221 et

1889 4266 2149 4336 spiritale.
2204 4264 2484 4328 Nescisne,
2537 4279 2570 4318 o
2611 4265 2719 4317 Deo
2763 4262 2957 4317 similis
3006 4262 3108 4326 vir,
3161 4262 3308 4332 quod
3346 4275 3455 4313 non

1891 4370 2021 4411 sane
2055 4370 2156 4423 ego
2188 4356 2322 4408 alter
2359 4370 2476 4409 sum
2528 4355 2768 4425 thymus,
2814 4354 2902 4408 cui
2944 4356 3266 4423 obstrepcnt
3312 4367 3458 4420 apes.

194 4468 326 4522 ρων
356 4450 550 4510 αὑταῖς
589 4447 1048 4519 τροφιμώτατον;
1083 4450 1206 4503 Ὅτι
1252 4450 1308 4502 δὲ
1356 4451 1477 4519 μέλι
1517 4451 1783 4517 γλυκάζον

1892 4457 1947 4502 et
1997 4447 2086 4516 qui
2136 4447 2241 4500 mel
2278 4447 2411 4515 ipsis
2462 4446 2665 4499 tribuat
2719 4445 3078 4499 nutritivum?
3128 4445 3279 4509 Quod
3334 4458 3464 4496 vero

188 4546 274 4597 τὰ
309 4542 433 4594 θεῖα
464 4540 619 4609 λόγια
652 4542 749 4593 καὶ
779 4540 896 4594 ἔστι
932 4542 1025 4595 καὶ
1068 4541 1308 4610 λέγεται,
1343 4543 1587 4611 ἀκριϐῶς
1618 4540 1785 4604 οἶδας.

191 4637 328 4689 Καὶ
362 4635 427 4686 σὺ
480 4632 625 4703 ἔχεις
663 4635 758 4687 τὸν
806 4636 1091 4704 προφήτην
1122 4634 1347 4703 βασιλέα
1387 4634 1550 4689 Δαῦὶδ
1587 4634 1676 4687 τὸν
1706 4634 1790 4687 λέ-

190 4742 386 4795 γοντα
411 4742 424 4755 ·
462 4743 481 4776 ‹
504 4725 592 4787 Ὠς
622 4724 829 4793 γλυκέα
868 4724 946 4795 τῷ
975 4714 1207 4795 λᾶρυγγί
1247 4708 1346 4794 μου
1379 4726 1446 4779 τὰ
1479 4725 1640 4793 λόγια
1675 4743 1788 4792 σου,

190 4820 361 4886 ὑπὲρ
394 4816 514 4886 μέλι
545 4817 621 4888 τῷ
654 4818 884 4888 στόματί
932 4834 1059 4889 μου.
1092 4836 1111 4870 ι
1150 4819 1333 4889 Ἔχεις
1376 4816 1465 4870 τδν
1495 4819 1662 4887 σοφὸν
1697 4818 1795 4870 Σο-

280 4962 408 5029 (τι)
452 4979 470 5011 ι
505 4960 640 5026 Quia
677 4961 866 5031 juncta
895 4972 982 5016 est
1019 4961 1200 5015 anima
1235 4961 1364 5015 dum
1396 4959 1633 5029 corpori,
1672 4978 1691 5011 ι
1721 4959 1798 5031 ait

190 5033 557 5095 Lactantius,
594 5029 709 5087 Div.
755 5033 879 5086 inst.
927 5033 1020 5085 lib.
1056 5047 1154 5091 vn.
1187 5046 1304 5099 cap.
1362 5032 1448 5089 12.
1492 5049 1509 5081 ι
1547 5029 1797 5099 contagio

187 5108 341 5172 ejus
378 5104 645 5172 mai-escit,
678 5112 737 5156 et
763 5102 1106 5156 imbecillitas
1126 5170 1138 5172 A
1169 5098 1264 5154 der
1294 5102 1561 5172 societate
1596 5098 1799 5172 fragili-

193 5170 351 5228 usus
376 5171 645 5226 redundat
672 5172 738 5225 ad
770 5183 1030 5225 mentem.
1067 5190 1088 5223 ι
1121 5170 1403 5224 Lucretius
1434 5184 1585 5231 vero,
1614 5170 1707 5222 lib.
1737 5185 1795 5221 ιιι

194 5248 288 5299 De
332 5248 450 5295 nat.
484 5255 675 5305 rerum,
697 5257 762 5294 ex
792 5255 1021 5310 corpore
1052 5241 1251 5294 mentis
1282 5242 1525 5294 actiones
1559 5239 1797 5309 pendere

187 5311 523 5370 ostendens
553 5313 626 5365 ita
654 5311 935 5380 aptissime
966 5312 1115 5365 canit
1145 5327 1161 5363 :

277 5382 557 5437 Prwterea
586 5382 729 5451 gigni
764 5382 965 5448 pariter
996 5397 1110 5434 cum
1143 5397 1372 5448 corpore,
1398 5391 1445 5432 et
1481 5396 1585 5432 una

278 5452 536 5507 Crescere
565 5453 837 5514 sentimus,
867 5454 1169 5519 pariterque
1198 5466 1456 5503 senescere
1481 5459 1720 5503 mentem.

288 5519 445 5575 Nam
470 5520 626 5574 veluti
649 5521 859 5586 inﬁrma
888 5524 1034 5589 pueri
1063 5531 1338 5587 teneroque
1362 5533 1583 5587 vagatur

277 5592 548 5660 Corpore,
575 5592 647 5643 sic
676 5592 842 5644 animi
880 5595 1115 5660 sequitur
1139 5596 1395 5645 sententia
1429 5592 1613 5643 tenuis.

283 5659 430 5717 Inde
459 5660 542 5713 ubi
575 5660 797 5714 robustis
825 5662 1045 5714 adolerit
1072 5661 1262 5714 viribus
1291 5672 1440 5721 a'tas,

285 5728 591 5787 Consilium
622 5746 821 5802 quoque
851 5733 1047 5801 majus,
1080 5740 1126 5784 et
1163 5732 1365 5785 auctior
1393 5744 1464 5785 est
1506 5732 1667 5784 animi
1700 5734 1790 5785 vis.

1896 4540 2002 4594 mel
2058 4538 2327 4608 praedulce
2358 4546 2413 4592 et
2470 4536 2580 4591 sint
2622 4547 2678 4591 et
2717 4538 2969 4592 dicantur
3015 4538 3195 4591 divina
3249 4534 3463 4603 eloquia

1896 4630 2057 4700 plane
2094 4628 2316 4692 novisti,
2370 4637 2423 4683 et
2460 4628 2627 4683 habes
2673 4628 3014 4697 prophetam,
3062 4636 3115 4681 et
3149 4641 3330 4695 regem
3369 4625 3467 4676 Da-

1897 4720 2075 4775 videm
2104 4719 2380 4774 dicentem
2409 4735 2426 4772 :
2458 4737 2476 4770 ι
2505 4719 2678 4784 Quam
2724 4718 2925 4773 dulcia.
2957 4717 3160 4788 gutturi
3205 4732 3327 4769 meo
3357 4716 3468 4769 elo-

1899 4816 2024 4884 quia
2055 4824 2167 4877 tua,
2200 4828 2362 4882 super
2405 4814 2511 4867 mel
2568 4811 2647 4865 ori
2680 4826 2803 4866 meo
2834 4811 2968 4883 (‘26).
3000 4830 3017 4863 ι
3057 4810 3239 4863 Habes
3277 4818 3333 4862 et
3382 4821 3469 4861 sa-

1969 4953 2098 5011 Post
2131 4956 2218 5011 ubi
2239 4955 2356 5025 jam
2394 4954 2582 5009 validis
2611 4964 2922 5025 quassatum
2954 4963 3030 5025 est
3058 4952 3256 5006 viribus
3298 4951 3394 5003 (τινὶ

1966 5028 2186 5095 Corpus,
2214 5024 2261 5081 et
2290 5027 2486 5079 obtusis
2523 5024 3040 5095 cecideruutviribus
3082 5032 3253 5081 artus,

1967 5094 2249 5151 Claudieat
2278 5097 2568 5165 ingenium,
2598 5095 2788 5149 delirat
2814 5094 3097 5160 linguaque
3129 5104 3392 5165 nisusque.

1971 5168 2082 5235 (25)
2122 5166 2197 5220 De
2227 5161 2551 5221 admirando
2591 5179 2754 5234 apum
2802 5179 2971 5232 opere
3022 5161 3274 5218 permulti
3322 5161 3463 5212 scri-

1899 5252 2055 5307 PSCI'B
2082 5247 2195 5290 tum
2217 5247 2448 5294 VCIOI‘CS.
2473 5244 2586 5307 tum
2619 5236 2974 5307 recentiores,
2994 5238 3469 5307 earumquenatu-

1898 5300 2034 5368 ram,
2069 5307 2414 5361 sedulitatem
2437 5346 2451 5369 ,
2486 5306 2626 5358 vires
2667 5306 2919 5371 repetitis
2949 5300 3343 5371 experimentis
3382 5300 3466 5371 inf

1898 5378 2169 5431 dicarunt.
2209 5378 2413 5430 Praeter
2476 5369 2746 5428 Pliniunn
2776 5384 2829 5427 et
2872 5369 3148 5427 Albanum
3181 5371 3342 5424 adeat
3381 5369 3469 5422 cui

1895 5456 2051 5501 vacat
2088 5447 2331 5517 Ulyssem
2366 5446 2798 5503 Aldrovandum.
2834 5453 2968 5517 tom.
3010 5443 3080 5496 De
3114 5441 3350 5517 in_sectis_,
3376 5440 3469 5506 qui

1897 5510 2523 5583 omnium'antiquorum
2551 5517 2851 5569 sententias
2882 5514 3075 5575 refert,
3111 5513 3175 5566 ad
3210 5510 3473 5583 trutinam

1900 5598 2140 5650 revocat,
2176 5597 2231 5641 et
2268 5579 2469 5641 refutat
2496 5600 2836 5655 qumcuuque
2882 5583 3129 5637 veritatis
3175 5579 3477 5636 momentis

1897 5660 2270 5711 adversantur.

1968 5728 2078 5799 (9.6)
2108 5726 2361 5783 Nonnulli
2393 5725 2611 5785 codices
2657 5725 2857 5780 habent
2892 5723 3033 5794 ὑπὲρ
3064 5721 3183 5792 μέλι
3218 5723 3311 5776 καὶ
3378 5739 3479 5791 κηι
