4186 6430
154 440 156 443 ,
176 373 283 437 -861

1510 368 1875 429 EPISTOLA
1918 367 2078 427 XIV.

3327 364 3431 427 862

187 504 301 560 μιν,
333 484 399 539 δι’
438 478 504 551 ἦς
547 484 613 536 τὰ
653 481 783 551 ἔθνη
832 483 1008 536 πάντα
1056 482 1348 551 ἑλκόμενα,
1392 483 1479 535 καπ¹
1524 480 1757 550 προσπί-

1875 478 2086 538 livitiis,
2121 475 2483 531 substantiis?
2514 475 2658 530 Nihil
2712 478 2818 532 tale
2867 487 2984 531 erat
3035 476 3092 532 in
3136 473 3303 543 ipsis;
3336 476 3430 529 sed

185 594 383 634 πτοντα
412 574 489 646 τῷ
539 573 780 643 Χριστῷ,
820 574 918 641 τῆς
980 573 1248 641 προτέρας
1297 572 1479 627 αὐτῶν
1520 589 1750 639 καταγι-

185 668 455 720 νώσκουσι
511 666 603 719 καὶ
638 663 845 734 πλάνης
881 665 973 717 καὶ
1012 664 1389 733 ματαιότητος.
1445 664 1552 715 Καὶ
1586 663 1751 717 ἄκουε

184 760 277 811 τοῦ
316 757 585 827 Ἰερεμίου
617 757 899 824 λέγοντος⁹
945 775 963 807 ι
997 758 1191 826 Κύριε,
1225 756 1289 809 σὺ
1329 756 1479 825 ἰσχύς
1508 772 1628 825 μου,
1658 755 1751 807 καὶ

185 849 473 917 καταφυγή
502 866 602 917 μου
633 849 690 900 ἐν
716 848 903 917 ἡμέρᾳ.
925 847 1111 900 κακῶν
1131 862 1144 876 °
1180 847 1315 913 πρός
1345 862 1404 899 σε
1436 846 1562 915 ἐθνη
1592 846 1750 916 ἥξουο

188 958 271 992 σιν
326 941 422 993 ἀπ’
474 940 703 1007 ἐσχάτου
749 939 851 1008 τῆς
900 940 1027 1006 γῆς,
1063 941 1158 993 καὶ
1205 937 1420 1009 ἐροῦσιν
1460 937 1534 1001 ὡς
1580 938 1750 1007 ψευδῆ

185 1032 485 1097 ἐκτήσαντο
514 1030 563 1081 οἱ
597 1028 833 1099 πατέρες
868 1029 1028 1097 ήμῶν
1074 1029 1288 1092 εἴδωλα,
1336 1029 1431 1081 καὶ
1466 1032 1566 1081 ούκ
1596 1025 1664 1098 ἦν
1696 1032 1753 1082 ἐν

186 1120 372 1180 αὐτοῖς
403 1118 668 1186 ὠφέλεια.
708 1136 728 1169 ι
761 1118 901 1185 Λέγε
925 1119 1137 1180 λοιπὸν,
1176 1121 1203 1171 ὁ
1234 1119 1572 1188 προφητικὸς
1596 1113 1752 1181 οὗτος

182 1211 341 1275 λόγος
371 1210 476 1263 τίνι
505 1212 936 1280 προσαρμόττει,
968 1210 1046 1279 τῷ
1076 1209 1317 1281 Χριστῷ,
1350 1210 1381 1279 ἢ
1410 1210 1581 1280 ἐτέρῳ
1609 1211 1749 1278 τινί;

187 1301 427 1353 [ιειθέτω
459 1303 551 1353 καὶ
595 1302 874 1371 Σοφωνίας
929 1303 1072 1372 ὑμᾶς
1126 1302 1330 1372 Κύριον
1376 1301 1467 1354 τὸν
1517 1302 1753 1371 Χριστὸν

181 1394 490 1460 ὁμολογεῖν,
546 1392 691 1446 οὔτω
732 1394 943 1461 λέγων’
1001 1412 1019 1445 ι
1072 1394 1496 1463 Ἐπιφανήσεται
1550 1393 1753 1463 Κύριος

182 1486 280 1537 ἐπὶ
324 1486 499 1537 πάντα
530 1485 598 1537 τά
640 1485 793 1555 ἔθνη,
840 1485 936 1539 καὶ
979 1484 1352 1554 ἐξολοθρεύσει
1388 1486 1563 1538 πάντα
1578 1505 1591 1547 ;
1626 1486 1752 1547 τοὺς

184 1576 344 1637 θεοὺς
375 1576 483 1627 τῶν
516 1575 708 1640 ἐθνῶν,
758 1577 852 1629 καὶ
899 1578 1371 1646 προσκυνήσουσιν
1404 1576 1584 1640 αὑτὸν,
1626 1576 1751 1629 ἐκα-

185 1684 312 1729 cto;
341 1666 447 1719 ἀπὸ
472 1666 569 1720 τοῦ
595 1666 758 1721 τόπου
795 1668 985 1723 αὐτοῦ.
1012 1687 1030 1719 ι
1082 1668 1147 1720 Τί
1179 1670 1313 1737 πρὸς
1365 1667 1539 1722 ταῦτά
1576 1684 1711 1735 φατε
1737 1685 1750 1733 ;

195 1753 487 1824 Ἐλήλυθεν
519 1756 552 1823 ἠ
578 1756 817 1826 κυριακὴ
848 1757 986 1826 αῦτη
1027 1756 1343 1824 ἐπιφάνεια,
1375 1756 1407 1826 ἢ
1444 1754 1544 1821 οὓς
1589 1754 1755 1819 Ἐξω-

1855 568 1984 621 nudi
2037 568 2254 636 quidem
2302 577 2459 622 erant
2501 577 2559 621 et
2600 568 2812 638 inopes,
2869 569 3157 635 indutiqne
3217 576 3430 620 tantum

1856 677 1959 714 una
1991 661 2225 729 Spiritus
2254 662 2453 715 virtute
2487 676 2584 729 per
2616 677 2775 729 quam
2820 662 3087 715 universee
3120 669 3309 727 gentes
3349 668 3432 712 at-

1857 763 2045 807 tracta:
2076 793 2092 819 ,
2126 763 2182 807 et
2210 753 2277 807 ad
2309 752 2588 807 Chiistum
2620 762 2971 807 accurrentes
3009 761 3250 805 veterem
3273 766 3432 805 suum

1854 860 2117 907 errorem,
2164 854 2218 898 et
2288 844 2583 899 vanitatem
2656 844 3045 898 condemnant.
3109 842 3246 895 Audi
3300 856 3433 894 sane

1853 933 2139 989 Jeretniant
2179 934 2449 989 dicentem
2500 951 2514 987 :
2556 955 2573 987 ι
2609 936 2854 997 Domine,
2913 946 2967 988 ιιι
3014 934 3180 987 robur
3224 949 3431 995 meum,

1854 1034 1909 1078 et
1955 1025 2220 1093 refugium
2272 1041 2450 1078 meum
2485 1027 2537 1079 in
2584 1027 2672 1080 die
2698 1027 2998 1092 malorum;
3047 1028 3111 1077 ad
3150 1032 3202 1076 te
3244 1035 3433 1093 gentes

1856 1115 2076 1168 venient
2128 1116 2197 1168 ab
2223 1126 2465 1169 extremo
2496 1125 2674 1181 terrae,
2724 1126 2779 1170 et
2824 1117 3029 1178 dicent,
3090 1115 3238 1183 quod
3297 1130 3433 1167 con-

1855 1206 2043 1258 sectati
2096 1214 2223 1259 sunt
2274 1206 2614 1259 mendacium
2671 1217 2855 1275 patres
2886 1209 3054 1259 nostri
3088 1207 3246 1259 idolis
3277 1207 3436 1260 obse.

1854 1307 2101 1365 quentes,
2128 1308 2183 1351 et
2210 1313 2317 1351 non
2355 1309 2473 1351 erat
2493 1299 2545 1350 in
2572 1302 2651 1351 eis
2670 1299 3097 1366 adiumentum.»
3130 1298 3222 1350 hic
3252 1297 3431 1359 sodes,

1857 1387 2209 1455 propheticus
2279 1388 2364 1440 hic.
2414 1402 2596 1441 sermo
2651 1388 2947 1455 reSpicitne
2999 1386 3307 1449 Christum,
3365 1402 3435 1439 an

1854 1479 2161 1548 quempiam
2234 1481 2439 1533 alium?
2498 1473 2832 1534 Persuadéat
2908 1479 3062 1532 vobis
3124 1476 3437 1545 Sophonias

1854 1570 2131 1626 Christum
2166 1571 2452 1625 Dominum
2480 1572 2729 1626 conﬁteri
2758 1571 2827 1626 ita
2861 1571 3081 1625 dicens:
3114 1570 3439 1639 «Apparebit

1860 1665 2118 1719 Dominus
2158 1665 2232 1719 ad
2291 1680 2483 1719 omnes
2539 1675 2748 1734 gentes,
2803 1674 2857 1719 et
2915 1664 3195 1733 disperdet
3245 1677 3439 1717 omnes

1859 1756 1991 1811 deos
2034 1756 2317 1809 nationum
2346 1794 2360 1818 ,
2400 1764 2454 1809 et
2484 1756 2735 1810 adorab'.t
2764 1771 2888 1809 eum
2922 1757 3153 1824 quisque
3197 1755 3266 1808 de
3318 1754 3438 1807 loco

184 1818 563 1926 ὶοθρεύθησαν
612 1818 668 1899 οῖ
709 1818 825 1900 θεοῖ
868 1818 986 1900 τῶν.
1026 1818 1214 1910 ἐθνῶν,
1248 1818 1407 1911 Ζεύς,
1456 1818 1753 1913 Ἀπόλλῶν,

1875 1862 2011 1904 tuo.)
2034 1846 2172 1912 Quid
2195 1856 2387 1915 praeter
2415 1847 2519 1901 hoc
2550 1818 3127 1901 dicendumMilvenit
3158 1844 3438 1897 Dominica

196 1934 490 2007 Ἀφροδίτη
548 1936 642 1990 καὶ
674 1937 962 2007 Ἀρτεμις,
1000 1937 1032 2007 ἢ
1060 1936 1158 2005 οὖ;
1204 1938 1477 2006 Ἐπιφανε
1508 1937 1698 1991 λοιπὸν
1730 1940 1759 1990 ὁ

188 2027 397 2098 Κύριος
417 2029 558 2083 κατὰ
580 2028 677 2099 τὴν
702 2030 797 2082 τοῦ
829 2028 1101 2097 Σοφωνίου
1129 2028 1435 2100 πρόρρησιν
1462 2030 1555 2082 ἐπὶ
1580 2031 1762 2085 πάντα

185 2123 255 2173 τὰ
288 2119 438 2189 ἔθνη.
484 2121 582 2184 Τίς
621 2121 678 2174 δὲ
721 2116 877 2182 οὗτός
908 2124 1091 2190 ἐστιν;
1145 2122 1202 2176 Ὀ
1230 2123 1432 2193 Κύριος
1460 2122 1617 2193 ήμῶν
1655 2124 1760 2189 ’1η-

189 2213 322 2277 σοῦς
378 2213 645 2284 Χριστόεο
677 2215 744 2284 τῇ
806 2214 914 2283 γὰρ
951 2213 1117 2267 αὐτοῦ
1150 2214 1426 2285 παρουσίᾳ
1469 2216 1675 2278 πάντες
1714 2216 1761 2268 οῖ

186 2305 301 2360 τῶν
334 2305 505 2359 ἐθνῶν
540 2304 654 2359 θεοὶ
698 2306 1141 2377 κατεϐλήθησαν.
1178 2306 1305 2360 Ὅτι
1344 2308 1399 2361 δὲ
1443 2307 1512 2362 τὰ
1541 2309 1667 2378 ἔθνη
1695 2308 1764 2361 τὰ

184 2399 337 2469 μήτε
392 2398 556 2462 νόμῡν
626 2398 827 2463 εἰδότα,
887 2401 1026 2470 μήτε
1086 2399 1383 2470 προφητῶν
1434 2400 1761 2465 ἀκούσαντα,

191 2494 335 2560 μήτε
384 2489 520 2552 ὅλως
566 2490 658 2542 τὸν
702 2489 909 2561 Κύριον
956 2490 1359 2562 ἐκζητήσαντα,
1415 2491 1614 2562 καιροῦ
1662 2508 1764 2544 κα-

181 2583 417 2647 λοῦντος
444 2584 824 2653 προσδραμεῖν
848 2583 1061 2654 ἔμελλε,
1096 2587 1191 2637 καὶ
1219 2584 1438 2655 ἀληθῶς
1470 2585 1766 2655 εὑρηκέναι

189 2676 289 2726 τιν
324 2674 549 2746 Κύριον,
580 2675 738 2746 δῆλον
767 2675 1016 2729 ἐντεῦθεν
1036 2691 1050 2705 θ
1091 2695 1108 2728 t
1140 2675 1382 2747 Εὑρέθην
1414 2678 1525 2740 τοῖς
1555 2676 1655 2743 ἐμὲ
1691 2676 1767 2745 μὴ

186 2767 477 2837 ζητοῦσιν,
526 2768 775 2838 ἐμφανὴς
820 2769 1089 2838 ἐγενόμην
1139 2771 1253 2831 τοῖς
1302 2769 1404 2838 ἐμὲ
1447 2766 1523 2839 μὴ
1556 2770 1770 2839 ἐπερω-

188 2859 334 2913 τῶσι
366 2876 380 2892 ’
420 2879 440 2913 ε
470 2861 563 2914 καὶ
587 2857 765 2927 αὖθις,
806 2880 823 2913 ι
849 2856 941 2923 Οἷς
991 2862 1092 2914 οὐκ
1123 2860 1432 2932 ἀνηγγέλθη
1467 2860 1598 2930 περὶ
1636 2857 1770 2929 ἐμοῦ

190 2948 447 3017 ὄψονται,
478 2952 572 3005 καὶ
607 2951 656 3004 οἳ
684 2952 786 3005 οὐκ
816 2951 1086 3021 ἀκηκόασι
1117 2953 1464 3021 συνήσουσι.»
1501 2950 1773 3004 Τοιούτων

195 3041 305 3109 μὲν
340 3039 432 3094 οὖν
460 3043 555 3094 καὶ
577 3042 849 3096 τοσούτων
884 3044 1236 3113 προφητικῶν
1266 3042 1531 3114 ῥημάτων
1551 3041 1776 3097 ἀκούον-

1862 1940 1975 1994 haec
2027 1940 2313 2009 apparitio,
2343 1938 2567 1992 necne?
2606 1936 2922 2004 Dispersine
2972 1945 3101 1991 sunt
3152 1936 3437 1989 natiooum

1861 2032 1957 2093 dii.
1995 2031 2233 2101 Jupiter,
2268 2031 2480 2101 Apollo,
2522 2032 2726 2095 Venus,
2761 2031 2955 2093 Diana,
2990 2044 3056 2081 an
3084 2028 3231 2081 non?
3260 2030 3440 2097 Appa-

1863 2123 1974 2177 ruit
2003 2125 2186 2193 itaque
2211 2123 2481 2179 Dominus
2512 2138 2681 2192 super
2712 2136 2906 2177 omnes
2938 2129 3130 2189 gentes
3155 2120 3311 2189 juxta
3344 2120 3444 2173 So-

1864 2216 2083 2286 phoniae
2118 2218 2462 2271 vaticinium.
2497 2216 2631 2281 Quis
2664 2232 2794 2271 vero
2838 2214 2927 2267 hic
2966 2223 3070 2276 est,
3102 2212 3207 2267 nisi
3252 2210 3445 2265 Domi-

1866 2323 1971 2362 nus
2006 2317 2196 2362 noster
2225 2309 2384 2363 Jesus
2403 2308 2695 2364 Christus?
2718 2306 2845 2375 Ejus
2874 2307 3018 2361 enim
3051 2307 3287 2359 adventu
3323 2319 3444 2358 om-

1868 2414 1966 2455 nes
2003 2416 2227 2470 prorsus
2277 2398 2562 2455 nationum
2611 2401 2686 2455 dii
2730 2408 3081 2455 corruerunt.
3126 2397 3281 2464 Quod
3314 2412 3445 2452 vero

1870 2504 2061 2562 gentes
2090 2509 2266 2564 neque
2298 2494 2539 2549 scientes
2572 2494 2766 2561 legem,
2798 2508 2977 2560 neque
3018 2492 3311 2560 prophetas
3344 2504 3445 2542 au-

1870 2591 2108 2653 dientes,
2134 2603 2313 2657 neque
2342 2587 2562 2656 penitus
2591 2585 2938 2653 exquirentes
2968 2583 3282 2642 Dominum,
3321 2581 3446 2635 data

1872 2682 2136 2753 temporis
2179 2682 2590 2752 Opportunitate
2638 2677 2882 2731 futurum
2925 2685 3043 2732 erat
3087 2685 3148 2728 ut
3198 2688 3451 2728 accurre-

1872 2783 2015 2837 rent,
2065 2782 2121 2827 et
2159 2787 2287 2827 vere
2330 2770 2620 2825 Dominum
2673 2766 3026 2831 invenirent,
3075 2776 3225 2837 patet
3276 2766 3449 2830 hinc,

1873 2865 2018 2936 quod
2069 2884 2087 2917 ι
2134 2863 2393 2918 Inventus
2442 2877 2561 2915 sum
2607 2876 2636 2915 a
2687 2875 2798 2914 non
2839 2859 3208 2928 querentibus
3245 2872 3351 2923 me,
3400 2866 3454 2910 et

1874 2973 1986 3012 non
2041 2955 2515 3027 interrogantibus
2566 2968 2653 3006 me
2707 2951 2974 3021 apparui;
3034 2967 3052 3000 ι
3104 2960 3159 3004 et
3204 2963 3450 3003 rursus:

1883 3069 1901 3103 ι
1939 3049 2152 3115 Quibus
2184 3064 2290 3102 non
2326 3045 2711 3107 annuntiatum
2749 3051 2831 3098 est
2872 3042 2940 3097 de
2964 3056 3051 3096 me
3083 3041 3368 3106 videbunt,
3402 3048 3456 3094 et

193 3147 287 3195 τες
329 3132 430 3201 τήν
478 3132 572 3185 τοῦ
618 3132 872 3201 Σωτῆρος
924 3132 1164 3203 Χριστοῦ
1212 3134 1596 3203 κηρυσσόντων
1639 3149 1778 3202 προ-

1879 3141 1973 3212 qui
2008 3155 2118 3195 non
2174 3138 2503 3201 audierunt,
2547 3142 2903 3207 cognoscent.
2951 3150 2969 3185 ι
3007 3131 3157 3187 Talia
3198 3133 3365 3203 igitur
3391 3147 3457 3188 ac

194 3222 388 3291 φανῶς
420 3224 770 3292 ἐπιφάνειαν,
808 3225 860 3277 τί
889 3224 1079 3278 λοιπὸν
1113 3225 1447 3296 ματαιάζετε
1479 3241 1774 3296 καιροσκο-

195 3314 434 3375 ποῦντες
484 3315 576 3365 ἐπὶ
612 3315 791 3373 κενοῖς
836 3314 1092 3385 Χριστὸν,
1129 3314 1446 3379 ἐλπίζοντες
1502 3314 1776 3385 Ἀντίχρι-

197 3422 369 3471 στον;
401 3406 610 3472 Κωφοὶ,
664 3400 936 3459 ἀκούσατε
960 3420 976 3437 ο
1010 3408 1038 3459 ὁ
1065 3407 1174 3476 γάρ
1212 3407 1438 3471 Ἦσαῖας
1472 3408 1563 3460 τὸν
1600 3423 1777 3474 σωτηφ

200 3498 326 3568 ρίου
372 3495 798 3566 προσαγορεύων
834 3498 1049 3568 καιρὸν,
1086 3498 1181 3551 καὶ
1225 3501 1308 3553 ὅτι
1356 3500 1417 3551 ού
1466 3497 1533 3551 δι’
1584 3497 1777 3568 ἐτέρου

197 3588 497 3657 γενήσεται
544 3589 577 3655 ﬂ
631 3590 879 3657 σωτηρία
926 3590 1207 3659 προφήτου
1260 3589 1446 3659 τυχὸν,
1488 3589 1522 3658 ἢ
1570 3589 1778 3643 δικαίου

198 3683 371 3749 τινος,
413 3685 508 3735 καὶ
559 3683 687 3736 τάδε
743 3682 951 3751 φησίν⁶
1000 3672 1024 3734 ἰ
1050 3681 1223 3745 Αὐτὸς
1277 3680 1420 3752 ἥξει,
1471 3680 1565 3734 καὶ
1618 3678 1782 3733 σώσει

198 3776 379 3846 ἡμᾶς.
434 3775 565 3826 Τότε
616 3771 890 3842 ὀφθαλμοὶ
938 3772 1158 3840 τυφλῶν
1211 3776 1613 3841 ἀνοιγήσονται,
1666 3765 1783 3824 ὦτα

199 3866 411 3933 κωφῶν
449 3866 802 3930 ἀκούσονται,
833 3864 928 3919 καὶ
958 3864 1128 3933 χωλὸς
1170 3862 1381 3916 ἀλεῐται
1411 3863 1485 3924 ὡς
1524 3863 1775 3928 ἔλαφος.»

210 3957 471 4024 Ἐγένετο
502 3956 678 4010 ταῦτα
726 3958 818 4011 ἐπὶ
862 3958 930 4026 τῇ
989 3954 1265 4025 παρουσίᾳ
1314 3953 1409 4006 τοῦ
1459 3952 1589 4022 παρ’
1629 3953 1784 4020 ὑμῶν

201 4051 621 4122 σταυρωθέντος
657 4048 921 4120 Χριστοῦ.
950 4049 981 4117 ἢ
1009 4046 1070 4102 οὗ
1097 4063 1113 4114 ;
1147 4047 1272 4101 ’Ἰνα
1315 4047 1368 4099 τί
1410 4048 1690 4099 ἀπιστεῖτε
1716 4045 1784 4098 τὰ

200 4145 322 4199 τῶν
359 4142 659 4213 προφητῶν
689 4140 921 4211 ὁρῶντες
953 4142 1035 4193 ἐπ’
1065 4141 1215 4209 αύτῴ
1249 4137 1328 4207 τῷ
1358 4137 1580 4208 Χριστῷ
1612 4138 1785 4208 πέρας

201 4236 601 4305 λαμϐάνοντα;
667 4232 805 4288 Ἀλλ’
863 4234 945 4287 ὅτι
1008 4233 1104 4302 μὶν
1156 4232 1248 4285 οῦν
1277 4232 1335 4283 τὸ
1381 4231 1522 4284 κατὰ
1550 4228 1786 4300 Χριστὸν

207 4330 519 4399 μυστήριον
562 4326 911 4380 ἀπιστεῖσθαι
953 4325 1083 4395 παρ’
1137 4325 1292 4393 ὑμῶν
1330 4323 1520 4392 ἔμελλε
1552 4323 1643 4375 διά
1686 4323 1786 4391 τὴν

200 4424 305 4475 τοῦ
333 4422 613 4491 θαύματος
641 4417 972 4491 ὑπερϐολήν,
1017 4416 1252 4471 ἔκπαλαι
1275 4417 1451 4482 ,τοῦτο
1482 4417 1786 4486 δεδήλωκεν

1880 3240 2026 3286 tanta
2074 3228 2465 3299 prophetarum
2501 3226 2647 3281 dicta
2684 3225 2978 3280 audientes
3008 3223 3214 3278 Christi
3260 3222 3457 3277 Serva-

1880 3321 2019 3379 toris
2047 3321 2447 3391 apparitionem
2489 3318 2839 3387 apertissime
2870 3316 3239 3372 nuntiantium
3265 3355 3279 3380 ,
3326 3316 3458 3384 quid

1882 3424 2145 3486 praeterea
2176 3411 2449 3480 dcsipitis,
2473 3427 2528 3464 In
2554 3411 2710 3464 vanis
2732 3408 3134 3479 prospicientes
3154 3408 3456 3472 Christum,

1860 3506 2284 3567 ,Antichristum
2317 3504 2643 3574 sperantes?
2677 3502 2838 3556 Surdi
2867 3500 3054 3555 audite
3080 3517 3094 3554 :
3124 3500 3291 3555 Isaias
3314 3502 3461 3556 enim

1884 3599 2182 3654 Salvatoris
2242 3596 2617 3667 pranuntians
2676 3604 2931 3663 tempus,
2981 3602 3038 3648 et
3089 3609 3119 3648 a
3162 3595 3315 3649 nullo
3356 3595 3462 3649 alio

1885 3689 2154 3761 propheta
2188 3688 2549 3743 salvationem
2602 3685 2717 3739 ﬁeri
2769 3699 2957 3753 posse,
2996 3683 3098 3738 nisi
3148 3700 3174 3735 a
3225 3684 3460 3753 quodam

1885 3780 2061 3846 Justo,
2105 3780 2221 3834 hare
2254 3793 2386 3832 sane
2417 3778 2491 3831 ait
2523 3792 2537 3828 :
2577 3794 2595 3827 ι
2633 3775 2754 3844 [pse
2788 3776 2968 3828 veniet
2998 3782 3053 3827 et
3080 3774 3309 3829 salvahit
3339 3792 3461 3830 nos.

1887 3871 2044 3925 Tunc
2076 3871 2221 3924 oculi
2270 3883 2540 3923 caecorum
2588 3867 2930 3937 aperientur,
2969 3880 3129 3921 aures
3174 3869 3463 3922 surdorum

1887 3964 2134 4027 audient,
2170 3970 2226 4015 et
2273 3960 2502 4014 claudus
2534 3957 2693 4012 saliet
2728 3966 2786 4013 ut
2816 3971 3031 4012 cervus.
3077 3976 3096 4009 ι
3146 3956 3306 4012 Facta
3338 3967 3461 4012 sunt

1889 4057 2029 4118 liter,
2059 4069 2259 4114 necne,
2297 4068 2421 4107 cum
2459 4050 2712 4122 apparuit
2754 4051 3008 4106 Christus
3039 4065 3069 4103 a
3096 4052 3253 4104 vobis
3289 4050 3456 4105 cruci-

1890 4149 2070 4203 ﬁxus?
2099 4145 2305 4216 thuid
2334 4161 2465 4215 ergo
2502 4160 2606 4199 non
2640 4145 2870 4199 creditis
2901 4144 3288 4214 prophetarum
3324 4144 3465 4198 dicta

1891 4240 2143 4294 videntes
2177 4240 2232 4292 in
2270 4238 2389 4307 ipso
2411 4236 2632 4292 Christo
2660 4236 2823 4290 ﬁnem
2856 4236 3143 4305 accipere?
3163 4235 3317 4300 Quod
3340 4251 3466 4291 vero

1892 4332 2136 4386 futurum
2156 4338 2277 4384 erat
2310 4339 2420 4383 uta
2452 4330 2610 4384 vobis
2636 4345 2743 4382 non
2772 4328 3094 4383 crederetur
3124 4329 3323 4383 Christi
3358 4347 3465 4400 tny-

1893 4422 2142 4479 sterium.
2175 4430 2399 4491 propter
2425 4419 2677 4473 miraculi
2704 4418 3107 4483 excellentiam,
3136 4420 3263 4474 olim
3288 4429 3474 4474 osten-

199 4519 233 4570 ὁ
272 4515 404 4578 Θεὸς
437 4514 606 4567 εἰπών
630 4531 643 4545 ο
681 4531 701 4565 ι
732 4514 902 4566 Ἴδετε
939 4514 991 4565 οι
1034 4512 1469 4580 καταφρονηταὶ,
1514 4512 1610 4563 καὶ
1655 4512 1779 4562 θαυ-

1895 4514 1974 4567 dit
2009 4512 2150 4567 Deus
2183 4513 2369 4567 dicens
2402 4527 2417 4564 :
2454 4531 2471 4564 ι
2505 4510 2698 4566 Videte
2730 4520 3169 4579 contemptores,
3209 4522 3264 4565 et
3296 4512 3437 4566 admi
3470 4547 3474 4551 -

209 4609 453 4678 μάσατε,
476 4606 570 4659 καὶ
601 4606 967 4675 ἀφανίσθητε,
999 4605 1081 4656 ὅτι
1113 4604 1276 4673 ἔργον
1327 4603 1436 4671 ἐγὼ
1481 4603 1790 4672 ἐργάζομαι

204 4706 272 4753 ἐν
305 4699 423 4761 ταῖς
457 4696 695 4767 ἡμέραις
728 4694 883 4764 ὑμῶν
910 4710 924 4725 ο
954 4695 1114 4763 ἔργον
1149 4693 1177 4745 ὃ
1205 4693 1267 4747 ού
1292 4691 1389 4762 μὴ
1436 4694 1790 4762 πιστεύσητε,

204 4794 311 4845 ἐὰν
338 4806 420 4851 τις
448 4787 848 4857 ἐκδιηγήσηται
893 4786 1077 4855 ὑμῖν.)
1116 4785 1308 4847 Καλῶς
1344 4784 1400 4839 δὲ
1439 4786 1467 4838 ὁ
1501 4786 1790 4855 προφήτης

205 4882 400 4937 εἶπεν·
431 4900 450 4932 ε
481 4882 652 4944 am;
708 4881 852 4951 ἥξει,
907 4881 1001 4932 καὶ
1060 4879 1223 4932 σώσει
1265 4881 1478 4949 ἡμᾶς.»
1534 4880 1630 4931 Ὃν
1678 4882 1788 4949 γὰρ

205 4975 418 5043 τρόπον
453 4972 573 5027 κατ’
609 4974 783 5044 ἀρχὰς
822 4977 849 5026 ό
880 4973 1009 5035 Θεὸς
1056 4972 1308 5024 πλάττων
1351 4972 1438 5025 τὸν
1492 4970 1786 5041 ἄνθρωπον

208 5069 317 5136 οὐχ
350 5065 610 5137 ὑπουργῷ
648 5081 755 5117 τινι
805 5065 1103 5135 ἐχρήσατο,
1157 5063 1329 5125 οὕτως
1381 5063 1503 5115 οὐδὲ
1554 5062 1650 5115 νῦν
1697 5063 1796 5130 τὴν

209 5159 404 5212 εἰκόνα
444 5158 747 5226 φθαρεῖσαν
780 5156 1171 5226 ἀνανεούμενος
1196 5155 1337 5224 ἄλλῳ
1363 5155 1466 5224 ’τὴν
1490 5145 1797 5208 ἀνάπλασιν

211 5249 547 5321 ἐνεχείρισε.
1138 5314 1142 5317 γ

211 5357 457 5439 Spiritps
480 5357 571 5439 qui
605 5355 985 5439 ipspsglliavit
1015 5332 1317 5407 mirandam
1353 5354 1459 5435 vim
1499 5356 1798 5437 praedicare

215 5425 330 5483 non
371 5425 722 5481 destiterunt.
758 5425 929 5480 Nemo
965 5435 1144 5478 tamen
1191 5425 1392 5492 estqui
1439 5428 1652 5479 nesciat
1695 5444 1797 5480 llu—

215 5513 392 5569 gaces
443 5499 691 5569 homines
745 5497 878 5550 vitio
926 5497 1157 5550 vertisse
1194 5493 1389 5569 Joanni
1436 5494 1799 5569 Laminiorqi

217 5566 501 5638 πανσόφῳ.
527 5576 582 5621 et
604 5567 873 5638 haereseos
897 5581 1035 5638 pene
1056 5575 1237 5638 notam
1264 5566 1485 5638 inurere
1514 5568 1795 5623 studuisse

216 5656 291 5691 co
327 5633 810 5707 quia'rnsticitatis
854 5633 919 5707 et
967 5633 1263 5707 imperitia
1301 5635 1358 5688 ll.
1392 5633 1655 5689 Joannem
1706 5654 1797 5691 ar-

217 5705 426 5778 guisSet
451 5708 694 5761 nondum
724 5706 929 5776 Spiritu
960 5717 1152 5760 sancto
1176 5705 1467 5778 imbutum.
1496 5708 1673 5761 Adeas
1694 5710 1792 5760 ab-

217 5776 618 5835 leutissimum
648 5779 769 5849 ejus
796 5793 933 5847 Opus
965 5778 1031 5831 de
1055 5776 1365 5831 cru.litione
1390 5780 1788 5845 apostolorum,

1898 4606 2117 4667 ramini,
2144 4614 2200 4658 et
2231 4605 2639 4673 diSperdimini,
2676 4605 2935 4673 quoniam
2966 4620 3105 4675 opus
3138 4620 3239 4675 ego
3276 4621 3473 4675 operor

1896 4700 1950 4753 in
1993 4699 2189 4753 diebus
2228 4698 2463 4752 vesuris:
2490 4712 2629 4765 opus
2660 4697 2748 4750 cui
2787 4712 2895 4750 non
2929 4696 3257 4752 adhibebitis
3291 4698 3472 4762 (idem,

1896 4795 1941 4851 si
1983 4796 2106 4862 quis
2134 4794 2476 4848 enarraverit
2502 4792 2679 4848 vobis.
2714 4810 2731 4842 ι
2762 4791 2977 4860 Optime
3008 4806 3138 4845 vero
3170 4789 3306 4843 dixit
3353 4806 3471 4859 pro-

1898 4888 2101 4957 pheta:
2139 4905 2157 4937 ς
2194 4885 2317 4954 Ipse
2360 4884 2564 4943 veniet.
2598 4892 2655 4938 et
2700 4882 2933 4937 salvabit
2968 4898 3104 4946 nos;
3149 4902 3165 4935 ι
3215 4883 3450 4951 quemad

1898 4978 2116 5033 tnodum
2153 4981 2298 5031 enim
2332 4976 2385 5030 in
2415 4976 2684 5046 principio
2716 4976 2858 5029 Dens
2888 4974 3163 5044 plasmans
3200 4975 3474 5028 hominem

1898 5070 2047 5126 nullo
2077 5071 2183 5125 alio
2219 5070 2546 5124 administro
2573 5084 2703 5123 usus
2740 5077 2842 5132 est,
2881 5078 2950 5122 ita
2984 5083 3131 5121 nunc
3163 5076 3474 5136 corruptam

1898 5163 2190 5234 imaginem
2208 5178 2475 5216 renovans
2497 5162 2699 5216 nemini
2722 5161 3162 5215 reformationem
3185 5160 3475 5213 commisit.

1908 5357 2213 5427 omnigcnze
2245 5356 2574 5412 eruditionis
2606 5370 2775 5410 sacrre
2807 5352 3271 5427 promptuarinm,
3300 5365 3346 5427 Ae
3373 5365 3478 5418 quo

1906 5421 2133 5480 Veluti'e
2169 5443 2309 5495 penu
2343 5428 2562 5481 haurire
2595 5426 2779 5479 licebit
2809 5421 3009 5493 quibus
3046 5425 3260 5477 doctior
3293 5421 3390 5474 ﬁas
3427 5430 3478 5495 et

1904 5493 2194 5561 eruditior,
2239 5513 2485 5553 necnon
2532 5511 2833 5567 cognosces
2875 5508 3083 5564 quanto
3132 5494 3331 5567 rubere
3372 5493 3468 5567 sul}

1905 5568 2057 5621 lundi
2109 5568 2355 5623 debuero
2406 5567 2544 5621 tnale
2606 5562 2783 5620 feriati
2836 5562 2933 5629 illi,
2985 5567 3078 5633 qui
3123 5562 3480 5633 maledicendi

1902 5640 2165 5692 cacoethe
2196 5640 2428 5707 quadam
2459 5638 2637 5693 adacti
2672 5647 2880 5691 tantum
2920 5630 3091 5691 \iriun
3130 5647 3256 5688 sunt
3288 5630 3481 5701 injuria

1902 5712 2199 5764 criminati.
