4186 6430
729 398 833 457 86}

1997 388 2048 446 Μ
2062 383 2417 447 lCllAELlS
2451 379 2707 443 GLYC/E

3885 370 3991 435 εει

800 508 1209 579 Simillimajam
1234 505 1623 561 demonstratis
1639 501 2014 558 divinissimus
2034 498 2295 553 ltlalachia

2474 496 2554 548 Τὰ
2584 494 2723 547 αὐτὰ
2768 492 2881 553 τοῖς
2917 489 3258 559 διαληφθεῖσι
3295 488 3386 541 καὶ
3413 486 3443 541 6
3475 487 3751 548 θειότατος
3788 488 3992 541 Μαλα-

726 609 831 658 ;ιίῑ;ι
855 604 1159 657 inclamans
1186 615 1318 654 voce
1343 598 1519 653 dixit:
1557 615 1575 648 ι
1604 594 1721 649 Non
1757 603 1842 648 est
1875 593 2007 647 mihi
2045 593 2296 645 voluntas

729 701 779 749 in
803 696 976 759 vobis,
996 693 1126 748 dicit
1150 692 1432 752 Dominus,
1453 703 1630 757 neque
1650 701 1861 741 sumam
1881 683 2210 737 sacriﬁcium
2230 680 2297 734 de

729 789 983 843 manibus
1005 786 1227 848 vestris,
1250 784 1511 853 quoniam
1534 784 1604 835 ab
1628 789 1750 834 ortu
1775 779 1904 833 solis
1926 790 2098 845 usque
2119 774 2183 828 ad
2207 788 2299 828 oc-

725 896 915 934 casum
939 893 1136 932 nomen
1163 890 1342 930 meum
1374 873 1667 943 gloriosum
1690 870 1847 924 estin
1878 867 2153 938 gentibus,
2169 872 2223 917 et
2245 864 2298 915 in

728 973 876 1027 omni
895 974 1014 1024 loco
1037 970 1175 1022 sacri
1187 967 1362 1021 licium
1379 976 1433 1020 et
1446 965 1651 1018 oblatio
1664 963 1867 1015 munda
1883 959 2109 1014 oﬂ‘ertur
2123 957 2297 1011 nomi-

728 1067 781 1117 ni
815 1079 938 1117 meo
964 1079 978 1116 :
1003 1077 1101 1115 vos
1125 1069 1306 1113 autem
1331 1073 1395 1111 ea
1447 1055 1888 1111 contaminastis.
1927 1070 1945 1102 ι
1976 1051 2142 1105 Facta
2170 1058 2301 1103 sunt

733 1159 867 1216 hare,
907 1169 974 1205 an
1002 1167 1109 1205 non
1144 1150 1507 1204 ?Oﬂ'erturne
1564 1148 1908 1200 incruentqu
1945 1154 1999 1198 et
2038 1141 2298 1195 mundum

730 1245 1054 1299 sacriﬁcium
1088 1243 1196 1295 Deo
1226 1242 1276 1293 in
1308 1242 1456 1293 omni
1490 1240 1778 1293 nationum
1839 1237 1980 1296 loco.
2021 1250 2088 1287 an
2151 1232 2302 1285 non?

734 1338 927 1390 Verum
957 1334 1084 1403 quid
1111 1333 1304 1402 plura?
1329 1332 1626 1385 Audiamus
1645 1330 1963 1399 prepbetam
1995 1327 2297 1379 dicentem:

734 1445 750 1473 σ
799 1428 869 1478 Ex
899 1425 1030 1478 Sion
1065 1424 1236 1477 exibit
1275 1423 1380 1484 lex,
1419 1431 1474 1475 et
1506 1419 1743 1474 Verbmn
1787 1418 2001 1473 Domini
2038 1417 2106 1470 de
2140 1414 2301 1469 Jeru-

731 1520 934 1581 salem;
970 1527 1023 1570 et
1065 1516 1333 1586 judit-inm
1370 1514 1533 1567 faciet
1583 1514 1637 1566 in
1684 1512 1860 1566 medio
1892 1510 2197 1567 nationum.
2249 1515 2304 1559 ct

734 1617 927 1677 arguet
967 1607 1224 1677 populum
1275 1605 1529 1659 multum.
1560 1622 1579 1655 ι
1618 1603 1789 1658 Dicite
1843 1616 1996 1671 ergo,
2048 1613 2299 1669 quaenam

731 1710 816 1752 est
852 1702 937 1753 lex
973 1701 1165 1752 exiens
1194 1712 1258 1751 ex
1295 1697 1449 1759 Sion,
1481 1704 1537 1749 et
1587 1696 1810 1764 quinam
1843 1703 1969 1748 sunt
2024 1694 2116 1761 qui
2180 1704 2299 1745 eam

735 1793 1099 1861 receperunt?
1129 1790 1387 1844 Nationes
1419 1803 1551 1843 sane
1582 1807 1594 1852 ;
1637 1788 1767 1857 ipsae
1810 1788 1955 1841 enim
1998 1786 2302 1856 redarguta:

2400 588 2521 655 χίας
2556 583 2965 655 προαναφωνῶν
3003 583 3226 649 ἔλεγεν·
3261 599 3279 632 ι
3308 582 3421 633 Οὐκ
3469 583 3582 633 ἐστι
3636 599 3729 650 μοι
3760 584 3819 632 ἐν
3860 584 3994 647 ὑμῖν

2401 676 2633 745 θέλημα,
2669 677 2820 743 λέγει
2848 676 2877 727 6
2907 673 3130 744 Κύριος,
3167 676 3259 725 καὶ
3297 672 3487 725 θυσίαν
3514 674 3575 725 οὐ
3610 673 3989 741 προσδέξομπσ

2400 768 2465 817 ὲκ
2488 766 2600 818 τῶν
2627 765 2827 835 χειρῶν
2857 763 3032 833 ὑμῶν,
3078 763 3215 815 διότι
3247 763 3341 815 ἀπ’
3382 763 3659 816 ἀνατολῶν
3704 764 3869 829 ﬂio-2
3906 765 3993 813 καὶ

2401 858 2504 921 ἕως
2530 859 2754 926 δυσμῶν
2780 858 2841 910 τὸ
2871 857 3041 926 ὄνομα
3076 872 3179 924 μου
3203 855 3517 919 δεδόξασται
3548 858 3608 907 ἐν
3632 860 3746 916 τοῖς
3782 858 3910 907 ἔθνε
3924 874 3993 911 σε,

2402 950 2501 1002 καὶ
2526 952 2583 1002 ὲν
2606 950 2771 1004 παντὶ
2798 949 2949 1018 τόπῳ
2977 947 3234 1017 θυμίαμα
3267 948 3607 1014 προσάγεται
3640 947 3716 1014 τῷ
3756 948 3993 1014 ὁνὸματξ

2408 1058 2534 1109 μου,
2566 1042 2661 1094 καὶ
2696 1041 2858 1094 θυσία
2888 1041 3109 1109 καθαρά
3130 1056 3143 1069 ⁶
3178 1040 3335 1106 ὑμεῖς
3360 1038 3418 1091 δὶ
3454 1038 3751 1107 βεδηλοῖιτε
3786 1040 3987 1091 αὐτοὶ..

2417 1133 2666 1197 Ἐγένετο
2712 1133 2909 1196 ταῦτα,
2961 1132 2994 1200 ἢ
3042 1130 3140 1195 of»;
3181 1130 3529 1199 Προσάτεται
3562 1133 3596 1199 ἡ
3646 1132 3995 1199 ἀναίμακτος

2369 1206 2386 1222 ’
2405 1225 2501 1276 καὶ
2530 1221 2747 1289 καθαρὰ
2768 1222 2935 1275 θυσία
2959 1222 3039 1291 τῷ
3068 1221 3188 1290 Θεῷ
3212 1222 3270 1273 ἑν
3300 1222 3465 1273 παντὶ
3490 1222 3639 1287 τόπῳ
3659 1222 3773 1272 τῶν
3794 1222 3992 1279 ἐθνῶν,

2405 1315 2437 1381 ἢ
2466 1314 2557 1379 ob;
2593 1313 2701 1368 Καὶ
2731 1313 2782 1364 τί
2810 1313 2982 1366 πο).λὰ
3010 1314 3189 1380 λέγειν
3214 1329 3230 1379 ;
3273 1312 3666 1381 Ἀκονσώμεθα
3698 1313 3993 1380 προφήτου

2405 1405 2501 1458 τοῦ
2537 1406 2792 1473 λέγοντος
2814 1423 2827 1437 ·
2864 1424 2883 1457 ι
2904 1406 3001 1457 Ἐκ
3028 1404 3168 1458 Σιὼν
3192 1404 3537 1469 ἑξεὶεύσεται
3560 1405 3746 1472 τόμος,
3774 1408 3874 1457 καὶ
3908 1404 3991 1455 λῦε

2406 1510 2498 1560 γος
2528 1494 2733 1564 Κυρίου
2785 1495 2843 1560 ἐξ
2881 1495 3267 1564 Ἰερουσαλὴμ,
3324 1495 3421 1548 καὶ
3453 1498 3635 1564 κρινεῖ
3678 1497 3787 1548 ἀνα
3824 1504 3995 1564 μέσον

2407 1587 2601 1651 ἐθνῶν,
2628 1588 2723 1639 καὶ
2753 1586 3028 1654 ἐξελέγξει
3062 1587 3189 1641 λαὸν
3236 1586 3428 1641 πολύν,
3473 1605 3492 1638 ι
3541 1587 3749 1641 Εἴπατε
3779 1585 3881 1640 οὖν
3914 1590 3996 1649 τίς

2407 1679 2638 1743 ἐξελθὼν
2669 1680 2831 1750 νόμος
2868 1682 2931 1733 ικ
2961 1679 3123 1742 Σιὼν,
3175 1682 3271 1735 καὶ
3314 1679 3462 1743 τίνες
3506 1681 3557 1734 οί
3600 1681 3800 1734 τοῦτον
3835 1682 3997 1747 ἄξαι

2411 1787 2597 1838 μενοι;
2631 1771 2852 1833 Πάντως
2885 1769 2951 1823 τὰ
2980 1771 3109 1841 ἔθνη
3137 1787 3153 1803 ·
3184 1772 3325 1825 αὐτὰ
3354 1772 3450 1826 καὶ
3491 1776 3600 1844 γὰρ
3640 1773 3998 1843 ἠλέγχθησαν

733 1896 861 1938 sunt
893 1886 1041 1937 velut
1074 1892 1324 1935 errantes
1364 1896 1391 1933 a
1425 1880 1549 1945 ﬁde,
1578 1888 1631 1933 et
1654 1878 1854 1933 Christi
1877 1878 2050 1948 legem
2080 1893 2306 1947 recepe-

2417 1862 2599 1931 ὥσπερ
2625 1862 2724 1933 τὴν
2756 1862 2942 1915 πίστιν
2966 1863 3320 1933 πλανώμενα,
3358 1866 3454 1919 καὶ
3487 1864 3579 1917 τὸν
3617 1865 3711 1917 τοῦ
3750 1866 3998 1934 Χριστοῦ

736 1986 888 2036 runt,
920 1991 1081 2042 quam
1120 1973 1341 2039 quidem
1377 1971 1669 2040 discipulis
1696 1970 1847 2024 dedit
1876 1972 1927 2023 in
1980 1968 2307 2033 Jerusalem,

734 2080 789 2121 et
835 2083 931 2137 per
986 2068 1134 2135 ipsos
1164 2064 1420 2119 Omnibus
1451 2063 1731 2133 gentibus.
1793 2080 1811 2113 ι
1845 2060 1920 2115 Ex
1965 2062 2098 2116 Sion
2142 2062 2313 2116 exibit

733 2162 860 2223 lex;
895 2178 912 2210 ι
952 2157 1242 2226 oportebat
1276 2157 1419 2210 enim
1452 2170 1644 2209 novam
1682 2154 1796 2207 dari
1833 2154 2008 2224 legem
2056 2170 2198 2208 novo
2246 2169 2313 2208 ex

734 2251 1052 2305 nationibus
1079 2248 1299 2323 populo,
1332 2247 1795 2316 quemadmodum
1831 2245 2102 2301 Jeremias
2132 2246 2269 2301 dicit
2296 2264 2309 2299 :

738 2366 755 2396 ι
799 2344 936 2398 Ecce
964 2344 1079 2397 dies
1116 2341 1363 2403 veniunt,
1425 2349 1479 2393 et
1527 2338 1719 2393 teriam
1778 2354 1903 2393 eum
1959 2339 2125 2393 domo
2176 2336 2315 2392 Juda

735 2441 915 2490 («nilus
948 2450 1175 2499 novum,
1212 2448 1323 2487 non
1356 2433 1659 2487 secundum
1696 2441 1917 2501 paetum
1969 2431 2114 2500 quod
2140 2431 2317 2502 pepigi

733 2547 858 2583 eum
903 2530 1152 2598 patribus
1198 2542 1390 2581 eorum
1442 2526 1496 2579 in
1539 2526 1731 2579 diebus
1764 2524 1815 2578 in
1863 2524 2063 2594 quibus
2117 2540 2319 2594 appre-

732 2620 1010 2673 bendente
1045 2634 1129 2671 me
1170 2634 1393 2671 manum
1426 2632 1643 2679 eorum,
1676 2615 1842 2670 eduxi
1894 2617 2017 2670 illos
2061 2615 2130 2671 de
2174 2626 2319 2670 terra

732 2710 971 2778 xiigypti.
1011 2729 1029 2760 ι
1065 2706 1159 2761 Vel
1196 2708 1362 2778 igitur
1410 2708 1598 2763 dicant
1649 2722 1771 2776 qua)
1826 2708 1909 2761 lex
1957 2708 2084 2761 data
2127 2707 2196 2761 sit
2249 2721 2318 2761 ex

735 2803 889 2857 Sion.
920 2799 1003 2853 vel
1036 2814 1232 2851 novant
1266 2816 1297 2852 a
1342 2798 1565 2852 Christo
1598 2798 1996 2867 legislationem
2030 2798 2317 2865 recipiant.

737 2893 864 2945 l’ost
905 2892 1051 2944 enim
1104 2890 1565 2943 resurrectionmn
1620 2890 1736 2958 ejus
1792 2904 1821 2942 a
1852 2888 2101 2954 mortuis,
2133 2905 2325 2958 quem-

734 2984 1026 3038 admodum
1105 2982 1387 3051 propheta:
1458 2982 1872 3050 prmdixerant,
1921 2980 2174 3036 ascendit
2248 2981 2316 3035 ad

734 3074 923 3134 caelos,
946 3082 999 3125 et
1034 3072 1291 3132 intonuit.
1318 3073 1421 3125 hoc
1450 3077 1557 3136 est,
1584 3071 1883 3141 ipsumhoc
1902 3070 2110 3125 Novum
2133 3071 2322 3126 Testa-

2405 1955 2568 2023 νόμον
2626 1955 2899 2018 ἐδέξαντο,
2952 1954 2980 2007 6
3037 1955 3209 2009 ἔδωκε
3243 1955 3346 2025 μὲν
3383 1958 3441 2010 ὲν
3487 1956 3856 2027 Ἰερουσαλὴμ
3891 1961 3999 2018 τοῖς

2409 2045 2702 2115 μαθηταῖς,
2733 2046 2802 2098 δι’
2831 2046 3014 2098 αὐτῶν
3038 2047 3097 2099 δὲ
3125 2048 3221 2101 καὶ
3252 2049 3387 2101 πᾶσι
3412 2050 3528 2110 τοῖς
3564 2048 3799 2101 ἔθνεσιν.
3837 2067 3857 2099 ι
3908 2050 4000 2101 Ἐκ

2410 2137 2547 2191 Σιὼν
2575 2136 2919 2202 ἐξελεύσεται
2950 2140 2978 2190 ὁ
3020 2138 3186 2205 νόμος
3209 2155 3223 2169 ο
3257 2156 3275 2189 ι
3321 2139 3429 2192 ἔδει
3458 2141 3565 2210 γὰρ
3604 2141 3683 2208 τῷ
3714 2142 3777 2204 ἐξ
3829 2140 4001 2193 ἐθνῶν

2408 2226 2586 2295 καινῷ
2615 2227 2727 2296 λαῷ
2754 2227 2849 2279 καὶ
2876 2227 3041 2296 νόμον
3082 2226 3308 2296 δοθῆναι
3357 2229 3565 2294 καινὸν,
3608 2230 3798 2292 καθὼς
3838 2232 4003 2301 Ἰερε-

2416 2320 2545 2389 μίας
2571 2319 2774 2388 φησιν’
2815 2338 2835 2372 ι
2876 2318 3007 2372 Ἰδοὺ
3052 2320 3263 2389 ἡμέραι
3304 2321 3579 2391 ἔρχονται,
3612 2327 3706 2376 καὶ
3737 2324 4005 2394 διαθήσο·

2415 2429 2514 2482 μαι
2549 2412 2627 2481 τῷ
2664 2410 2801 2481 οἴκῳ
2842 2411 3014 2465 Ἰούδα
3044 2412 3316 2483 διαθήκην
3358 2415 3573 2481 καινὴν,
3618 2414 3681 2467 οὐ
3724 2415 3877 2467 κατὰ
3912 2415 4005 2482 τὴν

2413 2503 2684 2574 διαθήκην
2713 2503 2784 2574 ἢν
2809 2502 3070 2574 διεθέμην
3115 2505 3230 2567 τοῖς
3265 2504 3538 2575 πατράσιν
3569 2506 3750 2557 αὐτῶν
3779 2507 3841 2558 ὲν
3872 2508 4006 2575 ἡμέο

2415 2616 2539 2669 ραις
2573 2597 2977 2667 ἐπιλαόομένου
3014 2613 3118 2665 μου
3150 2598 3249 2665 τῆς
3292 2596 3478 2667 χειρὸς
3523 2597 3728 2662 αὐτῶν,
3786 2602 3885 2651 καὶ
3922 2599 4009 2662 ἐξ·

2415 2692 2641 2761 αγαγὼν
2674 2692 2870 2754 αὐτοὺς
2896 2692 2961 2743 ὲκ
2988 2690 3092 2760 γῆς
3121 2689 3426 2758 Αἰγύπτου.
3453 2708 3471 2741 ι
3494 2691 3578 2742 "ﬂ
3602 2690 3739 2756 γοῦν
3768 2691 4003 2743 εἰπάτω-

2423 2801 2524 2838 σαν
2557 2784 2641 2847 τίς
2669 2787 2697 2837 6
2727 2785 2890 2853 νόμος
2919 2786 2947 2836 6
2972 2783 3149 2846 δοθεὶς
3182 2785 3247 2837 ἐκ
3290 2782 3452 2847 Σιὼν,
3481 2783 3514 2853 ἢ
3546 2783 3647 2853 τὴν
3682 2784 3886 2851 καινὴν
3916 2784 4012 2836 τοῦ

2419 2876 2659 2948 Χριστοῦ
2697 2876 3024 2947 νομοθεσίαν
3049 2875 3557 2945 καταδεχέσθωσαν.
3592 2877 3749 2928 Μετὰ
3778 2878 3892 2945 γὰρ
3918 2878 4013 2947 τὴν

2418 2973 2484 3023 ὲκ
2514 2969 2727 3037 νεκρῶν
2750 2968 2920 3021 αὑτοῦ
2956 2968 3200 3038 ἔγερσιν,
3231 2966 3414 3029 καθὼς
3436 2968 3485 3019 οἱ
3514 2968 3799 3037 προφῆται
3827 2971 4014 3037 προεῖ-

2426 3078 2548 3124 πον,
2582 3060 2749 3130 ἁνέόη
2784 3060 2865 3122 είς
2898 3059 3168 3128 οὐρανοὺς
3209 3059 3308 3111 καὶ
3338 3057 3659 3127 ιὸρὸντησε,
3681 3057 3841 3111 τοῦτ’
3867 3059 4015 3110 ἔστιν

738 3175 984 3217 mentum
1024 3178 1121 3231 per
1165 3163 1392 3216 omnino
1444 3171 1692 3215 sanctum
1748 3160 2011 3229 Spiritum
2056 3162 2316 3233 elargitus

2425 3152 2596 3222 αὐτὴν
2620 3150 2827 3221 ταύτην
2858 3149 2959 3221 τὴν
3004 3149 3133 3203 νέαν
3176 3149 3448 3219 διαθήκην
3480 3150 3568 3202 διὰ
3601 3150 3698 3202 τοῦ
3731 3152 4015 3214 πανατξον

735 3266 840 3310 est.
877 3256 1072 3309 Verum
1101 3254 1233 3307 mihi
1269 3254 1429 3317 dicis,
1464 3253 1608 3322 quod
1633 3256 1677 3306 si
1714 3253 1804 3307 Dei
1839 3252 2007 3307 Filius
2034 3263 2320 3319 erat,vere

733 3348 899 3400 etiam
940 3345 1204 3399 surrexit.
1243 3343 1351 3398 Sed
1388 3344 1553 3405 audi;
1588 3343 1633 3397 si
1668 3344 1773 3397 hoc
1806 3342 2008 3397 factum
2040 3345 2161 3407 luit,
2189 3360 2319 3399 cono

738 3437 892 3489 tinuo
919 3435 1186 3489 debueras
1217 3434 1489 3489 credere?
1523 3433 1780 3488 Profecto
1838 3450 1985 3498 non;
2043 3435 2135 3503 qui
2173 3437 2319 3489 enim

732 3528 804 3580 iis
864 3543 984 3595 qure
1038 3536 1431 3594 przrcesserant
1489 3542 1602 3579 non
1650 3526 1903 3586 credidit,
1951 3541 2130 3594 neque
2172 3525 2320 3580 illius

732 3619 1127 3672 resurrectioni
1155 3618 1481 3679 crediderit,
1505 3630 1561 3671 et
1587 3618 1633 3670 si
1671 3617 1726 3670 in
1756 3626 2052 3686 conspectu
2075 3618 2318 3671 omnium

732 3709 935 3760 factum
971 3705 1018 3759 id
1044 3707 1131 3760 sit.
1160 3706 1353 3761 Nonne
1376 3706 1558 3759 vidisti
1586 3704 1854 3759 Lazarum
1883 3706 2317 3775 quatriduanum

735 3812 763 3847 a
802 3795 1030 3847 mortuis
1069 3794 1497 3862 resurgentem?
1527 3792 1813 3858 Quomodo
1852 3811 1959 3848 non
2005 3795 2321 3849 credidisti?

734 3886 873 3948 Quid
930 3886 1031 3939 hoc
1084 3883 1494 3946 incredibilius,
1548 3884 1719 3937 solem
1779 3886 2044 3939 crueiﬁxo
2103 3886 2323 3940 Christo

734 3976 1155 4029 obtenebratum
1212 3976 1375 4029 esse?
1408 3974 1552 4040 Quid
1586 3975 1794 4044 majus,
1835 3985 2083 4032 mortuos
2147 3992 2323 4031 resur-

735 4068 965 4130 rusisse,
1000 4076 1183 4136 petras
1216 4058 1417 4120 scissas
1446 4082 1591 4128 esse.
1622 4075 1679 4120 et
1709 4067 1885 4135 ipsum
1921 4068 2107 4137 templi
2140 4069 2320 4123 velum

734 4158 790 4212 in
822 4156 958 4210 duas
981 4166 1166 4225 partes
1197 4157 1433 4211 divisum
1467 4157 1628 4212 esse?
1653 4156 1847 4213 Nonne
1879 4159 2122 4214 omnium
2158 4160 2325 4214 mira-

735 4248 1010 4312 culorum,
1048 4262 1118 4301 ne
1149 4247 1269 4315 ipsa
1318 4247 1542 4316 quidem
1600 4256 1829 4316 excepta
1898 4250 2320 4315 resurrectione,

737 4345 853 4393 ha-c
904 4346 1034 4393 sunt
1096 4338 1337 4392 maxime
1391 4339 1705 4392 mirabilia?
1770 4339 2056 4404 Quomodo
2125 4341 2320 4395 horum

735 4434 1017 4501 signorum
1047 4440 1329 4499 spectator
1386 4431 1566 4486 factus
1623 4447 1734 4485 non
1795 4432 2120 4486 credidisti?
2182 4432 2322 4488 Vere

2425 3247 2742 3315 Πνεύματος
2798 3246 3164 3316 ἐχορήγησεν.
3208 3244 3372 3297 una
3415 3244 3597 3313 λέγεις
3646 3263 3763 3314 μοι,
3828 3247 3916 3301 δτι
3968 3251 4018 3301 εί

2421 3340 2555 3392 Θεοῦ
2587 3338 2716 3400 Υἱὸς
2759 3334 2848 3408 ἦν,
2899 3338 2998 3393 καὶ
3051 3336 3271 3404 ἀληθῶς
3303 3336 3522 3407 ἀνέστη.
3560 3339 3673 3391 Καὶ
3714 3337 3888 3392 ἄκουε
3920 3356 3938 3370 ·
3970 3343 4019 3393 εί

2420 3428 2579 3481 τοῦτο
2605 3427 2844 3496 ιτένετο,
2879 3425 3171 3478 πιστεῦσαι
3193 3420 3339 3495 εἶχες
3362 3442 3378 3490 ;
3413 3424 3635 3486 Πάντως
3658 3424 3786 3493 οὐχί
3810 3442 3825 3458 ·
3847 3426 3877 3475 6
3907 3429 4019 3495 γὰρ

2425 3521 2499 3589 μὴ
2531 3522 2641 3583 τοῖς
2672 3517 3008 3587 προλαϐοῦσι
3032 3517 3334 3581 πιστεύσας
3370 3517 3495 3570 οὐδὲ
3533 3519 3601 3588 τῇ
3634 3519 3857 3572 ἐκείνου
3887 3520 4020 3571 ἁνα-

2425 3612 2614 3664 στάσει
2655 3611 2984 3663 ἐπίστευσεν
3044 3611 3112 3664 ἂν
3143 3611 3238 3663 καὶ
3283 3613 3333 3662 εί
3364 3610 3599 3663 ἐνώπιον
3633 3612 3865 3664 πάντων
3894 3612 4019 3677 ἑτέ-

2423 3721 2561 3758 νετο.
2592 3705 2705 3757 Οὐκ
2737 3699 2889 3766 οἶδας
2918 3702 3009 3754 τὸν
3029 3700 3281 3771 Λάζαρον
3304 3703 3366 3754 ὲκ
3389 3699 3599 3770 νεκρῶν
3624 3702 4017 3772 τετραήμερον

2422 3796 2717 3866 ἐγερθέντα
2746 3813 2760 3861 ;
2792 3796 2913 3857 Πῶς
2953 3795 3053 3847 οὐκ
3078 3794 3406 3853 ὲπίστευσας
3430 3809 3445 3858 ;
3472 3793 3538 3845 Τί
3573 3793 4017 3863 παραδοξότερον

2423 3888 2516 3941 τοῦ
2548 3888 2638 3941 τὸν
2666 3888 2818 3957 ἥλιον
2851 3885 3209 3955 σκοτισθῆναι
3265 3885 3675 3955 σταυρονμένου
3727 3885 4015 3955 Ᾱριστοῦς

2423 3981 2489 4033 Τί
2523 3980 2709 4052 μεῖξον
2737 3980 2861 4042 τοὺς
2891 3980 3121 4049 νεκροὺς
3165 3977 3481 4046 ἐγερθῆναι,
3522 3978 3731 4045 πέτρας
3777 3978 4018 4046 σχισθῆ·

2423 4089 2534 4135 ναι,
2571 4073 2664 4125 καὶ
2684 4072 2818 4125 αὐτὸ
2838 4070 3209 4141 διαρραγῆναι
3231 4070 3290 4123 τὺ
3313 4070 3408 4123 τοῦ
3428 4069 3556 4122 ναοῦ
3575 4071 4014 4139 καταπέτασμας

2423 4165 2500 4217 Οὐ
2536 4162 2755 4215 πάντων
2788 4162 3107 4233 θαυμάτων,
3161 4163 3255 4215 καὶ
3304 4162 3474 4231 αὐτῆς
3517 4160 3581 4231 δὴ
3626 4164 3726 4230 τῆς
3772 4162 4021 4214 ἀναστεί-

2428 4274 2584 4319 σεως,
2618 4258 2789 4310 ταῦτα
2826 4254 3255 4326 θαυμασιώτερα
3285 4272 3299 4320 ;
3332 4256 3453 4317 Πῶς
3480 4254 3735 4309 τοιούτων
3761 4271 3823 4307 τε
3833 4255 4022 4324 pitu"

2425 4349 2625 4417 θεατὴς
2654 4348 2894 4415 γεγονὼς
2928 4348 3028 4399 οὑκ
3060 4348 3387 4410 ἐπίστευσας
3414 4364 3427 4410 ;
3468 4348 3679 4407 Ὄντως
3712 4348 4021 4416 πεπλήρω-

2424 4461 2514 4495 ται
2550 4444 2611 4495 τδ
2637 4444 2733 4496 τοῦ
2779 4441 3000 4495 Ἠσαίου
3030 4457 3045 4474 ο
3082 4459 3101 4493 ι
3144 4440 3209 4494 Ἢ
3244 4441 3442 4511 καρδία
3472 4440 3647 4495 αὐτῶν
3678 4440 3979 4507 ἐπαχύνθη
4002 4458 4017 4468 σ

734 4524 1094 4591 ιιιιιηηιιριιιιιι
1129 4531 1213 4576 εει
1243 4522 1390 4590 quod
1437 4521 1608 4576 Isaias
1672 4523 1851 4576 dixit:
1911 4542 1930 4574 ι
1965 4523 2074 4577 Cor
2127 4538 2317 4578 eorum

2429 4528 2544 4588 ὦτα
2571 4534 2780 4603 ἔχουσι,
2820 4535 2915 4586 καὶ
2958 4535 3059 4586 οὐκ
3090 4535 3382 4587 ἁκούουσιν
3405 4548 3421 4565 ο
3458 4531 3795 4601 ὀφθαλμοὺς,
3828 4533 3933 4583 καὶ
3957 4533 4019 4583 οὗ

736 4618 1135 4683 iinpinguatum
1165 4623 1251 4668 est
1283 4630 1296 4665 :
1340 4629 1506 4667 aures
1542 4614 1768 4679 habent,
1806 4624 1860 4668 et
1896 4630 2007 4668 non
2053 4616 2318 4681 audiunt;

738 4708 943 4760 habent
972 4707 1188 4770 oculos,
1221 4716 1275 4761 et
1324 4721 1432 4759 non
1479 4706 1685 4759 vident.
1726 4726 1744 4757 ι
1785 4708 1857 4761 De
1917 4709 2325 4762 resurrectione

735 4799 954 4866 quidem
982 4808 1325 4852 mortuorum
1365 4814 1485 4867 qua:
1515 4799 1715 4853 Christi
1747 4799 2057 4855 Servatoris
2080 4809 2325 4869 tempore

737 4892 993 4959 L'.tnligll,
1025 4906 1054 4943 a
1087 4891 1436 4945 divinissitno
1470 4892 1733 4961 propheta
1770 4892 1974 4947 dictum
2008 4904 2125 4947 est:
2154 4912 2172 4944 ι
2213 4894 2323 4947 Cu-

735 4985 881 5036 rabit
912 4993 967 5036 et
1019 4983 1242 5060 sanabit
1264 4998 1363 5036 nos
1400 4994 1524 5052 post
1578 4984 1715 5039 duos
1772 4985 1925 5049 dies;
1968 4985 2021 5038 in
2061 4986 2149 5039 die
2197 5000 2326 5039 vero

741 5076 901 5127 n-rtia
932 5075 1313 5138 suscitabitur,
1344 5087 1399 5129 et
1426 5075 1674 5128 vivemus
1708 5075 1764 5129 in
1796 5086 2102 5145 conspectu
2124 5076 2266 5145 ejus.
2301 5096 2317 5125 ι

816 5162 1013 5215 Verum
1052 5165 1335 5217 enimvero
1366 5174 1421 5218 et
1454 5166 1555 5219 hoc
1606 5168 1885 5233 protendis
1924 5167 2055 5219 mihi
2090 5166 2279 5220 dlCt'llS
2308 5184 2322 5219 :

740 5257 882 5319 Quid
916 5256 1001 5309 hic
1040 5256 1206 5309 novi?
1241 5257 1296 5310 Si
1356 5268 1533 5311 vester
1573 5260 1659 5311 hic
1698 5260 1952 5312 Christus
1994 5260 2145 5329 signa
2202 5276 2323 5313 eum

742 5346 941 5398 1εϊοι”ὶι
984 5347 1245 5417 pepulum
1278 5363 1384 5400 non
1423 5365 1648 5416 parvum
1689 5350 1739 5401 in
1773 5364 2016 5401 errorem
2068 5350 2326 5419 impulit?

741 5437 882 5492 lisee
941 5441 1088 5493 enim
1158 5451 1213 5493 et
1274 5440 1642 5494 .‘llaontethum
1698 5442 1851 5511 signa
1913 5442 2082 5496 inulta
2131 5441 2326 5497 fecisse

741 5532 1029 5595 discimus,
1063 5546 1231 5601 atque
1292 5534 1415 5587 inde
1448 5551 1556 5587 non
1591 5550 1819 5604 parvum
1855 5536 2118 5604 populum
2168 5535 2332 5589 deeec

741 5624 908 5692 pisse.
944 5623 998 5677 Si
1045 5625 1210 5695 igitur
1246 5625 1502 5680 Christus
1529 5636 1613 5679 est
1648 5625 1793 5680 Deus
1830 5616 2053 5696 promer
2079 5629 2235 5696 signa
2263 5627 2330 5679 ab

741 5735 806 5765 ιι»
849 5728 1079 5786 patrata,
1121 5718 1263 5773 Deus
1292 5720 1481 5773 eodem
1516 5735 1745 5788 prorsus
1776 5720 1937 5773 modo
1971 5723 2075 5772 erit
2099 5730 2151 5773 et
2183 5720 2333 5772 Mau-

741 5814 981 5865 tnethns.
1049 5812 1152 5867 Sed
1215 5813 1373 5876 auli,
1438 5813 1732 5866 Maonn-thi
1794 5820 1981 5882 signa,
2042 5814 2325 5866 n-anil‘i-sta

2429 4627 2712 4696 βλέπουσι.
2748 4644 2766 4677 ι
2817 4626 2955 4695 Πεῷ⁸
3001 4626 3186 4694 μέντοι
3215 4626 3318 4691 τῆς
3348 4625 3486 4678 κατὰ
3527 4624 3582 4676 τὸ
3614 4626 3896 4691 σωτήριον
3927 4626 4021 4676 τοῦ

2429 4715 2666 4783 Χριστοῦ
2704 4714 2979 4784 ὲγέρσεως
3006 4715 3116 4767 τῶν
3164 4715 3374 4783 νεκρῶν
3427 4716 3505 4784 τῷ
3555 4715 3823 4783 θειοτάτῳ
3885 4733 4027 4781 προ-

2429 4806 2574 4876 φήτῃ
2615 4803 2833 4872 εἴρηται
2862 4820 2877 4833 ο
2919 4823 2937 4853 ι
2969 4804 3220 4856 Μοτὼσει
3253 4806 3350 4856 καὶ
3403 4804 3617 4870 ὑγιάσει
3667 4807 3823 4873 ἡμᾶς
3878 4812 4021 4872 μετὰ

2427 4897 2520 4948 δύο
2551 4898 2764 4962 ἡμέρας
2797 4911 2810 4924 ·
2847 4896 2905 4945 ἐν
2949 4896 3005 4946 δὲ
3054 4897 3120 4962 τῇ
3171 4894 3355 4964 ἡμέρᾳ.
3398 4897 3465 4963 τῇ
3507 4895 3661 4963 τρίτῃ
3713 4894 4021 4963 ἐξαναστῇ.

2432 4989 2661 5057 οόμεθα,
2693 4990 2783 5039 καὶ
2816 4987 3096 5057 ζησόμεθα
3128 4987 3365 5040 ἐνώπιον
3402 4987 3590 5041 αὑτοῦ.
3627 5003 3647 5039 ι

2513 5168 2655 5219 ‘AD.’
2684 5169 2761 5221 ἔτι
2801 5172 2894 5220 καὶ
2924 5168 3080 5221 τοῦτο
3122 5174 3431 5237 προτείνεις
3463 5187 3557 5237 μοι
3587 5170 3763 5235 ὶέγων
3788 5185 3803 5199 ·
3838 5172 3931 5223 ὅτι
3959 5172 4022 5223 Τί

2430 5264 2651 5325 καινόνς
2689 5260 2747 5313 Εἰ
2775 5265 2802 5313 ὀ
2828 5262 3059 5331 Χριστὸς
3088 5264 3291 5324 ἐκεῖνος
3315 5265 3514 5331 σημεῖα
3543 5262 3872 5330 πεποιηκὼς
3895 5265 4023 5316 λαὸν

2431 5357 2529 5406 οὐκ
2557 5356 2736 5421 ὀλίγον
2771 5354 3119 5422 ὲπ>.άνησεν;
3172 5354 3300 5406 Ἰδοὺ
3354 5355 3462 5421 γὰρ
3503 5356 3719 5406 καὶτὸν
3765 5355 4019 5423 Limigle

2435 5450 2638 5515 σημεῖα
2672 5445 2845 5498 πολλά
2883 5447 3252 5515 πεποιηκέναι
3296 5447 3668 5515 μανθάνομεν,
3717 5447 4020 5498 κάντεῦθεν

2432 5542 2531 5591 οὐκ
2566 5540 2750 5607 ὀλίγον
2800 5539 3212 5608 πεπὶανηκέναι
3239 5539 3386 5592 λαόν.
3439 5539 3499 5591 Εἰ
3530 5536 3624 5591 οὖν
3662 5539 3799 5601 Θεὸς
3825 5541 3857 5591 ὁ
3892 5540 4022 5609 X9:-

2436 5634 2561 5693 στὸς
2612 5635 2729 5681 ἐστι
2777 5630 2867 5682 διὰ
2919 5630 2987 5682 τὰ
3041 5631 3171 5699 παρ’
3218 5628 3383 5681 αὑτοῦ
3420 5629 3743 5680 τελεσθέντα
3791 5632 4019 5696 σημεῖα,

2435 5721 2567 5779 Θεὸς
2622 5721 2728 5790 ἄρα
2774 5720 2851 5788 τῷ
2898 5722 3085 5789 τρόπῳ
3132 5719 3306 5787 τούτῳ
3351 5721 3446 5771 καὶ
3493 5719 3522 5767 6
3576 5717 3850 5786 Μωίιμιθ.
3916 5718 4019 5768 Καὶ

2437 5816 2469 5865 ἄ
2511 5831 2625 5875 ονε,
2680 5815 2744 5864 τὰ
2791 5813 2881 5865 τοῦ
2931 5813 3178 5882 Μωάμεθ
3223 5815 3255 5878 ἡ
3313 5811 3489 5878 ’πλάνη
3537 5810 3845 5879 καθέστηκε
3883 5825 4015 5878 προσ
