4186 6430
330 378 431 440 885
1672 386 1874 442 Ef‘h‘fl‘

1974 391 2026 442 ..λ
2077 389 2225 444 Χὶῗ.
3455 401 3556 455 135.,

329 487 574 554 ἀπῆλθον
601 488 1031 555 ἀποδιδράσκων,
1065 494 1287 544 κὶκεῖσε
1336 494 1627 562 ἡγιγὸςιτςν
1660 495 1874 559 ἀλλάᾳυι

1999 513 2144 560 natu,
2183 498 2252 548 ita
2295 508 2348 550 et
2384 500 2470 551 ille
2504 517 2529 550 ιι
2563 501 2961 553 ο‹›ιι1ι·ἱι›ιιίξί)ιις
2996 502 3248 559 rein-tus,
3283 521 3346 554 ad
3395 523 3552 555 μημι-

327 578 442 642 λον,
469 579 612 631 οὕτω
660 582 912 643 κακεῖνος
977 584 1084 634 τῶν
1135 586 1425 651 ὁμοφύλων
1483 587 1887 653 ἀποπεμφθεὶῖ,

327 668 463 734 πρὸς
500 667 915 735 ἀλλογενήματα
944 671 1192 741 βήσεται,
1222 677 1320 742 τὴν
1373 675 1431 737 ἐξ
1462 675 1629 727 ὲθνῶν
1685 674 1888 743 δηλαδὴ

328 757 644 826 ἐκκλησίαν.
677 776 695 808 t
717 759 812 822 Ὧς
837 763 994 825 ἐμέ.»
1034 762 1243 832 Ὠσπερ
1296 766 1406 830 ἐγὼ
1441 766 1593 834 παρὰ
1619 769 1710 819 τοῦ
1753 767 1888 818 θεοῦ

326 849 636 919 ἀπεστάλην
668 853 758 902 ἐπὶ
792 852 883 904 τὸν
929 854 1056 906 λαὸν
1123 857 1219 908 ἀπ’
1253 857 1532 924 Αἰγύπτου
1590 858 1888 924 ἐξελέσθαι,

327 935 470 990 οὕτω
501 943 748 1003 κάκεῖίος
779 943 929 1011 παρὰ
962 945 1057 997 τοῦ
1112 946 1315 998 οἰκείου
1376 948 1608 1016 Πατρὸς,
1678 948 1765 998 ἵνα
1797 949 1888 1000 τὸν

329 1033 534 1098 κόσμον
559 1032 712 1102 ἐξέλῃ
743 1035 841 1102 τῆς
878 1037 1218 1106 κατεχούσης
1258 1039 1422 1090 αὑτὸν
1482 1039 1717 1106 ζοφερᾶς
1747 1039 1886 1090 πλά-

326 1138 421 1189 νης
456 1125 549 1174 καὶ
579 1124 869 1191 ἁμαρτίας.
932 1143 950 1177 ε
997 1128 1084 1189 Ὠς
1138 1129 1258 1196 ἐμέ.
1299 1147 1318 1180 ι
1353 1130 1566 1199 Ὥσπερ
1627 1131 1739 1196 ἐγὼ
1797 1129 1886 1182 διὰ

325 1213 423 1277 τῆς
451 1213 562 1265 τῶν
584 1215 785 1284 χειρῶν
814 1205 1087 1279 ἐκτάσεως
1135 1220 1535 1289 ὲτροπωσάμην
1589 1221 1679 1271 τὸν
1723 1221 1888 1289 Ἀμα-

323 1301 447 1371 λὴκ,
479 1301 619 1356 οὕτω
649 1305 900 1368 κάκεῖνος
930 1309 1028 1369 τὰς
1059 1311 1248 1378 χεῖρας
1289 1309 1532 1372 ἐκτείνας
1596 1309 1687 1361 ἐπὶ
1724 1327 1888 1362 σταυ-

327 1391 418 1459 ροῦ
449 1393 536 1443 τὸν
566 1393 754 1462 νοητὸν
774 1392 1045 1463 τροπώσει
1079 1397 1170 1450 τὸν
1211 1395 1484 1464 ’Δμαλήκε
1525 1413 1544 1446 ι
1567 1395 1580 1413 ⁹
1601 1397 1670 1455 Ως
1701 1395 1825 1463 ἐμέ.
1860 1413 1880 1445 ι

324 1484 538 1554 Ὠσπερ
559 1486 665 1552 γὰρ
685 1485 816 1552 ἐγὼ,
837 1487 923 1539 ἴνα
949 1487 1022 1556 μὴ
1043 1487 1185 1555 λέγω
1214 1488 1280 1540 τὰ
1306 1486 1426 1540 καθ’
1455 1485 1707 1551 ἕκαστον,
1730 1503 1888 1556 νομο-

321 1573 484 1645 θέτης
513 1577 642 1630 λαοῦ
667 1580 758 1630 καὶ
775 1578 959 1647 ἄρχων
976 1581 1324 1648 κεχειροτόνη
1334 1597 1454 1647 μαι,
1473 1577 1532 1631 οὖ
1542 1595 1615 1630 τω
1634 1575 1885 1640 κάκεῖνος

321 1667 619 1734 νομοθέτης
648 1670 763 1729 νέος
793 1668 1114 1737 ὀφθήσεται,
1149 1685 1168 1720 ι
1207 1669 1316 1722 Καὶ
1349 1669 1524 1730 ἔσται,
1558 1669 1705 1720 πᾶσα
1737 1666 1884 1736 ψυχὴ

320 1756 435 1824 ἥτις
472 1757 572 1808 οὐκ
601 1758 980 1812 είσακούσεται
1005 1757 1192 1823 αὐτοῦ,
1221 1756 1751 1826 ὲξολοθρευθήσεται.
1788 1775 1808 1808 ι

1993 597 2208 653 ευηιιπιιι
2253 588 2570 652 ιίιτμιροιιιξι,
2622 591 2688 641 ad
2725 599 2924 642 mltum
2969 594 3177 645 st‘iiit‘ct
3209 610 3270 644 ex
3302 599 3553 661 genuinis

1991 677 2270 730 coalitum.
2313 697 2330 727 ι
2368 678 2434 729 lit
2484 696 2592 733 tne.
2625 699 2641 730 ι
2699 683 3164 746 Quemadmodum
3220 699 3318 750 ego
3359 701 3385 732 τι
3448 687 3551 735 Ιιιηι

1991 767 2187 817 missus
2240 782 2358 819 sum
2399 778 2456 820 ut
2509 770 2770 838 populum
2804 771 2870 822 ab
2912 769 3146 838 z’Egyplo
3202 775 3286 822 vin
3317 773 3553 833 Iit-arcta,

1991 856 2068 908 sic
2101 866 2155 908 et
2199 858 2290 910 ille
2326 860 2393 910 al)
2428 860 2672 926 ejusdem
2721 871 2926 915 naturae
2977 861 3132 914 Patre
3187 864 3453 918 mittetur.
3499 873 3552 915 ut

1990 948 2250 1000 mundum
2299 959 2456 1002 eruat
2499 966 2527 1002 a
2563 951 2860 1017 coligiuoso
2896 968 3004 1020 quo
3035 953 3311 1006 detinetur
3367 968 3552 1005 errore

1990 1043 2043 1085 et
2066 1045 2311 1102 peccato.
2355 1054 2372 1086 ι
2411 1037 2478 1089 Ut
2527 1053 2634 1091 me.
2677 1056 2694 1087 ι
2746 1039 3214 1102 Quemadmodum
3261 1041 3406 1093 enim
3453 1055 3553 1104 ego

1988 1123 2289 1176 elevatione
2323 1141 2575 1178 manuum
2620 1127 2756 1196 fugat
2805 1128 2926 1181 dedi
2973 1130 3211 1192 Amalec,
3247 1131 3324 1183 sic
3354 1139 3408 1182 et
3466 1131 3552 1182 ille

1989 1227 2181 1265 manus
2226 1215 2526 1268 extendens
2591 1216 2646 1268 in
2707 1233 2870 1271 cruce
2935 1219 3274 1287 spiritualem
3330 1219 3549 1272 Amalec

1989 1302 2289 1358 subvertet.
2361 1323 2377 1353 ι
2413 1302 2483 1356 Ut
2526 1319 2630 1358 me.
2665 1324 2683 1355 ›
2720 1305 3183 1371 Quemadmodum
3229 1309 3373 1361 enim
3411 1324 3549 1376 ego,

1988 1406 2055 1444 ne
2095 1393 2296 1459 qumvis
2347 1394 2622 1462 sigillatim
2663 1413 3008 1465 percurram,
3058 1398 3334 1466 legislator
3370 1399 3551 1467 populi

1987 1491 2041 1534 et
2071 1482 2176 1535 dux
2221 1483 2536 1552 designatus
2571 1485 2683 1549 fui,
2721 1488 2795 1540 ita
2842 1494 2897 1539 et
2941 1487 3030 1540 ille
3070 1503 3244 1542 novus
3279 1489 3552 1557 legislator

1987 1574 2289 1640 apparebit,
2336 1593 2352 1624 ι
2383 1575 2447 1628 Ει
2481 1576 2657 1628 omnis
2687 1577 2868 1629 anima
2918 1593 3037 1645 quas
3069 1577 3242 1647 ipsum
3297 1593 3402 1633 non
3453 1594 3552 1631 au-

1988 1661 2168 1727 dierit,
2215 1662 2580 1732 disperdetur.
2616 1683 2634 1714 ι

391 1844 501 1899 Καὶ
529 1847 699 1900 ταῦτα
739 1846 837 1916 μὲν
867 1846 1058 1900 τοῦτον
1082 1819 1195 1918 ἔχει
1229 1819 1322 1900 τδν
1349 1819 1572 1913 τρόπονξ
1609 1847 1682 1900 Σὺ
1715 1845 1758 1897 δ’
1797 1845 1874 1898 ἔτι

2053 1831 2116 1884 Et
2156 1833 2269 1886 haec
2316 1833 2532 1902 quidem
2587 1835 2658 1887 ita
2711 1850 2769 1889 se
2817 1834 3040 1891 habent.
3077 1835 3156 1890 Tu
3211 1851 3341 1892 vero
3375 1838 3552 1894 adhuc

315 1938 658 1998 ἀντιπίπτεις
675 1939 768 1990 ἐπὶ
797 1940 862 2008 τῇ
897 1938 1141 2006 ἀληθείᾳ,
1180 1940 1297 1998 ταῖς
1325 1939 1727 2006 παραγραφαῖς
1779 1953 1876 1989 σου

316 2029 558 2100 θαρρεῖς,
588 2032 679 2083 ἐπὶ
709 2033 800 2083 τὸν
825 2031 918 2084 τοῦ
943 2030 1101 2099 Ναυῆ
1146 2031 1354 2100 Ἰησοῦν
1385 2032 1591 2099 ταύτην
1625 2030 1876 2101 ἐπανάγῃ

314 2122 415 2191 τὴν
466 2122 822 2190 προφητείαν.
890 2123 1127 2192 Δέχομαι
1157 2125 1258 2190 τὴν
1317 2122 1694 2192 παραγραφὴν
1755 2137 1873 2174 σου.

318 2213 426 2265 Ποῦ
460 2213 515 2264 δὲ
540 2210 780 2280 θήσομεν
804 2211 864 2265 τὸ
887 2210 981 2264 τοῦ
1021 2212 1266 2277 Ἡσαΐου,
1317 2210 1595 2280 τρισάθλιε
1665 2209 1730 2262 σὺ
1782 2209 1878 2261 καὶ

311 2305 668 2373 ταλαίπωρε;
702 2301 827 2375 'Ap'
861 2305 1102 2373 ἰσχύσεις
1147 2307 1240 2358 καὶ
1297 2305 1395 2373 τὴν
1436 2301 1601 2356 αὐτοῦ
1657 2317 1875 2370 προφηο

311 2396 460 2447 τείαν
491 2395 928 2464 ὲκκρούσασθαι;
965 2395 1186 2456 Πάντως
1217 2394 1358 2467 οὐχί.
1419 2393 1582 2461 Λέγει
1641 2395 1752 2461 γὰρ
1810 2391 1876 2443 δι’

311 2487 479 2539 αὑτοῦ
513 2487 646 2556 πρὸς
677 2489 766 2540 τὸν
810 2486 1027 2555 Ἰσραὴλ
1050 2489 1074 2538 ὁ
1106 2485 1261 2545 Θεός·
1305 2504 1323 2536 ι
1369 2485 1550 2554 ’Υμᾶς
1574 2483 1673 2552 μὲν
1703 2483 1876 2535 ἀνελῶ

309 2577 378 2645 τῇ
415 2574 656 2645 μαχαίρᾳ
695 2592 816 2643 μου,
847 2577 956 2636 τοῖς
985 2575 1041 2627 δὲ
1071 2574 1381 2626 δουλεύουσί
1441 2591 1534 2643 μοι
1578 2573 1878 2641 ἐπικληθῆ-

313 2683 467 2718 σεται
501 2666 672 2734 ὄνομα
699 2666 758 2717 τὸ
788 2665 994 2721 καινόν.
1029 2683 1047 2716 ι
1076 2665 1140 2718 Τί
1163 2665 1378 2732 λέγεις;
1440 2664 1675 2718 Ἀνεῖλεν
1706 2665 1871 2733 ὑμᾶς,

309 2759 346 2825 ἢ
379 2758 536 2826 οὐχίς
587 2756 944 2810 Δουλεύουσιν
970 2757 1148 2827 ἕτεροι
1202 2756 1282 2826 τῷ
1332 2756 1474 2826 Θεῷ,
1526 2757 1559 2825 ἢ
1593 2755 1697 2821 οὓς
1754 2755 1874 2809 Κᾶν

312 2852 380 2907 σὺ
423 2850 497 2919 μὴ
519 2850 826 2919 ὁμολογεῖς,
857 2849 972 2900 ἀλλ’
999 2849 1132 2903 αὐτὸ
1162 2848 1222 2901 τὸ
1253 2848 1438 2902 καινὸν
1465 2847 1636 2918 ὄνομα
1678 2848 1875 2917 τρανό-

304 2955 466 3010 τερον
494 2940 792 3008 σάλπιγγος
825 2939 946 3011 βοᾷ,
1001 2941 1094 2993 καὶ
1122 2939 1583 3010 διαμαρτύρεται.
1645 2940 1716 2991 Ἦ
1741 2937 1872 3006 γοῦν

307 3031 498 3083 καινὸν
521 3030 695 3093 δεῖξον
728 3030 915 3098 ἓτερον
946 3031 1137 3098 ὄνομα,
1175 3031 1208 3100 ἢ
1267 3031 1326 3083 τὸ
1358 3031 1465 3082 τῶν
1527 3027 1872 3098 Χριστιανῶν

305 3121 402 3174 καὶ
449 3121 597 3174 ἄκων
660 3122 979 3185 κατάδεξαι.
1034 3122 1140 3175 Τοῦ
1171 3123 1279 3190 γὰρ
1337 3120 1628 3189 ἐπωνύμου
1680 3120 1869 3174 τούτου

303 3215 622 3282 καινότερον
645 3213 745 3281 οὐχ
779 3213 928 3283 εὖροι
957 3230 1042 3277 τις
1095 3213 1182 3270 ἄν.
1239 3214 1300 3265 ΕΞ
1355 3213 1411 3266 δὲ
1470 3212 1640 3266 ταῦτα
1697 3211 1871 3273 οὕτως

302 3304 444 3374 εχει,
477 3305 563 3363 ἶνα
591 3305 643 3357 τί
674 3306 766 3357 καὶ
798 3305 966 3357 εἰσέτι
1000 3305 1358 3373 ματαιάζεις;
1393 3304 1516 3357 Ἰνα
1544 3303 1598 3356 τί
1625 3303 1720 3356 καὶ
1751 3320 1874 3355 και-

303 3399 600 3467 ρνσκοπείς
621 3398 712 3448 ἐπὶ
743 3398 943 3460 κενοῖς,
973 3397 1068 3448 καὶ
1100 3397 1265 3449 αὐτὸν
1314 3397 1516 3466 ἐκδέχῃ
1565 3395 1654 3449 τὸν
1682 3396 1874 3464 ἠλειμο

305 3489 491 3557 μένον,
525 3486 658 3555 μηδὲ
685 3486 866 3546 τοῦτο,
904 3485 1005 3538 κᾶν
1036 3486 1289 3552 ἐννοῆσαι
1333 3486 1594 3556 δυνηθῇς,
1648 3484 1728 3548 τίς
1759 3501 1815 3536 τε
1836 3485 1874 3535 ὁ

300 3575 637 3644 ὴλειμμένος
660 3575 917 3638 ὲστὶ,καὶ
951 3575 1116 3627 πόθεν
1161 3575 1310 3644 αὐτῷ
1369 3575 1598 3643 συσταίη
1652 3575 1720 3627 τὰ
1775 3576 1874 3644 τῆς

298 3665 597 3738 γενέσεως.
644 3665 803 3720 Ἀλλὰ
831 3666 986 3735 ψιλὸς
1015 3665 1344 3738 ἄνθρωποςς
1373 3668 1488 3722 Καὶ
1524 3667 1633 3737 μὴν
1659 3669 1707 3720 οἱ
1733 3683 1872 3736 προ-

300 3759 479 3830 φῆται
506 3758 584 3828 τῷ
609 3758 892 3828 ἐρχομένῳ
927 3760 1132 3829 σημεῖα
1165 3757 1419 3828 θεότητος
1459 3757 1871 3828 προστιθέασιν.

315 3851 486 3904 ’Δλλὰ
520 3850 915 3920 θεάνθρωπος;
950 3851 1057 3902 Καὶ
1084 3850 1136 3903 τί
1167 3851 1275 3921 χρὴ
1325 3851 1421 3904 καὶ
1459 3850 1680 3919 λέγειν;
1740 3850 1873 3904 Ἰδοὺ

300 3943 418 4012 γὰρ
443 3941 629 4012 ἕτερον
656 3941 908 4010 θεότητος
938 3942 1234 4008 πρόσωπον
1257 3941 1540 3995 λανθάνων
1568 3941 1872 4011 ὁμολογεῖςο

303 4034 387 4107 μὴ
420 4033 528 4102 γὰρ
569 4031 660 4085 τὸν
695 4031 911 4100 πατέρα
972 4030 1117 4099 εχεις
1159 4033 1362 4095 εἰπεῖν,
1395 4031 1489 4085 καὶ
1546 4030 1720 4083 ταῦτα
1776 4027 1873 4081 τοῦ

300 4127 588 4196 προφήτου
620 4124 891 4193 λέγοντοςο
929 4142 946 4174 ι
981 4124 1200 4177 Παιδίον
1251 4124 1522 4194 εγεννήθη
1566 4125 1722 4193 ἡμῖν,
1760 4122 1878 4185 υίὸς

299 4219 406 4274 καὶ
452 4217 609 4286 ἐδόθη
644 4219 795 4284 ἡμῖν.
830 4233 849 4267 ›
901 4215 1029 4284 Ὀψέ
1063 4233 1195 4268 ποτε
1250 4216 1342 4268 τὸν
1381 4216 1477 4270 τοῦ
1547 4215 1878 4287 γράμματος

302 4311 505 4381 βότρυν
537 4308 918 4378 ἐκθλίψαντες,
956 4307 1114 4360 πίετε
1142 4305 1290 4362 οῐνον
1320 4308 1616 4379 ἀνθρώπου
1646 4307 1878 4377 καρδίαν

300 4405 698 4474 εὐφραίνοντα.

1980 1923 2244 1978 obniteris
2273 1935 2461 1978 contra
2516 1925 2820 1992 veritatem,
2877 1927 2931 1980 in
2977 1929 3388 1982 commentariis
3441 1929 3550 1983 tuis

1955 2010 2232 2075 confidis,
2265 2021 2318 2065 et
2355 2014 2421 2066 ad
2473 2013 2658 2067 Jesum
2711 2015 2860 2068 Nave
2908 2015 3173 2070 transfers
3225 2015 3366 2070 hanc
3422 2031 3551 2084 pro-

1978 2097 2242 2165 phetiam.
2299 2098 2761 2152 Commentariqu
2814 2107 2963 2153 tuum
3021 2117 3132 2154 non
3189 2117 3386 2166 renuo;
3454 2101 3546 2156 sed

1977 2184 2250 2252 quomodo
2299 2183 2430 2236 illud
2483 2183 2634 2239 Isaia:
2685 2185 3105 2254 explicabimus,
3151 2203 3184 2241 ο
3241 2189 3548 2242 miserrime

1975 2281 2030 2326 οι
2058 2274 2398 2325 :crunmose?
2440 2271 2723 2328 Poterisne
2752 2283 2805 2327 et
2850 2274 2992 2328 hanc
3039 2276 3158 2343 ejus
3202 2277 3547 2344 prOphctiam

1976 2361 2279 2429 repellere?
2311 2359 2470 2415 Nullo
2511 2363 2673 2416 modo
2720 2371 2889 2417 certe.
2939 2363 3030 2418 Ait
3062 2365 3207 2418 enim
3258 2364 3399 2419 Deus
3450 2379 3548 2434 per

1977 2454 2152 2522 ipsum
2211 2456 2274 2506 ad
2322 2447 2532 2507 Israel':
2569 2474 2587 2506 ι
2620 2455 2878 2510 Auferam
2932 2456 3151 2525 quidem
3206 2472 3302 2511 vos
3351 2457 3546 2510 robore

1975 2540 2133 2609 gladii
2170 2541 2298 2602 mei,
2340 2551 2394 2593 et
2432 2541 2524 2610 qui
2579 2541 2875 2595 famulatur
2909 2542 3084 2615 mihi,
3139 2543 3360 2597 nomine
3405 2557 3546 2596 novo

1975 2628 2410 2698 compellabitur.
2447 2648 2464 2679 ι
2508 2627 2623 2693 Dic,
2647 2630 2830 2694 sodes,
2868 2631 3089 2684 sustulit
3119 2645 3233 2693 vos,
3276 2645 3343 2683 an
3397 2628 3548 2683 non?

1975 2719 2330 2774 Famulantur
2359 2720 2470 2774 Dco
2525 2720 2638 2787 alii,
2687 2723 2916 2776 necne?
2959 2720 3074 2776 lloc
3123 2723 3168 2775 si
3219 2730 3278 2775 tu
3325 2723 3547 2775 minime

1974 2807 2304 2869 confitearis,
2347 2809 2526 2877 ipsum
2581 2816 2762 2862 tamen
2815 2824 3012 2862 novum
3063 2824 3268 2863 nomen
3324 2817 3379 2862 et
3433 2809 3548 2863 cla-

1975 2897 2086 2952 rius
2116 2899 2245 2951 tuba
2296 2898 2514 2951 insonat
2565 2907 2621 2950 et
2666 2906 3026 2952 contestatur.
3074 2897 3173 2952 Vel
3208 2897 3372 2968 igitur
3400 2897 3546 2951 aliud

1973 3000 2175 3040 novmn
2203 2985 2409 3039 indices
2431 2999 2651 3049 nomen,
2677 2985 2761 3038 vel
2783 2985 2913 3039 illud
2932 2986 3363 3039 Christianorum
3383 2985 3546 3038 etiam

1975 3076 2182 3130 invitus
2228 3090 2624 3144 recognoscas;
2682 3076 2827 3129 baud
2875 3077 2979 3129 erit
3013 3078 3155 3130 enim
3197 3077 3290 3144 qui
3340 3091 3547 3146 coguoo

1897 3155 1941 3214 C
1976 3175 2101 3214 men
2140 3160 2413 3215 invenerit
2448 3160 2561 3214 hoe
2582 3153 2879 3214 recentius.
2933 3161 3086 3226 Quod
3129 3159 3177 3214 si
3233 3162 3344 3214 haec
3375 3161 3449 3213 ita
3490 3174 3549 3213 se

1975 3251 2198 3315 habent,
2231 3250 2426 3318 ecquid
2475 3250 2654 3304 adhuc
2688 3249 2932 3319 desipis?
2980 3249 3120 3315 Quid
3169 3249 3370 3303 frustra
3413 3259 3550 3302 tem-

1979 3354 2113 3409 pora
2145 3340 2429 3409 expcndis,
2467 3348 2522 3393 et
2574 3339 2754 3409 ipsum
2803 3348 3089 3408 exspectas
3143 3348 3390 3402 unctum,
3425 3352 3551 3392 cum

1974 3444 2152 3499 neque
2179 3431 2296 3500 ipse
2325 3430 2502 3498 possis
2535 3431 2876 3501 dignoscere.
2931 3440 2986 3485 et
3040 3431 3162 3500 quis
3197 3430 3268 3484 sit
3298 3431 3416 3498 ipse
3452 3445 3555 3482 un-

1974 3529 2118 3583 ctus,
2147 3529 2202 3573 et
2232 3519 2375 3573 unde
2411 3518 2511 3588 ipsi
2562 3520 2633 3577 sit
2665 3519 3037 3590 generationis
3071 3519 3264 3589 origo?
3295 3518 3456 3572 Forte
3509 3518 3554 3571 is

1974 3611 2157 3665 nudus
2187 3611 2387 3664 homo?
2419 3610 2674 3665 Attamen
2707 3618 2936 3663 venturo
2968 3609 3250 3678 prOphetae
3294 3607 3555 3661 divinitao

1977 3700 2044 3754 tis
2101 3700 2298 3754 indicia
2352 3700 2679 3754 tribuerunt.
2740 3697 2902 3752 Forte
2966 3696 3109 3751 Deus
3156 3696 3358 3750 homo?
3411 3695 3541 3765 quid

1978 3791 2173 3861 plura?
2204 3791 2345 3845 Ecce
2393 3792 2540 3843 enim
2566 3789 2727 3842 aliam
2781 3787 3082 3842 divinitatis
3114 3802 3405 3857 personam
3452 3788 3553 3840 im-

1975 3883 2218 3954 prudens
2283 3881 2596 3948 conﬁteris;
2654 3896 2762 3935 non
2818 3882 2966 3934 enim
3023 3889 3181 3951 potes
3231 3879 3413 3936 dicere
3461 3893 3556 3947 pa-

1978 3984 2137 4039 trem,
2170 3988 2290 4027 cum
2325 3972 2590 4041 prOpheta
2612 3969 2755 4024 dicat
2782 3987 2796 4022 :
2821 3987 2840 4020 ι
2871 3970 3012 4022 Puer
3041 3976 3204 4023 natus
3249 3976 3332 4022 est
3368 3968 3550 4032 nobis,

1979 4066 2123 4118 illius
2161 4063 2321 4118 datus
2354 4071 2437 4117 est
2468 4061 2649 4116 nobis.
2682 4078 2702 4112 ι
2752 4059 2994 4114 Tandem
3025 4058 3316 4128 aliquando
3363 4058 3558 4112 littera:

1979 4167 2254 4207 racemum
2305 4150 2697 4220 exprimentes,
2744 4148 2915 4203 bibite
2966 4148 3154 4203 vinum
3191 4162 3284 4202 cor
3315 4147 3557 4204 hominis

1981 4243 2408 4300 exltilarantem.

391 4472 549 4551 Ἆλλὰ
579 4499 688 4566 γάρ
721 4514 838 4560 πως
869 4497 948 4550 ἔτι
979 4495 1122 4551 κατὰ
1151 4497 1250 4567 τῆς
1306 4495 1565 4564 ἀληθείας
1631 4496 1874 4564 φρονεῖς,

2059 4503 2262 4561 Verum
2325 4500 2605 4556 enimvero
2652 4498 3034 4568 quoquomodo
3090 4506 3146 4552 et
3209 4494 3388 4550 adhuc
3423 4509 3559 4549 con-

297 4593 401 4646 καὶ
442 4591 541 4659 τὴν
587 4590 680 4643 τοῦ
722 4589 960 4660 Χριστοῦ
1001 4589 1309 4658 παρουσίαν
1356 4585 1510 4639 οὔπω
1562 4585 1878 4654 λέγειςιγεο

296 4682 510 4745 νέσθαι,
534 4681 633 4743 τὰς
666 4680 921 4749 ἀφορμὰς
950 4679 1110 4748 δῆθεν
1137 4681 1202 4733 ὲκ
1231 4677 1327 4732 τοῦ
1355 4677 1583 4730 Ἡσαΐου
1607 4676 1881 4744 λέγοντος·

304 4794 328 4828 ε
374 4775 482 4826 Καὶ
530 4772 860 4842 συγκόψουσι
918 4765 1040 4824 τότε
1086 4772 1183 4834 τὰς
1240 4771 1514 4840 μαχαίρας
1578 4768 1760 4822 αὐτῶν
1803 4768 1884 4829 είς

1990 4606 2072 4652 tra
2117 4595 2400 4649 veritatem
2455 4589 2649 4651 sentis,
2693 4599 2748 4643 et
2797 4589 3071 4643 Christum
3110 4587 3351 4641 nondum
3391 4586 3560 4639 adve-
3597 4596 3604 4602 '

1989 4689 2138 4745 niese
2169 4686 2329 4747 dicis,
2378 4681 2686 4752 perfugium
2721 4680 2934 4735 scilicet
2990 4679 3284 4748 exquirens
3324 4692 3392 4732 ex
3422 4675 3560 4730 lsaia

1988 4777 2209 4830 dicente
2237 4791 2250 4828 :
2289 4793 2307 4826 ι
2337 4774 2400 4827 Et
2448 4781 2584 4827 tunc
2615 4770 2933 4826 conﬂabunt
2957 4769 3166 4840 gladios
3217 4783 3345 4822 suos
3376 4768 3430 4823 in
3467 4780 3563 4820 vo-

295 4867 533 4934 ἄροτρα,
569 4866 662 4916 καὶ
699 4865 795 4926 τὰς
847 4862 1070 4926 ζιόύνας
1122 4861 1306 4915 αὐτῶν
1357 4863 1438 4924 εἰς
1468 4860 1712 4930 δρέπανα
1738 4873 1753 4889 °
1789 4859 1874 4910 xui

1987 4880 2186 4927 meres,
2216 4873 2271 4918 et
2308 4862 2575 4917 venabula
2621 4874 2717 4914 sua
2751 4861 2805 4912 in
2860 4859 3044 4924 falces,
3077 4874 3178 4912 nec
3208 4873 3338 4928 gens
3367 4856 3564 4911 levabit

295 4958 370 5012 οὐ
395 4947 624 5026 λήψεται
668 4955 822 5017 ἐθνος
879 4953 1147 5015 ἐπ’ἐθνος
1203 4953 1505 5024 μάχαιραν,
1550 4953 1647 5004 καὶ
1681 4951 1743 5006 οὐ
1801 4951 1874 5020 μὴ

1984 4957 2219 5028 gladium
2257 4956 2312 5008 in
2347 4962 2588 5025 gentem,
2643 4965 2820 5020 neque
2873 4949 3272 5004 exercebuntur
3300 4947 3441 5000 ultra
3493 4946 3560 5000 ad

299 5049 549 5123 μάθωσιν
579 5048 661 5101 ἔτι
684 5048 964 5116 πολεμεῖν.
1012 5067 1032 5100 ε
1082 5046 1204 5098 Ἷνα
1236 5045 1287 5097 τί
1319 5047 1447 5107 τοὺς
1494 5044 1691 5104 ἄλλους
1743 5058 1879 5110 προ-

296 5142 482 5212 φήτας
512 5141 670 5208 ἀφεὶς
697 5143 822 5202 τοὺς
851 5136 1265 5207 λαμπροτέρους
1292 5137 1556 5206 κήρυκας,
1601 5137 1697 5186 τοῦ
1729 5132 1868 5202 Χρι-

296 5233 576 5301 στοῦ,καὶ
606 5234 703 5303 τῆς
734 5232 1037 5302 παρουσίας
1095 5229 1284 5294 αὑτοῦ,
1343 5229 1404 5282 τὸ
1463 5227 1557 5280 τοῦ
1641 5227 1868 5280 Ἡσαΐου

293 5323 464 5378 τοῦτο
486 5324 650 5394 ῥητὸν
701 5323 854 5387 ὅλαις
895 5323 1152 5393 κατέχεις
1180 5339 1184 5343 ·
1210 5325 1388 5391 χερσὶ,
1444 5320 1541 5373 καὶ
1589 5317 1866 5388 πανταχοῦ

295 5413 611 5485 περιάγεις,
673 5413 770 5468 καὶ
819 5414 999 5485 ψυχὰς
1058 5411 1457 5482 ἀπειροκάλους
1512 5411 1866 5481 διαστρέφειν

376 5567 719 5644 (9.5)_Merito
746 5586 882 5644 sane
898 5569 1099 5644 Clycas
1125 5577 1310 5627 noster
1342 5571 1557 5644 Judzos
1577 5569 1664 5624 hic
1688 5567 1866 5638 arguit

296 5641 452 5715 quod
496 5641 806 5715 Scripturas
854 5642 1224 5715 distorqueant
1276 5656 1392 5715 pro
1423 5642 1614 5715 libitu;
1671 5648 1862 5715 contra

296 5708 521 5772 omnem
574 5708 860 5768 veritatem
903 5708 1106 5766 etenim
1145 5708 1542 5782 apertissimam
1600 5711 1738 5782 hanc
1798 5708 1865 5762 de

301 5783 526 5842 Christo
558 5781 900 5854 prophetiam
938 5782 1229 5853 explicant,
1266 5789 1320 5838 et
1343 5782 1579 5837 reditum
1619 5781 1860 5849 ipsorum

1983 5045 2249 5114 pratliutn.
2280 5061 2298 5093 ι
2371 5041 2478 5095 Sed
2539 5037 2666 5108 quid
2713 5038 2850 5092 alios
2885 5036 3214 5106 prephetas.
3277 5036 3369 5104 qui
3407 5034 3564 5087 lucu-

1981 5136 2182 5189 lentius
2207 5131 2598 5187 annuntiarunt
2619 5130 2686 5184 de
2710 5127 2924 5183 Christo
2954 5128 3129 5198 deque
3157 5126 3276 5195 ejus
3305 5125 3562 5188 adventu,

1978 5225 2251 5295 rejieicns,
2269 5223 2372 5278 hoc
2399 5222 2553 5278 Isaiae
2580 5219 2794 5275 effatum
2819 5231 3044 5289 utraque
3082 5217 3429 5288 amplecteris
3450 5230 3568 5269 ma-

1975 5335 2071 5382 nu,
2112 5328 2167 5373 et
2200 5329 2524 5386 quocunque
2554 5311 2897 5372 circumfers,
2932 5320 2987 5365 et
3035 5309 3315 5380 imperitas
3353 5307 3562 5361 animas

1977 5415 2294 5479 pervertere
2332 5402 2616 5460 contendis
2663 5399 2816 5472 (25)?
2852 5399 3085 5455 Advenit
3129 5412 3258 5454 vere
3312 5397 3566 5452 Christus

1973 5583 2037 5621 ex
2088 5563 2363 5632 Babylone
2400 5562 2467 5616 ab
2525 5561 2664 5617 Isaia
2717 5559 2804 5632 bis
2843 5555 3026 5632 verbis
3079 5555 3296 5632 praedici
3347 5563 3558 5632 putant,

1972 5636 2106 5690 falso
2138 5624 2357 5696 tamen;
2393 5633 2625 5697 Πύλεμοι
2670 5630 2798 5698 γὰρ,
2830 5631 2906 5684 ait
2939 5624 3565 5698 Tlteodoretus,_t_nd}-

1969 5706 2122 5772 ληλοι
2147 5700 2285 5771 ἦσαν
2311 5694 2452 5756 κατὰ
2476 5694 2657 5753 πᾶσαν
2675 5694 2772 5767 τὴν
2789 5698 3241 5772 οἰκουμένηνηείς
3261 5694 3432 5772 πολλά
3454 5694 3555 5761 τῆς

1973 5764 2249 5845 βασιλείας
2287 5764 2851 5843 μεμερισμένηςίκαὶ
2878 5764 2986 5823 τῶν
3032 5764 3154 5821 κατ’
3189 5764 3340 5828 ἔθνος
3401 5765 3560 5832 βασι·
