4186 6430
733 349 834 408 903

1982 352 2398 411 MICHAEHS
2437 353 2695 412 GLYCJE

3884 363 3993 422 9οἰ

730 461 810 519 εἰς
867 459 966 527 τὴν
1022 459 1290 530 ἀνάληψιν
1341 461 1485 530 λόγῳ
1540 461 1708 516 αὐτοῦ
1767 462 1939 532 Ἑνὼχ
1992 464 2082 515 καὶ
2122 463 2311 516 ’ίίλίαν
2389 463 2795 533 μνημονεύσας,
2850 468 2944 518 καὶ
3003 463 3173 518 εῗπὼν
3216 465 3274 518 ἐν
3321 467 3432 530 τοῖς
3464 437 3618 531 ζῶσι.
3640 469 3855 530 διάγειν
3898 474 3999 523 α-ζμ-

725 554 872 612 τοὺς,
936 553 1123 622 ἐτέρου
1166 554 1307 614 τινὸς
1376 555 1640 622 οὐμενοῦν
1713 557 2109 623 ἐμνημόνευσε.
2163 556 2273 607 Καὶ
2333 556 2492 618 αὐτὸς
2536 556 2591 608 δὲ
2651 557 2678 608 6
2735 555 2910 624 μέγας
2963 556 3264 626 Γρηγόριος
3331 561 3358 610 6
3404 559 3670 627 Διάλογος
3731 562 3829 612 τὸν
3895 564 4000 630 μὲν

738 643 994 699 Ἰάκωϐον
1042 643 1190 712 λέγει
1249 647 1646 715 ἀναιρεθῆναι,
1693 648 1784 700 τὸν
1837 648 1892 700 δὲ
1946 649 2201 716 Ἰωάννην
2243 651 2302 701 ἐν
2363 650 2557 718 είρήνῃ
2613 648 3018 717 ἀναπαυθῆναι.
3047 649 3204 702 Οὕτω
3253 651 3354 721 μὲν
3379 651 3472 704 οὖν
3503 653 3597 706 καὶ
3630 654 3658 704 ὁ
3707 653 4000 718 θειότατος

724 737 975 808 Ἐφραῒμ
1046 742 1105 792 ὲν
1151 741 1228 809 τῷ
1263 744 1341 804 είς
1393 743 1491 812 τὴν
1527 743 1786 813 δευτέραν
1829 744 2134 812 παρουσίαν
2192 744 2335 813 λόγῳ
2368 744 2562 809 αὐτοῦ,
2588 743 2697 797 τῶν
2740 744 3248 814 ἀναγεγραμμένων
3295 747 3390 800 δύο
3419 748 3516 801 καὶ
3543 749 3724 815 μόνων
3750 750 4000 819 ἀνδρῶν,

725 831 818 884 τοῦ
878 832 1050 899 Ἑνὼχ
1115 833 1315 901 δηλαδὴ
1369 838 1462 886 καὶ
1517 834 1704 899 Ἠλία,
1744 837 2094 904 μεμνημένος
2145 835 2486 904 εὑρίσκεται.
2551 835 2736 888 Ταῦτα
2810 836 2910 904 μὲν
2955 833 3050 889 οὖν
3101 839 3231 907 περὶ
3275 839 3369 891 τοῦ
3430 841 3832 907 εὐαγγελιστοῦ
3912 850 4008 898 καὶ

729 924 876 977 οείου
920 925 1169 978 Ἰωάννου
1218 927 1332 987 τοῖς
1381 926 1765 996 διαληφθεῖσιν
1810 929 2018 982 ἀνωθεν
2063 928 2307 996 Πατράσι
2369 927 2718 997 διείληπταιο
2781 929 2892 980 εἴτε
2944 929 3012 982 δὲ’
3054 929 3129 1000 τῷ
3177 930 3349 1001 Ἑνὼχ
3399 935 3492 986 καὶ
3529 933 3690 1005 Ἠλίᾳ
3752 936 3871 998 ζῶν
3930 937 4009 986 ἑτι

729 1023 1182 1091 συναγελάζεται,
1238 1023 1348 1074 εἴτε
1398 1023 1620 1091 καὶμὴ,
1672 1027 1738 1092 τῇ
1789 1027 1854 1094 σῇ
1907 1024 2238 1095 μεγαλονοίᾳ
2287 1025 2380 1078 καὶ
2413 1024 2812 1093 διασκέψασθαι
2869 1024 2936 1076 τὰ
2993 1027 3122 1093 περὶ
3177 1027 3381 1080 τούτων
3431 1027 3683 1098 ἀφίημι,
3728 1032 3832 1084 καὶ
3892 1031 4006 1086 τοῖς

725 1115 1017 1183 ἀγνοοῦσιν
1053 1114 1127 1176 ὡς
1168 1114 1292 1177 ἔθος
1324 1115 1814 1169 ὑπο-τυπώσασθαι.

1242 1295 1578 1350 ΕΡιεΤοιΑ
1614 1295 1780 1350 XVII.

741 1410 1197 1462 l'rncrandissimo
1255 1410 1508 1460 monacho
1564 1409 1756 1461 domno
1809 1407 2076 1462 Nectario.
2123 1440 2189 1448 —
2230 1408 2307 1461 De

801 1481 971 1541 Jmla,
1036 1490 1210 1532 utrum
1247 1478 1431 1546 laqueo
1467 1494 1518 1530 se
1546 1479 1876 1545 suspenderit
1901 1480 2058 1545 juxta
2086 1495 2306 1547 evange-

800 1551 955 1602 licam
992 1550 1292 1607 historiam,
1326 1548 1431 1599 sive
1460 1558 1570 1613 post
1595 1552 1704 1600 lucc
1733 1558 2011 1614 superstes,
2045 1560 2100 1601 ut
2123 1549 2303 1600 dicunt

799 1619 991 1687 aliqui,
1020 1634 1155 1688 aqua
1205 1617 1446 1669 intercuti
1487 1617 1825 1680 labor-atterit,
1863 1630 1912 1672 et
1956 1619 2032 1672 ita
2067 1628 2305 1673 mortuus

798 1699 884 1740 stt.

797 1863 1029 1933 Pappias
1079 1862 1393 1925 historicus,
1424 1862 1516 1930 qui
1543 1859 1738 1916 Judam
1771 1877 2022 1928 magnum
2053 1860 2301 1929 impieta-

729 1958 798 2011 tis
825 1957 1038 2027 signum
1067 1970 1161 2024 per
1187 1953 1450 2008 mundum
1475 1954 1763 2008 incessisse
1793 1953 1949 2013 dixit.
1972 1968 2038 2006 ex
2068 1954 2300 2007 Actuum

726 2050 868 2104 libro
919 2047 1206 2102 materiam
1250 2045 1533 2108 hauriens,
1588 2044 1677 2098 his
1717 2045 1987 2112 principis
2028 2044 2303 2113 apostolo-

728 2156 845 2194 rum
871 2139 1013 2193 Petri
1039 2139 1218 2191 verbis
1241 2135 1590 2203 utlmendaeii
1633 2149 1755 2189 reus
1799 2134 1973 2203 palam
2024 2134 2306 2188 convinci-

729 2241 837 2284 tur.
861 2230 1107 2298 Namque
1150 2227 1371 2281 divinus
1401 2227 1490 2280 ille
1518 2227 1799 2293 apostolus
1851 2235 2001 2279 stans
2029 2226 2085 2278 in
2117 2225 2298 2299 medio

727 2323 956 2376 fratrum
992 2320 1047 2372 in
1087 2317 1394 2380 cenaculo,
1421 2319 1473 2370 in
1499 2332 1607 2385 quo
1636 2317 1785 2383 juxta
1813 2316 2038 2369 verbum
2085 2316 2302 2370 Domini

728 2413 985 2468 sedentes
1037 2410 1315 2479 discipuli,
1370 2409 1763 2478 exspectabant
1815 2409 1991 2462 donec
2045 2409 2304 2461 virtutem

727 2497 1368 2572 desuperinduerentur,
1400 2501 1518 2555 hac
1543 2502 1687 2555 inter
1714 2503 1817 2556 alia
1849 2503 1916 2556 de
1942 2498 2082 2555 Juda
2121 2501 2260 2555 dixit
2289 2517 2303 2557 :

731 2617 748 2648 ι
792 2597 959 2649 ludas
985 2595 1117 2648 emit
1142 2608 1331 2662 agrum
1364 2592 1432 2646 de
1464 2591 1714 2648 mercede
1742 2593 2070 2663 iniquitatis,
2098 2602 2153 2647 et
2183 2607 2309 2648 sus-

727 2704 927 2759 pensus
958 2686 1169 2755 crepuit
1200 2685 1438 2746 medius,
1472 2693 1527 2738 et
1551 2683 1743 2738 diffusa
1783 2692 1911 2738 sunt
1933 2684 2142 2739 viscera
2165 2685 2304 2753 ejus,

723 2791 777 2834 et
821 2781 1059 2832 innotuit
1089 2777 1349 2831 omnibus
1385 2776 1770 2830 habitantibus
1802 2773 2130 2841 Jerusalem,
2160 2776 2307 2845 quod

725 2872 1094 2941 appellaretur
1121 2884 1248 2936 ager
1302 2868 1391 2922 ille
1412 2868 1594 2938 lingua
1621 2883 1810 2922 eorum
1834 2866 2176 2933 Haceldama,
2202 2869 2307 2922 hoc

725 2971 832 3024 est,
863 2961 1004 3030 Ager
1040 2957 1342 3027 sanguinis.
1372 2975 1392 3009 ι
1421 2958 1700 3023 Animum,
1731 2973 1936 3024 quaeso,
1979 2957 2217 3012 attende.
2249 2956 2304 3011 Si

2957 1297 3305 1352 ΕΠΙΣΤΟΛΗ
3360 1296 3433 1350 IZ'
3448 1338 3461 1350 .

2412 1412 2502 1480 Τῷ
2531 1415 2856 1482 τιμιωτάτῳ
2891 1415 3138 1482 μοναχῷ
3176 1412 3338 1480 κυρῷ
3369 1415 3678 1480 ΝεκταρΙῳ
3712 1414 3856 1479 περὶ
3901 1414 4030 1465 τοῦ.

2494 1484 2712 1547 Ἰούδα,
2755 1485 2876 1552 εἴτε
2903 1482 2979 1550 τῇ
3004 1484 3233 1552 ἀγχόνῃ
3264 1483 3637 1549 sanxerit-tis,
3665 1486 3830 1536 κατὰ
3886 1484 4005 1548 τὴν

2479 1551 2884 1621 εὐαγγελικὴν
2937 1551 3231 1619 ἱστορίαν,
3272 1553 3393 1605 sire
3429 1555 3578 1619 μετὰ
3635 1553 3832 1606 ταῦτα
3870 1553 4003 1604 ἐπι-

2483 1621 2690 1687 ζήσας,
2726 1622 2805 1686 ὣς
2847 1623 2999 1689 φασί
3053 1638 3233 1683 τινες,
3268 1622 3459 1689 ὑδέρῳ
3494 1623 3825 1689 περιέπεσε
3852 1665 3868 1686 ,
3908 1623 4006 1673 καί

2483 1693 2669 1758 οὕτως
2696 1693 2762 1744 τὸ
2800 1693 2905 1745 τοῦ
2930 1692 3079 1755 ,Βίου
3122 1691 3296 1756 τέλος
3342 1691 3613 1754 ἐδέξατο.

2473 1862 2579 1915 Τὸν
2607 1863 2705 1933 μὲν
2751 1863 2844 1916 οὖν
2874 1864 3150 1932 ἱστορικὸν
3177 1864 3386 1916 ἐκεῖνον
3419 1865 3688 1918 Παππίαν
3725 1866 3881 1934 μέγα
3912 1865 4006 1916 τδν

2404 1955 2608 2008 Ἰούδαν
2639 1956 2890 2018 ἀσεϐείας
2922 1955 3231 2026 ὑπόδειγμα
3269 1956 3652 2024 περιπατῆσαι
3677 1956 3759 2025 τῷ
3794 1956 4001 2024 κόσμῳ

2406 2048 2649 2116 λέγοντσρ
2690 2047 2919 2118 ὕστερον
2945 2086 2960 2112 ,
2994 2047 3089 2100 ἅτε
3122 2049 3219 2110 τὰς
3261 2049 3518 2117 ἀφορμὰς
3558 2051 3623 2101 ὲκ
3666 2052 3771 2117 τῆς
3804 2048 4001 2116 βίϐλου

2408 2139 2647 2193 λαϐόντα
2676 2140 2784 2193 τῶν
2823 2141 3107 2210 Πράξεων,
3145 2141 3285 2194 αὐτά
3316 2141 3379 2210 δὴ
3411 2142 3478 2193 τὰ
3531 2141 3626 2193 τοῦ
3678 2142 4002 2210 κορυφαίου

2412 2231 2619 2300 Πέτρου
2648 2229 2834 2298 σαφῶς
2867 2230 3161 2300 ἀπελέγχει
3200 2230 3555 2299 ψευδόμενον.
3601 2230 3662 2282 '0
3699 2231 3812 2300 γὰρ
3853 2231 4004 2291 θεῖος

2418 2321 2569 2383 οὗτος
2596 2321 2897 2384 ἀπόστολος
2929 2321 3058 2385 στὰς
3103 2325 3160 2375 ὲν
3204 2322 3282 2391 τῷ
3317 2322 3550 2392 ὑπερῴῳ
3585 2323 3787 2390 ἐκείνῳ
3829 2322 4002 2389 μέσον

2418 2411 2512 2464 τοῦ
2543 2411 2722 2481 ὄχλου,
2757 2414 2814 2466 ιν
2854 2406 2898 2481 ᾧ
2931 2413 3074 2466 κατὰ
3107 2417 3205 2484 τὴν
3233 2414 3327 2466 τοῦ
3362 2413 3585 2481 Κυρίου
3615 2415 3807 2483 φωνὴν
3840 2414 4002 2465 καθί-

2410 2522 2601 2564 σαντες
2660 2505 2710 2555 oi
2763 2505 3005 2575 μαθηταὶ
3050 2505 3283 2575 δύναμιν
3333 2506 3426 2573 ἀφ’
3464 2504 3631 2572 ὕψους
3662 2505 4002 2557 ἐνδύσασθαι

2410 2597 2821 2667 προσεδέχοντο,
2874 2600 2970 2652 καὶ
3022 2599 3147 2651 τάδε
3188 2598 3323 2668 πρὸς
3368 2600 3480 2662 τοῖς
3516 2599 3701 2660 ἄλλοις
3735 2599 3877 2668 περὶ
3906 2599 4004 2649 τοῦ

2409 2689 2577 2741 Ἰούδα
2612 2690 2949 2756 ἐφθέγξατο⁸
2991 2691 3258 2755 Ἐκεῖνος
3279 2687 3396 2757 μὲν
3429 2686 3543 2744 οὖν
3573 2691 3798 2758 χωρίον
3823 2691 4004 2754 exta}-

2408 2798 2562 2837 σατο
2600 2782 2669 2834 ἐκ
2703 2781 2809 2834 τοῦ
2861 2784 3082 2850 μισθοῦ
3135 2781 3246 2849 τῆς
3281 2783 3543 2846 ἀδικίας,
3592 2783 3694 2834 καί
3749 2783 4003 2850 πρηνὴς

2408 2874 2732 2940 γενόμενος
2749 2871 2996 2924 ἐλόχισε
3017 2871 3230 2939 μέσος,
3256 2871 3353 2923 καὶ
3377 2872 3635 2939 ἐξεχύθη
3662 2870 3736 2922 τὰ
3758 2872 4002 2937 σπλόγκ

2410 2979 2527 3030 χνα
2582 2963 2814 3022 αὐτοῦ’.
2874 2966 2972 3014 καὶ
3022 2964 3301 3028 γνωστὸν
3356 2962 3597 3030 ἐγένετο
3655 2961 3810 3016 πᾶσι
3874 2962 4002 3022 τοῖς

725 3055 871 3105 enim
915 3053 1066 3121 juxta
1100 3051 1309 3104 dictum
1351 3050 1608 3119 Pappiam
1653 3050 1991 3119 aliquantum
2046 3051 2303 3118 temporis

2411 3055 2803 3110 κατοικοῦσιν
2868 3051 3309 3121 Ἰερουσαλὴμ,
3363 3052 3519 3105 ὥστε
3564 3051 3879 3119 κληθῆναι
3937 3054 4002 3102 τὸ

727 3152 850 3212 post
897 3143 1254 3212 suspendium
1323 3152 1600 3210 superstes
1656 3141 1850 3196 fuisset
1917 3139 2120 3206 Judas,
2163 3143 2303 3195 hunc

2413 3147 2633 3215 χωρίον
2687 3144 2884 3198 ἐκεῖνο
2919 3143 2993 3212 τῇ
3042 3145 3163 3211 ἰδίᾳ
3219 3143 3516 3206 διαλέκτῳ
3562 3141 3768 3196 αὐτῶν
3800 3144 4002 3197 ’Διελ-

724 3249 1036 3289 sermonem
1089 3249 1198 3288 non
1247 3235 1656 3303 pronuntiasset
1715 3235 1968 3302 princeps
2033 3232 2307 3301 apostolo-

691 3344 844 3382 vrum
894 3327 1109 3389 Petrus,
1136 3326 1238 3379 nisi
1297 3325 1388 3378 diu
1453 3334 1576 3394 post
1630 3324 2089 3378 resurrectionem
2149 3322 2309 3378 Chri-

724 3422 794 3473 sti
829 3437 855 3473 a
892 3419 1144 3473 mortuis.
1185 3418 1240 3471 Si
1291 3416 1438 3471 enim
1479 3415 1572 3470 ille
1605 3424 1722 3470 tum
1750 3417 1891 3469 inter
1928 3415 2078 3470 vivos
2115 3429 2308 3467 nume-

724 3522 964 3577 rarclur,
1008 3525 1116 3580 quo
1155 3518 1313 3576 pacto
1345 3509 1412 3562 de
1450 3508 1570 3577 ipso
1598 3518 1656 3562 ut
1703 3516 1919 3562 mortuo
1955 3507 2146 3560 beatus
2175 3521 2322 3575 apo--

725 3604 900 3658 Stolus
949 3600 1398 3656 sermocinatur?
1445 3600 1541 3653 Sin
1591 3608 1772 3654 autem
1826 3599 1894 3653 ab
1941 3599 2062 3668 ipso
2117 3611 2335 3668 agrum'

723 3696 1053 3765 acquisitum
1110 3709 1232 3749 esse
1275 3695 1327 3747 in
1371 3696 1601 3748 Actuum
1635 3693 1775 3747 libro
1809 3692 2028 3762 legitur,
2066 3706 2306 3760 eumque

728 3801 1053 3858 suspensum
1101 3784 1488 3840 miserabiliter
1525 3785 1794 3839 cecidisse
1826 3794 2066 3853 ruptum,
2098 3784 2210 3838 noli
2235 3783 2307 3838 ob

731 3882 835 3935 hoc
854 3879 1057 3942 mirari,
1083 3878 1295 3940 dicens,
1316 3877 1576 3946 Siagrum
1595 3879 1747 3941 emit,
1766 3877 1833 3931 de
1856 3877 2166 3931 necessario
2188 3885 2308 3945 post

727 3973 1084 4042 suspendium
1111 3967 1386 4024 vixit.Nisi
1410 3973 1555 4024 enim
1581 3979 1858 4039 superstes
1882 3968 2092 4034 fuisset,
2120 3983 2305 4039 agrum

724 4083 833 4120 non
870 4065 1112 4120 emisset.
1150 4064 1366 4128 Desine,
1397 4078 1598 4140 quaeso,
1634 4062 1760 4116 talia
1792 4064 1993 4118 sentire
2015 4079 2078 4117 ac
2099 4063 2302 4126 dicere,

723 4157 948 4210 Minime
978 4156 1122 4209 enim
1151 4169 1181 4207 a
1210 4155 1505 4223 semetipso
1543 4168 1734 4224 agrum
1769 4153 1880 4208 ullo
1912 4155 2072 4209 modo
2099 4155 2302 4209 emisse

724 4250 1026 4310 invenitur,
1057 4247 1152 4302 sed
1186 4246 1350 4301 veluti
1403 4246 1456 4299 in
1493 4247 1652 4299 tertia
1696 4246 1765 4300 de
1815 4246 2044 4300 Actibus
2081 4247 2303 4301 homilia

725 4341 964 4394 disertus
987 4339 1226 4392 Joannes
1241 4339 1447 4401 docuit,
1471 4337 1559 4390 alii
1582 4336 1799 4405 quidam
1821 4352 2011 4406 agrum
2030 4348 2303 4404 emerunt,

2410 3235 2599 3304 δαμὰ,
2649 3237 2926 3288 τουτέστι
2982 3237 3204 3303 χωρίον
3255 3236 3528 3303 αἵματος.
3588 3236 3840 3304 Πρόσεχε
3910 3234 4005 3290 οὖν

2411 3328 2675 3397 ἀκριϐῶς.
2709 3328 2770 3378 Εἰ
2807 3329 2936 3396 γὰρ,
2975 3333 3120 3380 κατὰ
3161 3329 3254 3380 τὸν
3291 3327 3657 3396 διαληφθέντα
3697 3329 4002 3392 Παππίαιθ,

2413 3418 2602 3488 καιρὸν
2641 3419 2826 3470 ἱκανὸν
2873 3419 2902 3470 6
2931 3417 3138 3480 Ἰούδας
3176 3417 3313 3487 μετὰ
3355 3418 3456 3485 τὴν
3508 3419 3755 3488 ἀγχόνην
3787 3419 4003 3488 ἐπέζηο

2413 3526 2526 3573 σεν,
2559 3509 2657 3560 οὐκ
2703 3507 2766 3560 ἂν
2815 3509 2912 3577 τὴν
2962 3507 3306 3577 δημηγορίαν
3357 3508 3563 3577 ταύτην
3601 3510 3725 3578 μετ’
3761 3511 3825 3563 οὐ
3864 3511 4000 3563 πολὺ

2410 3601 2510 3668 τῆς
2565 3603 2628 3652 ὲκ
2677 3600 2887 3668 νεκρῶν
2938 3599 3295 3663 ἀναστάσεως
3346 3600 3439 3652 τοῦ
3478 3601 3722 3670 Χριστοῦ
3760 3604 3791 3655 6
3826 3621 4002 3671 κορυ-

2411 3693 2568 3759 φαῖος
2620 3690 2825 3754 Πέτρος
2876 3689 3159 3756 ἐποίησεν.
3198 3688 3260 3741 El
3289 3689 3396 3756 γὰρ
3427 3690 3538 3748 τοῖς
3565 3688 3742 3750 ζῶσιν
3786 3691 4000 3749 ἐκεῖνος

2410 3782 2712 3851 τηνικαῦτα
2746 3780 3069 3848 ἐναρίθμιος
3094 3775 3160 3849 ἦν
3185 3818 3201 3842 ,
3237 3778 3356 3842 πῶς
3393 3779 3470 3841 ὡς
3522 3781 3653 3848 περὶ
3688 3780 4001 3842 τεθνεῶτος

2411 3872 2581 3926 αὐτοῦ
2638 3874 2666 3924 6
2714 3873 2859 3929 θεῖος
2907 3857 3242 3940 ἐδημηγόρει
3302 3871 3645 3936 ἀπόστολος;
3703 3872 3771 3924 Εἰ
3801 3872 3860 3925 δὲ
3907 3875 4002 3925 καὶ

2413 3965 2614 4035 χωρίον
2680 3965 2987 4035 κτήσασθαι
3036 3967 3127 4017 τὸν
3181 3963 3427 4018 τοιοῦτον
3481 3966 3514 4034 ἡ
3571 3966 3683 4017 τῶν
3722 3966 4000 4035 Πράξεων

2409 4057 2592 4126 βίϐλος
2631 4059 2905 4127 ἱστόρησε,
2941 4058 3121 4127 πρηνῆ
3162 4075 3222 4110 τε
3261 4060 3450 4110 πεσεῖν
3498 4060 3596 4111 καὶ
3623 4059 3862 4114 λακίσαι
3901 4065 3998 4129 μὲ-

2413 4166 2502 4200 σον
2534 4150 2623 4201 τὸν
2652 4149 2856 4211 ἄθλιον,
2893 4150 2970 4218 μὴ
3003 4150 3254 4218 θαύμαζε
3285 4150 3483 4202 τούτου
3521 4149 3742 4216 ἕνεκεν,
3783 4154 3993 4221 λέγων,

2412 4240 2582 4309 Εἴπερ
2608 4240 2880 4308 ἐκτήσατο
2911 4241 3135 4306 χωρίον,
3163 4241 3257 4294 καὶ
3286 4241 3454 4308 ζῆσαι
3489 4241 3681 4295 τοῦτον
3717 4247 3869 4312 μετὰ
3903 4247 3999 4315 τὴν

2408 4332 2646 4402 ἀγχόνην
2682 4332 3013 4400 ἐπάναγκες.
3040 4333 3099 4385 El
3149 4334 3224 4402 μὴ
3277 4336 3386 4405 γὰρ
3419 4335 3689 4404 ἑπέζησεν
3741 4336 3998 4406 ὕστερον,

726 4435 849 4501 ipse
891 4446 1018 4484 vero
1069 4443 1289 4498 quoque
1319 4437 1510 4496 utpote
1553 4427 1642 4496 qui
1677 4428 1908 4496 pretium
1963 4428 2076 4496 agri
2112 4427 2296 4481 solvit.

2407 4423 2504 4473 οὐκ
2549 4419 2614 4473 ἂν
2647 4423 2848 4490 χωρίον
2881 4425 3170 4487 ἐκτήσατο.
3208 4423 3405 4491 Ἄφες,
3427 4425 3475 4475 εί
3525 4423 3735 4493 βούλει,
3767 4429 4002 4483 τοιαῦτα

723 4524 972 4592 Namque
1001 4521 1340 4590 principibus
1370 4520 1715 4574 sacerdotum
1742 4519 1969 4589 projecit
1993 4527 2299 4587 argenteos,

719 4598 862 4682 quos
897 4613 1203 4667 mercedem
1231 4611 1535 4680 iniquitatis
1563 4620 1717 4664 vocat
1749 4626 1762 4663 :
1788 4610 1982 4664 merito
2008 4610 2170 4679 igitur
2194 4611 2299 4664 bu-

712 4707 808 4773 jus
849 4706 956 4776 agri
999 4704 1256 4759 dominus
1295 4705 1515 4757 dicitur.
1554 4703 1697 4772 Ager
1744 4717 1875 4757 vero
1923 4702 2016 4757 ille
2068 4717 2300 4772 campus

722 4798 872 4867 tiguli
905 4807 1154 4859 vocatur,
1179 4797 1273 4865 qui
1303 4796 1464 4849 etiam
1490 4794 1685 4848 domus
1726 4794 2011 4848 malediCta
2057 4794 2296 4859 dicitur;

726 4887 938 4942 tumulo
986 4889 1132 4940 enim
1197 4886 1335 4939 nihil
1372 4886 1541 4955 magis
1587 4885 1926 4938 solitarium.
1961 4884 2098 4938 Inde
2150 4892 2300 4953 patet

720 4978 867 5049 quod
902 4981 1017 5048 ipse
1047 4993 1075 5031 a
1118 4978 1413 5046 semetipso
1456 4991 1643 5045 agrum
1673 4991 1781 5028 non
1815 4975 1968 5028 emit.
2004 4974 2112 5028 Etsi
2150 4974 2296 5027 enim

701 5070 1030 5139 iniquitatis
1087 5069 1421 5130 mercedem,
1458 5069 1510 5121 id
1561 5076 1683 5130 est,
1734 5067 1957 5138 triginta
2013 5077 2298 5133 argenteos

717 5159 1064 5229 principibus
1097 5161 1438 5213 ωορτάυιιιιη
1469 5157 1634 5213 Judas
1664 5170 1857 5227 sponte
1910 5159 2134 5227 proiecit
2179 5160 2299 5227 qui—

715 5252 822 5305 bus
851 5265 1066 5320 emptus
1096 5261 1214 5304 erat
1236 5266 1362 5320 ager
1389 5253 1517 5320 (non
1551 5252 1749 5305 licebat
1781 5251 1928 5304 enim
1958 5266 2050 5304 eos
2074 5250 2297 5305 mittere

718 5348 775 5400 in
813 5349 1111 5400 corbonam
1151 5358 1337 5416 Itlpule
1364 5350 1595 5412 pretium
1640 5345 1969 5414 sanguinis),
2016 5345 2295 5414 quomodo

711 5441 798 5493 vel
834 5442 979 5495 unde
1007 5438 1177 5494 Judas
1243 5439 1487 5508 possedit
1523 5454 1732 5508 agrum.
1778 5452 1901 5492 cum
1937 5438 2053 5505 ipse
2112 5439 2294 5490 statim

713 5531 770 5584 in
803 5530 1004 5598 templo
1047 5529 1283 5598 projecta
1315 5529 1564 5582 mercede
1625 5527 1928 5596 iniquitatis
1999 5526 2192 5595 laqueo
2236 5543 2295 5581 se

710 5620 1101 5688 suspenderit?
1129 5620 1265 5674 Aliis
1300 5633 1430 5688 ergo
1471 5634 1660 5687 agrum
1693 5616 2027 5682 ementibus,
2071 5625 2126 5671 et
2179 5616 2293 5685 ipse

702 5715 907 5768 emisse
958 5713 1186 5777 dicitur,
1229 5721 1286 5767 ut
1336 5727 1498 5782 supra
1566 5710 2078 5766 demonstravimus.
2137 5709 2292 5776 Quod

2406 4517 2625 4583 φρονεῖν
2673 4531 2732 4566 τε
2783 4519 2878 4568 καὶ
2913 4515 3120 4582 λέγειν.
3157 4515 3295 4568 Οὐδὲ
3323 4517 3434 4586 γὰρ
3483 4518 3650 4581 αὐτὸς
3683 4519 3759 4571 δι’
3795 4524 3998 4574 ἑαυτοῦ

2403 4608 2603 4676 χωρίον
2667 4608 3013 4676 ὁπουδήποτε
3084 4609 3430 4678 κτησάμενος
3496 4610 3736 4679 εὕρηται
3782 4656 3799 4678 ,
3861 4618 4002 4668 ἀλλὰ

2402 4700 2656 4771 καθάπερ
2693 4702 2752 4751 ὲν
2779 4703 2843 4769 τῇ
2878 4701 2959 4761 εἰς
3002 4701 3099 4761 τάς
3134 4701 3370 4770 Πράξεις
3396 4704 3556 4775 τρίτῃ
3586 4707 3787 4776 ὁμιλίᾳ⁵
3823 4709 3999 4764 αὐτοῦ

2401 4792 2428 4842 ὁ
2462 4793 2868 4860 χρυσορῤήμων
2910 4791 3168 4859 Ἰωάννης
3193 4793 3455 4860 ἐδίδαξεν,
3487 4795 3671 4863 ἕτεροι
3705 4801 3818 4867 μέν
3859 4809 4002 4856 εἰσιν

2402 4881 2451 4931 οἱ
2495 4882 2552 4931 τὸ
2604 4885 2801 4951 χωρίον
2839 4883 3199 4952 ὴγορακότες,
3228 4885 3393 4946 αὐτὸς
3442 4885 3498 4939 δὲ
3555 4889 3753 4956 ὅμως,
3811 4892 3894 4956 ὡς
3945 4899 4003 4946 τὸ

2401 4972 2619 5042 τίμημα
2646 4973 2997 5027 καταϐαλώνο
3029 4973 3223 5044 ἔρριψε
3257 4976 3367 5045 γὰρ
3392 5017 3408 5042 ,
3448 4980 3608 5048 φησὶ,
3644 4981 3715 5032 τὰ
3745 4985 4000 5053 ἀργύρια

2405 5065 2542 5134 πρὸς
2578 5066 2704 5127 τοὺς
2737 5068 3019 5138 ἀρχιερεῖς
3043 5107 3058 5131 ,
3105 5067 3140 5120 ἃ
3173 5070 3271 5121 καὶ
3309 5071 3501 5139 μισθὸν
3552 5072 3780 5136 ἀδικίας
3815 5081 3997 5130 καλεῖ·

2406 5156 2639 5219 είκότως
2667 5155 2763 5208 τοῦ
2797 5158 3043 5210 τοιούτου
3089 5159 3294 5227 χωρίου
3340 5158 3532 5227 κύριος
3582 5161 3840 5229 λέγεται.
3876 5167 3996 5219 Χω-

2405 5247 2518 5312 ρίον
2570 5248 2625 5298 δὲ
2665 5249 2756 5300 τὸν
2810 5249 2982 5319 ἀγρὸν
3047 5249 3142 5301 τοῦ
3177 5251 3471 5320 κεράμεώς
3531 5269 3724 5321 φησιν,
3783 5256 3850 5308 ὃν
3904 5263 3996 5311 καὶ

2399 5339 2626 5393 ἔπαυλιν
2659 5342 3038 5411 ἠρημωμένην
3087 5343 3268 5398 καλεῖ.
3299 5343 3485 5410 Τάφου
3516 5344 3626 5413 γὰρ
3655 5347 3822 5401 οὐδὲν
3871 5350 3993 5418 ipf,-

2402 5431 2648 5502 μότερον.
2690 5433 2930 5504 Εὔδηλον
2967 5434 3063 5488 οὖν
3095 5435 3367 5499 ἐντεῦθεν,
3405 5437 3481 5500 ὡς
3511 5439 3796 5506 οὐμενοῦν
3829 5443 3989 5501 αὐτος

2396 5525 2464 5577 δι’
2495 5524 2693 5577 ἑαυτοῦ
2739 5526 2940 5596 χωρίον
2973 5528 3264 5598 ἐκτήσατο.
3296 5527 3361 5583 Ei
3418 5531 3530 5599 γὰρ
3571 5532 3598 5583 ὁ
3631 5532 3738 5596 τῆς
3768 5533 3986 5594 ἀδικίας

2401 5619 2592 5687 μισθὸς
2616 5658 2631 5682 ,
2663 5609 2934 5675 τουτέστί
2969 5623 3038 5675 τὰ
3083 5622 3378 5692 τριάκοντα
3429 5623 3704 5693 ἀργύρια,
3741 5627 3887 5696 πρός
3927 5644 3983 5690 γε

2395 5715 2520 5775 τούς
2543 5715 2824 5784 ἀρχιερεῖς
2859 5716 2990 5785 παρ’
3033 5715 3198 5770 αὐτοῦ
3225 5715 3320 5770 τοῦ
3349 5715 3523 5769 Ἰούδα
3554 5717 3794 5790 ῥιφῆναι
3816 5719 3983 5788 ἐφθα-
