4186 6430
254 411 362 471 905

1576 408 1941 469 EPISTOLA
1988 408 2085 467 XV
2104 407 2180 469 Π.

3381 396 3486 458 906

253 533 347 571 σεν
373 553 390 580 ,
422 518 512 587 ὑφ’
552 510 628 571 ὧν
680 518 773 571 xui.
817 520 875 570 τὸ
925 519 1166 573 τοιοῦτον
1212 521 1412 591 χωρίον
1456 520 1767 588 ἢγόρασται
1797 531 1808 543 '

1924 516 1957 567 si
1993 518 2065 570 ita
2111 531 2196 569 res
2226 530 2285 569 se
2321 514 2545 579 habent,
2576 511 2859 567 evidenter
2905 516 3229 563 erraverunt
3270 509 3368 574 qui
3416 509 3487 557 uti

249 609 371 662 οὐδὲ
402 609 509 678 γὰρ
543 608 673 680 ὲξῆν
713 609 887 663 ταῦτα
920 611 1104 680 βαλεῖν
1134 614 1213 674 είς
1242 613 1336 664 τὸν
1378 611 1683 681 κορϐωνᾶν,
1737 626 1812 661 τι-

257 700 364 768 μὴν
411 699 728 769 ὑπάρχοντα
765 699 995 768 αἵματος
1019 717 1035 730 σ
1078 701 1211 754 πότε
1272 701 1460 754 λοιπὸν
1522 700 1554 770 ἢ
1588 698 1754 751 πόθεν
1787 698 1814 749 ὀ

249 790 451 853 Ἰούδας
480 791 686 860 χωρίον
715 792 991 859 ἐκτήσατο
1017 808 1032 856 ;
1066 793 1228 863 εἰπερ
1277 793 1369 846 καὶ
1406 790 1608 861 μᾶλλον
1650 794 1708 843 ὲν
1736 790 1813 859 τῷ

246 880 358 950 ναῷ
390 880 551 952 ῥίψας
575 882 665 935 τὸν
690 884 787 951 τῆς
811 882 1024 955 ἀδικίας
1058 883 1250 953 μισθὸν
1272 886 1478 956 ἀγχόνῃ
1509 884 1814 955 τηνικαῦτα

248 975 541 1043 ἐχρήσατο.
591 975 804 1030 ’Δλλων
851 978 1033 1030 τοίνυν
1087 980 1450 1049 ἠγορακότων
1485 980 1651 1043 αὐτὸς
1682 981 1817 1047 ἀγο-

251 1062 411 1133 ράσαι
451 1063 711 1132 λέγεται,
756 1068 832 1129 ὡς
879 1068 1091 1121 ἄνωθεν
1142 1069 1383 1140 εἴρηται.
1450 1070 1509 1122 Et
1546 1070 1603 1122 δὲ
1643 1069 1816 1122 ταῦτα

245 1154 420 1219 οὕτως
470 1156 610 1226 ἔχει,
662 1157 1038 1229 πεπλάνηνται
1091 1163 1388 1231 προφανῶς
1414 1164 1463 1215 οἱ
1492 1162 1581 1215 διά
1618 1180 1682 1228 γε
1717 1161 1817 1233 τὴν

244 1247 338 1301 τοῦ
369 1249 570 1317 χωρίου
613 1250 773 1318 δῆθεν
829 1251 1096 1321 ὲξὼνησιν
1149 1254 1242 1306 καὶ
1274 1254 1436 1324 ζῆσαι
1485 1254 1575 1306 τὸν
1617 1254 1817 1306 Ἰούδαν

249 1339 387 1405 μετὰ
429 1339 528 1406 τὴν
587 1341 825 1411 ἀγχόνην
874 1343 1225 1410 νομίσαντες.
1266 1344 1332 1397 Et
1386 1344 1441 1396 δὲ
1483 1345 1580 1397 καὶ
1632 1343 1815 1414 πρηνῆ

246 1432 434 1480 πεσεῖν
470 1432 564 1482 τὸν
596 1429 801 1485 Ἰούδαν
826 1471 842 1494 ,
891 1432 1115 1485 λακίσαι
1155 1450 1215 1485 τε
1270 1435 1438 1501 μέσον
1476 1434 1644 1488 αύτδν
1673 1435 1706 1503 ἡ
1739 1433 1816 1503 βί·

245 1518 371 1580 ὅλος
401 1519 713 1589 διαγορεύει
753 1520 862 1573 τῶν
895 1522 1157 1591 Πράξεων
1182 1566 1196 1589 ,
1237 1524 1311 1586 ὡς
1343 1524 1546 1577 ἄνωθεν
1577 1526 1815 1593 εἴρηται,

185 1670 192 1674 _
243 1608 318 1667 ὡς
366 1609 617 1663 ἐντεῦθεν
668 1611 847 1664 δοκεῖν
901 1613 1276 1666 ἐναντιοῦσθαι
1312 1615 1565 1684 ἀλλήλοις
1616 1614 1717 1682 τήν
1758 1631 1817 1667 τε

241 1700 635 1769 διαληφθεῖσαν
664 1702 843 1772 βίσλον
892 1705 986 1758 καὶ
1032 1705 1174 1758 αὐτὰ
1204 1705 1272 1759 τὰ
1311 1706 1431 1775 ίερὰ
1481 1706 1814 1774 Εὑαγγέλια·

240 1791 362 1845 ἀλλ’
407 1793 469 1845 οὐ
503 1793 758 1847 τοσοῦτον
803 1794 1111 1863 θαυμάζειν
1158 1798 1253 1851 ἐπὶ
1286 1797 1502 1861 τούτοις
1539 1815 1600 1852 σε
1637 1798 1815 1863 ἄξιον.

244 1884 409 1948 Εἰκὸς
437 1886 546 1954 γὰρ
580 1886 674 1939 καὶ
723 1887 1020 1957 ἀμφότερα
1056 1889 1238 1943 ταῦτα
1291 1890 1369 1959 τῷ
1399 1892 1519 1944 τότε
1560 1890 1627 1962 [Ῑ.
1653 1892 1713 1943 ὲν
1740 1891 1820 1961 τῷ

242 1978 370 2027 τότε
411 1975 609 2048 χρόνῳ]
641 1977 919 2045 γενέσθαι,
971 1981 1033 2031 τὺ
1086 1980 1442 2048 τελειωθῆναι
1472 1998 1531 2034 τε
1559 1983 1627 2034 δι’
1651 1982 1817 2050 ἀγχό-

243 2084 345 2133 νης
378 2067 562 2135 αὑτὸν,
609 2070 705 2122 καὶ
742 2070 805 2124 τὸ
853 2074 921 2126 τὰ
956 2072 1241 2143 σπλάγχνα
1290 2072 1455 2127 αὑτοῦ
1498 2074 1818 2145 ἐκχυθῆναι,

132 2220 133 2223 η
241 2157 322 2219 ὡς
352 2158 612 2222 πολλάκις
637 2160 972 2232 διείληπται,
1015 2164 1114 2218 ἅτε
1152 2162 1248 2218 τοῦ
1290 2164 1555 2219 καλωδίου
1594 2164 1822 2236 διαρρα-

241 2248 456 2313 γέντος,
508 2251 567 2302 ὲν
606 2244 650 2318 ᾧ
704 2252 1024 2324 ἀπηὼρητο,
1064 2253 1360 2310 κάντεῦθεν
1393 2257 1474 2319 είς
1514 2254 1620 2325 γῆν
1661 2272 1821 2308 κατε-

241 2339 529 2410 νεχθέντος
568 2344 779 2397 ἐκείνου
810 2384 826 2409 ,
887 2344 982 2398 καὶ
1038 2346 1181 2400 οὕτω
1234 2346 1400 2417 μέσον
1441 2346 1821 2413 λελακικότος,

239 2429 322 2491 ὡς
373 2429 556 2501 θέαμα
618 2436 940 2504 προκεῖσθαι
992 2439 1104 2501 τοῖς
1146 2439 1312 2494 πᾶσιν
1355 2438 1616 2506 ἐξαίσιον.
1660 2440 1822 2504 Ποῖος

237 2523 344 2574 καὶ
378 2524 484 2594 γὰρ
514 2525 679 2579 αὐτὸν
709 2528 903 2582 ἑαυτοῦ
937 2532 1207 2599 γεγονότα
1239 2534 1541 2604 αὐτόχειρα
1573 2534 1607 2606 ἢ
1635 2536 1818 2607 ταφῆς

236 2613 382 2677 ὅλως
427 2617 682 2686 ἠξίωσεν,
716 2622 750 2690 ἢ
787 2622 929 2676 κατά
980 2640 1107 2678 τινα
1148 2626 1355 2696 τρόπον
1384 2630 1820 2699 περιεποιήσατο

236 2702 470 2773 ἕτερον,
528 2708 780 2763 Μάνθανε
836 2710 930 2766 οῦν
994 2714 1273 2779 ἐντεῦθεν,
1306 2715 1384 2780 ὡς
1441 2720 1500 2771 ὲν
1557 2719 1698 2790 αὐτῇ
1750 2722 1818 2790 τῇ

234 2797 453 2868 ἀγχόνῃ
487 2799 545 2851 τδ
590 2799 685 2854 τοῦ
724 2802 839 2871 βίου
884 2805 1040 2868 τέλος
1079 2808 1320 2873 ἐδέξατο.
1351 2810 1455 2864 Ἴδε
1488 2811 1598 2881 γὰρ
1620 2811 1701 2865 ὅτι
1725 2811 1821 2865 καὶ

236 2890 272 2940 ὁ
333 2888 430 2959 τὴν
478 2891 727 2957 γλῶτταν
756 2896 992 2964 χρυσοῦς
1044 2899 1103 2949 ὲν
1153 2902 1218 2967 τῇ
1256 2902 1341 2962 είς
1388 2900 1448 2954 τὸ
1499 2905 1643 2955 κατὰ
1672 2903 1821 2956 Ματ-

236 2979 400 3031 θαῖον
435 2981 775 3048 Εύαγγέλιον
798 2986 1135 3059 ὀγδοηκοστῇ
1164 2991 1391 3061 πέμπτῃ
1422 2992 1613 3065 ὁμιλίᾳ
1644 2993 1816 3048 αὑτοῦ

234 3067 606 3139 διαλαμϐάνει
635 3075 737 3143 μὲν
772 3075 905 3146 περὶ
955 3081 1055 3148 τῆς
1112 3080 1351 3151 ἀγχόνης
1377 3080 1471 3134 τοῦ
1498 3082 1692 3149 Ἰούδα,
1726 3085 1821 3138 καὶ

1917 609 2028 677 agri
2064 608 2395 676 emptionem
2450 605 2643 661 ludam
2681 615 2805 675 post
2850 602 3263 670 susliensiunem
3294 600 3489 651 vixis~c

1915 701 2337 754 contenderunt.
2384 698 2625 766 Namque
2650 698 2693 752 si
2742 696 2937 750 ludam
2992 706 3319 760 susiiensum
3370 706 3492 743 crc-

1915 790 2106 859 puisse
2136 790 2377 844 medium
2404 789 2459 842 in
2487 789 2720 842 Aetuum
2754 787 2892 840 libro
2926 791 3202 846 narratur,
3238 790 3296 833 ut
3328 796 3489 844 supra

1916 880 2184 943 diximus,
2225 879 2421 933 exinde
2452 878 2811 946 sibimetipsis
2848 872 3487 930 contradicere‘videau-

1919 978 2004 1023 tur
2041 970 2178 1024 liber
2210 969 2557 1038 supradictus
2585 978 2642 1022 et
2668 969 2783 1037 ipsa
2809 977 2998 1020 sancta
3028 965 3317 1034 Evangelia
3343 980 3358 1024 ;
3398 961 3488 1014 sed

1916 1076 2029 1115 non
2056 1062 2194 1117 adeo
2221 1062 2287 1115 de
2318 1061 2403 1115 his
2434 1061 2618 1113 mirari
2654 1060 2830 1113 decet.
2863 1057 3076 1111 Etenim
3100 1057 3209 1109 duo
3237 1056 3338 1109 ista
3364 1062 3495 1106 tunc

1919 1153 2036 1207 ﬁeri
2071 1153 2332 1221 oportuit,
2366 1152 2539 1219 ipsum
2571 1150 2826 1204 videlicet
2860 1150 3050 1217 laqueo
3084 1161 3114 1200 e
3150 1147 3256 1199 vita
3289 1145 3496 1198 disces-

1918 1244 2076 1309 sisse,
2120 1251 2174 1299 et
2205 1243 2399 1297 diﬂ’usa
2431 1243 2733 1315 procidisse
2766 1242 2974 1295 viscera
3007 1239 3159 1306 ejus,
3196 1238 3337 1292 sicut
3386 1252 3487 1287 5:19-

1919 1339 2041 1407 pius
2068 1337 2327 1406 scriptum
2359 1344 2475 1399 est;
2505 1334 2773 1403 siquidem
2808 1334 2975 1386 fracto
3021 1333 3214 1399 laqueo
3241 1346 3347 1398 quo
3378 1329 3496 1381 fue-

1921 1439 2006 1482 rat
2039 1442 2356 1496 suspensus,
2412 1437 2465 1480 et
2499 1427 2577 1479 sic
2612 1426 2730 1493 ipso
2768 1425 2819 1476 in
2859 1432 3056 1477 terram
3089 1422 3327 1489 delapso,
3382 1434 3496 1471 me-

1920 1520 2044 1573 dius
2077 1517 2312 1588 crepuit,
2348 1528 2407 1571 ut.
2439 1518 2637 1570 mirum
2671 1516 2837 1569 veluti
2868 1516 3085 1583 aliquod
3118 1516 3329 1583 signum
3381 1529 3499 1565 om-

1920 1612 2081 1665 nibus
2114 1619 2422 1679 appareret.
2467 1607 2602 1672 Quis
2632 1607 2779 1661 enim
2807 1607 3070 1659 suicidam
3107 1607 3184 1658 vel
3214 1604 3495 1673 sepultura

1920 1701 2143 1770 dignum
2178 1700 2441 1764 habebit,
2474 1700 2559 1753 vel
2604 1699 2712 1752 alio
2742 1697 2977 1767 quodam
3026 1698 3188 1751 modo
3241 1696 3495 1750 auxiliari

1921 1792 2213 1849 volet?Ab
2250 1795 2351 1847 hoc
2392 1792 2556 1860 igitur
2578 1791 2751 1854 disce,
2775 1790 2919 1860 quod
2959 1789 3157 1859 laqueo
3196 1801 3498 1857 suspensus

1919 1903 1951 1941 e
1983 1889 2093 1940 vita
2127 1886 2397 1940 discessit.
2446 1886 2584 1939 Ecce
2615 1883 2761 1937 enim
2797 1883 3067 1951 quomodo
3086 1881 3500 1951 Chrysostouius

1922 1978 1977 2033 in
2014 1978 2345 2047 ci-togesima
2397 1978 2592 2042 quinta
2642 1976 2697 2030 in
2745 1975 3139 2041 evangelistam
3191 1973 3501 2028 Matuta-um

1920 2071 2166 2137 homilia;
2188 2070 2256 2125 de
2282 2067 2433 2125 Iudae
2454 2068 2754 2140 proditoris
2783 2067 3078 2138 suspendio
3100 2068 3324 2137 ejusque
3350 2066 3500 2120 exitu

1920 2162 2231 2224 disserens,
2284 2162 2361 2215 nil
2413 2161 2647 2230 amplius
2702 2160 2868 2225 dicit;
2926 2159 3259 2229 proindeque
3306 2156 3497 2212 ludam

1920 2265 2106 2323 postea
2147 2255 2494 2322 superstitem
2525 2269 2632 2308 non
2667 2252 2834 2307 fuisse
2864 2253 2979 2307 viro
3012 2252 3292 2306 illisauctu
3325 2251 3499 2305 visum

1920 2355 2039 2413 est,
2096 2355 2154 2400 ut
2202 2346 2445 2415 plerique
2486 2346 2854 2400 crediderunt.
2916 2345 3061 2398 Idem
3116 2344 3330 2397 divinus
3372 2359 3505 2397 con-

1921 2434 2110 2492 ﬁtetur
2144 2436 2295 2490 Nilus
2344 2436 2528 2492 dice‘ns
2558 2454 2573 2493 :
2614 2436 2751 2503 Quid
2783 2437 2934 2491 luds:
2960 2436 3279 2503 profuerunt
3301 2435 3502 2490 Christi

1922 2511 2154 2591 monita,
2203 2528 2331 2597 quid
2376 2529 2500 2596 ejus
2544 2528 2825 2593 miracula,
2859 2544 2982 2582 cum
3018 2539 3206 2598 postea
3247 2528 3441 2597 laqueo
3475 2544 3505 2579 e

1922 2622 2034 2674 vita
2072 2620 2401 2676 dieesserit?
2436 2619 2563 2677 Haec
2613 2621 2778 2676 etiam
2823 2619 3172 2675 conﬁrmavit
3222 2619 3508 2688 presbyter

1921 2712 2266 2779 Ammonius,
2296 2712 2485 2767 dicens
2516 2752 2532 2778 ,
2562 2714 2707 2784 quod
2734 2727 2857 2768 eum
2887 2712 3139 2768 Christus
3199 2712 3264 2766 ad
3302 2712 3508 2765 inferna

1923 2806 2313 2865 descendisset.
2352 2807 2548 2860 anima:
2581 2821 2794 2868 omnes,
2829 2814 2887 2861 et
2919 2806 3091 2875 ipsius
3118 2805 3272 2859 Iudae
3297 2805 3504 2865 anima,

1923 2913 1954 2952 a
1982 2897 2215 2953 vinculis
2246 2902 2436 2953 soluta:
2478 2907 2631 2963 sunt,
2680 2914 2874 2954 omnes
2910 2915 3039 2953 vero
3068 2899 3350 2954 Christum
3398 2913 3507 2951 nun

1925 2999 2147 3054 secutae,
2181 2989 2275 3044 sed
2306 2998 2517 3045 tantum
2547 2990 2887 3044 credentium
2923 2994 3138 3045 animm.
3170 2990 3508 3058 Quapropter

1925 3083 1969 3138 si
2003 3093 2128 3154 post
2178 3083 2532 3153 suspendium
2581 3084 2751 3153 Judas
2802 3095 3080 3151 superstes
3127 3084 3343 3145 fuisset,
3374 3098 3511 3149 quo-

234 3160 347 3226 τῆς
397 3160 563 3214 αὐτοῦ
601 3163 877 3236 τελευτῆς⁹
918 3165 1065 3236 λέγει
1112 3169 1170 3223 δὲ
1212 3171 1361 3239 ὅμως
1416 3172 1603 3227 πλεῖον
1641 3174 1814 3230 οὐδέν.

1924 3175 2084 3230 modo
2127 3175 2184 3229 in
2227 3175 2419 3229 inferis
2467 3174 2707 3229 animam
2765 3177 2885 3242 ejus
2941 3174 3157 3243 ligatam
3214 3174 3512 3227 iuvenissi-t

252 3246 354 3310 Ὦς
399 3250 654 3306 ἐντεῦθεν
706 3255 1075 3327 ύπεμφαίνειν
1104 3262 1209 3314 ,τὸν
1267 3263 1428 3331 ἅγιον
1464 3268 1599 3335 μηδὲ
1636 3268 1697 3322 τὸ
1728 3285 1822 3321 τυ-

237 3340 343 3409 χὸν
396 3342 660 3412 ιπιζῆσαι
711 3347 803 3400 τὸν
831 3349 1037 3405 Ἰούδαν
1087 3351 1443 3425 ῦστερον,ὠς
1490 3360 1540 3410 oi
1598 3360 1820 3425 πλείους

235 3429 525 3500 ᾠήθησαν.
557 3435 719 3489 Ἀλλὰ
751 3440 844 3491 καὶ
897 3442 926 3494 ὁ
968 3440 1244 3515 θειότατος
1273 3446 1465 3511 Νεῖλος
1492 3449 1627 3503 αύτδ
1656 3453 1817 3507 τοῦτο

237 3522 566 3594 παρίστησι,
592 3527 786 3597 λέγων’
817 3529 884 3586 Τί
921 3534 1014 3586 τὸν
1046 3535 1252 3591 Ἰούδαν
1308 3538 1593 3610 ὠφέλησεν
1647 3544 1679 3615 ἠ
1722 3545 1819 3599 τοῦ

236 3616 489 3684 Χριστοῦ
546 3621 684 3691 πρὸς
719 3623 886 3677 αὐτὸν
938 3626 1266 3710 διδασκαλία
1317 3634 1413 3683 καὶ
1466 3632 1824 3707 θαυματουρ-

236 3710 366 3777 γία,
414 3713 572 3778 εἴπερ
620 3717 679 3769 ἐν
708 3718 917 3789 ἀγχόνῃ
956 3722 1048 3772 τὸν
1101 3720 1215 3790 βίον
1257 3723 1633 3796 κατέστρεψεν
1665 3726 1823 3782 ὓστε-

241 3820 380 3873 ρον;
426 3805 767 3861 Ἐπιϐεὸαιοί
814 3810 870 3862 δὲ
898 3811 1072 3864 ταῦτα
1100 3816 1196 3866 καὶ
1222 3818 1248 3866 ὁ
1280 3817 1656 3888 πρεσϐύτερος
1687 3820 1824 3890 Ἀμ-

240 3893 453 3963 μώνιος
512 3898 727 3966 λέγων,
770 3901 852 3955 ὅτι
906 3902 1001 3955 τοῦ
1050 3905 1293 3974 Χριστοῦ
1337 3908 1693 3974 κατελθόντος
1743 3914 1825 3977 είς

236 3986 387 4056 ᾅδην
438 3990 494 4043 at
518 3989 687 4061 ψυχαὶ
734 3994 906 4047 πᾶσαι
950 3996 1046 4072 καὶ
1080 3997 1219 4067 αὑτὴ
1260 4000 1295 4069 ἡ
1352 4001 1449 4054 τοῦ
1497 4002 1670 4056 ’ἰούδα
1714 4004 1825 4057 τῶν

234 4077 468 4147 δεσμῶν
534 4081 634 4150 μὲν
687 4082 1038 4154 ἀπελύθησαν
1066 4125 1081 4150 ,
1117 4088 1301 4142 οὐκέτι
1331 4090 1389 4143 δὲ
1418 4094 1513 4145 καὶ
1543 4094 1717 4147 πᾶσαι
1744 4095 1824 4165 τῷ

238 4168 477 4240 Χριστῷ
534 4174 965 4242 συνανήλθοσαν,
1024 4178 1185 4247 μόναι
1230 4180 1287 4232 δὲ
1323 4182 1380 4234 αἱ
1434 4184 1823 4243 πιστεύσασαι.

238 4260 465 4313 Οὐκοῦν
507 4265 557 4315 εί
592 4266 733 4335 μετὰ
761 4268 859 4326 τὴν
886 4270 1130 4340 ἀγχόνην
1157 4272 1185 4324 δ
1211 4273 1413 4339 Ἰούδας
1441 4275 1636 4347 ἔζησεν
1668 4277 1826 4332 ὔστε-

236 4369 366 4422 ρον,
398 4354 517 4417 πῶς
547 4356 607 4408 ὲν
635 4357 738 4427 ᾄδῃ
760 4359 861 4430 τὴν
895 4360 1078 4431 ψυχὴν
1122 4363 1293 4417 αὐτοῦ
1340 4367 1637 4439 δεδεμένην
1664 4370 1826 4441 εὗρεν

1925 3265 2186 3321 Dominus
2224 3265 2606 3319 ?lnde'ctiam
2670 3265 2834 3319 vitam
2864 3266 3060 3335 laqueo
3115 3280 3237 3317 eum
3306 3265 3512 3318 tleiisse

1927 3368 2169 3428 apparet.
2210 3357 2316 3412 Sed
2356 3368 2537 3412 tamen
2595 3373 2707 3412 non
2744 3361 2849 3412 hac
2906 3358 3119 3411 ratione
3160 3356 3224 3410 ad
3258 3358 3508 3422 laqueum

1926 3452 2101 3516 venit,
2154 3461 2216 3505 ut
2269 3451 2491 3520 quidam
2555 3451 2958 3515 existimarunt,
3025 3460 3085 3505 ut
3145 3456 3512 3503 anteverterct

1927 3544 2232 3609 Christum,
2278 3553 2335 3599 et
2386 3544 2452 3598 ad
2489 3543 2695 3597 inferos
2739 3543 3079 3597 descendens
3112 3541 3182 3596 ab
3215 3555 3280 3594 eo
3314 3541 3418 3594 sibi
3447 3556 3513 3594 eo

1929 3636 1985 3688 in
2019 3639 2139 3690 loco
2174 3636 2388 3689 veniam
2419 3636 2759 3705 impetraret.
2792 3632 2851 3689 Id
2887 3635 3032 3689 enim
3067 3649 3233 3687 nemo
3264 3649 3510 3701 unquam

1928 3726 2230 3790 admiserit,
2279 3726 2581 3781 dummodo
2621 3725 2835 3780 consilii
2871 3738 3093 3793 compos
3135 3724 3226 3778 sit.
3259 3724 3361 3790 Qui
3396 3732 3513 3778 etc.

1928 3816 2042 3871 nim
2104 3820 2441 3871 tantumdem
2496 3816 2662 3872 corde
2712 3816 3018 3870 obduratus
3075 3826 3277 3881 est,et
3338 3817 3515 3870 modis

1930 3909 2189 3964 omnibus
2235 3909 2303 3963 de
2353 3909 2571 3979 propria
2607 3908 2779 3962 salute
2832 3908 3168 3977 desperavit,
3229 3908 3508 3976 quomodo

1929 4009 2025 4056 aut
2075 4016 2309 4070 quanam
2363 4002 2574 4056 ratione
2629 4002 2686 4056 in
2740 4016 2863 4056 sese
2910 4003 3111 4057 similia
3171 4003 3516 4056 resolvebat?

1929 4093 2216 4158 Quomodo
2250 4095 2616 4148 meditabatur
2656 4093 2723 4148 ad
2771 4093 2977 4149 inferos
3009 4094 3364 4158 descendere,
3411 4094 3516 4148 ibi..-

1929 4200 2037 4255 que
2064 4185 2445 4255 panitentiam
2477 4186 2682 4255 agere?
2720 4185 2949 4255 Insuper
2988 4186 3258 4239 undenam
3293 4187 3380 4240 ille
3415 4204 3515 4241 au.-

1930 4276 2052 4341 diit,
2086 4286 2181 4331 aut
2208 4291 2316 4346 quo
2349 4276 2401 4331 id
2431 4275 2704 4331 referente
2735 4276 2978 4340 edidicit,
3011 4276 3283 4332 descensu
3317 4293 3417 4333 suo
3448 4282 3517 4333 ad

1930 4368 2140 4425 inferos
2187 4369 2471 4425 Christum
2521 4369 2902 4439 paenitentiam
2950 4370 3061 4423 illis
3106 4370 3199 4439 qui
3248 4371 3320 4425 ibi
3357 4382 3517 4426 erant

231 4447 268 4497 ὁ
333 4445 579 4514 Κύριοςς
618 4447 855 4517 Εὔδηλον
889 4445 985 4504 οὖν
1016 4453 1335 4520 κάντεῦθεν,
1366 4456 1442 4520 ὡς
1488 4458 1548 4512 ὲν
1579 4460 1718 4530 αὐτῇ
1752 4464 1818 4533 τῇ

235 4536 449 4562 ιυωι..-
483 4536 541 4562 ,χ
575 4536 752 4562 .---.ς.-.
807 4540 974 4562 μμ--
1000 4545 1013 4559 ο
1294 4547 1388 4562 ης.
1537 4551 1550 4562 .
1680 4551 1703 4562 -

1930 4462 2370 4533 ρτωάίεαιυτυιη,
2404 4474 2582 4530 eoque
2610 4460 2948 4530 potissimum
2981 4460 3029 4514 si
3059 4462 3245 4515 audiat
3272 4464 3517 4531 quotidie

231 4536 452 4605 ἀγχόνῃ
483 4536 543 4587 τ’)
575 4536 753 4606 χρεὼν
803 4540 1252 4614 ελειτούργησεν.
1292 4547 1438 4618 Πλὴν
1498 4551 1598 4621 οὐχ
1647 4551 1822 4617 οὕτως

1926 4553 2253 4624 Prophetam
2289 4552 2561 4608 dicentem
2590 4568 2603 4604 :
2635 4570 2653 4604 ι
2694 4553 2753 4614 k1
2781 4552 2995 4606 inferno
3024 4561 3207 4606 autem
3240 4554 3359 4622 quis
3386 4570 3515 4607 con-

228 4625 344 4678 ἐπὶ
363 4626 463 4697 τὴν
494 4629 735 4698 ἀγχόνην
764 4633 1019 4702 ἐλήλυθε,
1066 4637 1211 4691 καθᾶ
1240 4655 1387 4704 τινες
1416 4642 1821 4713 ὑπειλήφασιν,

228 4719 390 4773 ὥστε
425 4721 715 4789 πῳλαῦεῖν
746 4723 836 4777 τὸν
866 4724 1099 4795 Χριστὸν
1141 4729 1244 4800 (l),
1289 4733 1383 4785 καὶ
1425 4737 1507 4797 είς
1528 4735 1662 4807 ᾅδην
1686 4754 1827 4792 κατ-

225 4812 423 4866 ελθεῖν
483 4815 578 4867 επὶ
623 4816 703 4886 τῷ
747 4822 942 4893 ,τυχεῖν
1002 4824 1184 4876 ἐκεῖσε
1235 4826 1367 4895 παρ’
1390 4827 1560 4881 αὐτοῦ
1602 4846 1823 4901 συγχω-

236 4904 491 4973 ρήσεως.
541 4905 717 4958 Τοῦτο
758 4908 870 4977 γὰρ
911 4911 1014 4962 οὐκ
1058 4911 1125 4964 ἀν
1157 4914 1290 4968 ποτὲ
1333 4906 1421 4979 τις
1460 4918 1823 4984 καταδέξαιτο
1874 4917 1880 4923 ’

228 4992 511 5061 λογισμοῦ
549 4993 734 5065 κύρεος
757 4996 852 5052 ἄν.
894 5000 952 5051 'U
995 5002 1100 5070 γὰρ
1133 5004 1419 5071 πωρωθεὶς
1444 5007 1538 5060 ἐπὶ
1562 5009 1823 5065 τοσοῦτον

230 5087 352 5154 τὴν
380 5085 646 5151 διάνοιαν,
701 5091 729 5142 ό
780 5094 1100 5147 παντάπασι
1147 5098 1247 5165 τὴν
1310 5098 1511 5152 ἑαυτοῦ
1548 5101 1824 5168 ἀπογνοὺς

236 5179 558 5248 σωτηρίαν,
588 5181 705 5242 πῶς
752 5182 784 5250 ἢ
818 5183 959 5252 ποίῳ
985 5185 1172 5254 τρόπῳ
1206 5187 1330 5241 καθ’
1376 5186 1570 5245 ἑαυτὸν
1598 5192 1824 5249 τοιαῦτα

235 5269 612 5338 συνέστρεψε;
644 5272 762 5335 πῶς
796 5275 1035 5341 ἐμελέτα
1058 5278 1342 5333 κατελθεῖν
1369 5299 1431 5335 τε
1457 5284 1537 5346 είς
1562 5283 1700 5355 ᾅδην
1729 5288 1829 5340 κά-

233 5363 402 5417 κεῖσε
437 5362 607 5416 θεῖναι
668 5366 1001 5433 μετάνοιανς
1049 5371 1259 5435 ’Δλλως
1309 5388 1371 5426 τε
1422 5374 1589 5429 πόθεν
1619 5376 1827 5441 ἐκεῖνος

231 5455 587 5525 ἡκουσεν,ἢ
661 5458 806 5520 τίνος
842 5462 1095 5526 εἰπόντος
1144 5463 1304 5516 τοῦτο
1352 5466 1702 5537 μεμάθηκεν,
1740 5469 1823 5522 ὅτι

233 5549 387 5618 πρὸς
414 5548 546 5620 ᾅδην
586 5552 864 5606 κατελθὼν
891 5556 918 5606 ὁ
948 5555 1189 5625 Χριστὸς
1218 5557 1485 5627 κήρυγμα
1535 5561 1823 5627 μετανοίας

1924 4647 2169 4701 ﬁtebitur
2219 4645 2355 4700 tibi?
2411 4665 2429 4698 ι
2484 4644 2686 4699 Praeter
2720 4645 2830 4714 jam
2864 4645 3030 4709 dicta,
3070 4660 3104 4698 ο
3152 4644 3517 4700 sacratissime

1904 4751 2025 4799 νιν,
2058 4734 2188 4805 quid
2214 4733 2281 4789 de
2307 4732 2447 4788 Juda
2468 4732 2733 4804 Georgius
2757 4732 3040 4790 Cedrenus
3064 4735 3516 4803 chronographus

1929 4840 1970 4878 r.
1991 4824 2127 4878 ferat
2164 4824 2305 4880 scire
2336 4832 2410 4890 te,
2445 4832 2503 4878 ut
2537 4823 2591 4877 id
2622 4838 2839 4893 quoque
2872 4839 2983 4879 non
3029 4832 3080 4878 te
3108 4824 3297 4888 lateat,
3328 4825 3514 4894 cupio.

1932 4917 2121 4972 Tradit
2153 4917 2302 4971 enim
2335 4917 2479 4987 quod
2509 4917 2578 4971 ab
2611 4916 2874 4985 apostolis
2907 4916 3229 4971 sollicitatus
3256 4916 3427 4971 Judas
3457 4925 3516 4971 ut

1934 5007 2225 5062 accederet
2255 5006 2493 5076 factique
2528 5006 2843 5076 pmniteret,
2877 5016 3196 5062 constanter
3223 5023 3514 5062 recusave—

1935 5098 2026 5161 rit,
2051 5098 2283 5166 ideoque
2314 5100 2541 5152 audiens
2571 5097 2853 5152 Christum
2883 5098 2938 5151 in
2966 5099 3137 5153 caelos
3175 5097 3512 5159 ascendisse.

1934 5190 1992 5245 in
2049 5199 2260 5245 tantum
2312 5191 2638 5245 tumefactus
2674 5199 2777 5255 est,
2827 5200 2887 5245 ut
2938 5192 3216 5259 crepuerit
3281 5189 3514 5243 medius.

1936 5283 2001 5337 Et
2036 5282 2152 5337 haec
2180 5279 2402 5350 quidem
2432 5283 2500 5337 de
2542 5283 2707 5352 hujus
2738 5285 3025 5338 sententia:
3061 5283 3342 5337 inanitate.
3380 5280 3514 5336 Eum

1934 5389 2099 5446 porro
2124 5375 2193 5429 de
2227 5376 2443 5445 propria
2474 5377 2650 5431 salute
2675 5376 3080 5446 desperantem,
3114 5391 3225 5429 non
3254 5376 3397 5446 apud
3431 5376 3514 5427 in-

1936 5472 2082 5525 feros
2114 5469 2181 5523 de
2218 5469 2392 5524 salute
2423 5478 2733 5538 sperantem
2772 5472 2967 5539 laqueo
3000 5470 3126 5523 vita:
3173 5468 3333 5523 tinem
3371 5484 3517 5535 quze-

1935 5562 2117 5625 siisse,
2140 5578 2368 5635 magnus
2385 5562 2720 5620 Athanasius
2750 5561 3044 5617 manifesto
3064 5560 3251 5615 docuit
3288 5559 3341 5613 in
3370 5573 3517 5629 qua:-

317 5728 396 5795 μ)
427 5726 573 5798 llam,
606 5732 666 5787 ni
701 5733 885 5802 fallor,
922 5738 1205 5794 sententia
1238 5714 1321 5794 est
1354 5739 1604 5801 Gregorii
1646 5740 2006 5798 Nazianzeni.
