4186 6430
697 344 790 405 9H
1953 356 2370 417 MlCllAELlS
2426 364 2684 422 GLYile
2937 427 2947 437 _
3852 374 3957 441 ill)

692 478 749 515 se
788 463 987 527 ferens,
1023 479 1202 517 rerum
1238 481 1265 518 a
1292 480 1350 520 se
1374 478 1615 521 actarum
1643 468 1844 523 clarius
1867 470 2260 537 recordahitur,
2293 477 2336 534 Α

2293 477 2336 534 Α
2368 476 2460 528 ἐπὶ
2483 479 2542 528 to
2570 481 3004 545 μνημονευτικδν
3032 482 3128 552 τῆς
3155 481 3332 554 ψυχῆς
3360 488 3525 540 αὐτοῦ
3553 490 3732 559 φέρει,
3761 493 3945 559 πολλᾷ

692 571 851 623 quam
879 557 924 612 si
954 556 1129 611 adhuc
1159 560 1212 611 in
1238 559 1341 613 vita
1371 571 1571 621 esset..:

2376 566 2575 635 μᾶλλον
2604 568 2714 621 τῶν
2746 570 2923 626 πεδῶν
2954 574 2985 643 ή
3019 549 3179 645 ψυχὴ-
3382 549 3610 635 θάνατον
3625 549 3937 650 ’ἐλευθερῶ

692 652 844 749 θεῖσα
870 652 967 749 τοῦ
1001 654 1274 726 σώματος,
1321 660 1414 713 καὶ
1463 664 1643 731 γυμνὴ
1694 660 1805 713 τῶν
1834 662 2033 733 ἑαυτῆς
2059 665 2321 732 γενομένη
2364 663 2589 728 παθῶν,
2641 664 3009 739 καθαρότερὸν
3056 688 3114 722 τε
3168 672 3229 725 τὸ
3287 678 3722 743 μνημονευτικδν
3771 679 3952 749 αὐτῆς

692 745 811 797 τότε
842 747 1085 816 φέρουσα
1105 791 1119 814 ,
1150 753 1243 805 καὶ
1270 752 1367 823 τὴν
1396 756 1589 824 νοεράν
1654 756 1939 827 αίσθησιν,
1965 757 2074 809 τῶν
2106 757 2303 826 ἑαυτῆς
2342 757 2671 827 τρανότερον
2703 761 3078 831 μνησθήσεται
3112 762 3389 834 πράξεων,
3421 765 3453 836 ἢ
3485 766 3574 821 ὅτε
3604 767 3685 821 ἔτι
3717 745 3944 832 (intui.

692 837 867 905 (Deest
898 840 1132 908 folium.)
2069 912 2083 928 '

764 933 892 988 5....
911 930 974 987 Et
993 935 1144 989 chori
1167 946 1560 1005 tres:quorum
1582 938 1790 1008 primus
1820 939 2076 995 trinarius
2105 942 2259 1000 ordo.

2432 946 2572 1007 γ’..η
2611 939 2718 992 Καὶ
2754 940 2933 1005 τάξεις
2959 945 3110 1013 τρεῖς
3136 962 3149 975 ·
3186 945 3301 1000 ἐστι
3337 947 3394 1001 δὲ
3428 950 3455 1001 ὀ
3489 949 3709 1019 πρῶτος
3741 952 3956 1019 τριαδι-

695 1024 925 1089 Throni,
951 1025 1271 1092 Clieruhim,
1298 1030 1584 1101 Seraphin:
1621 1049 1634 1085 :
1660 1033 1715 1086 hi
1756 1044 1881 1087 sunt
1902 1035 2007 1088 loci
2029 1037 2260 1105 quietis:

2367 1032 2458 1094 κὸς
2489 1032 2789 1102 διάκοσμος
2819 1032 3022 1104 θρόνοι,
3055 1038 3342 1106 χερουϐιμ,
3377 1042 3623 1109 σεραφίμ
3644 1058 3658 1072 ·
3692 1034 3851 1095 οὗτοί
3882 1044 3961 1094 εῖ-

695 1114 783 1168 1ιίσ
834 1116 1038 1184 quietis
1089 1132 1227 1185 aqua
1281 1118 1420 1173 Deus
1476 1130 1576 1186 est,
1612 1137 1773 1191 supra
1833 1124 2029 1178 solium
2081 1125 2264 1195 gloria:

2366 1140 2449 1175 σιν
2473 1124 2521 1175 οἱ
2545 1123 2703 1177 τόποι
2728 1124 2829 1194 τῆς
2851 1127 3213 1190 ἀναπαύσεως
3236 1145 3250 1161 ο
3281 1128 3410 1182 ἔνθα
3434 1135 3494 1184 τὸ
3520 1130 3665 1202 ὕδωρ
3691 1131 3796 1202 τῆς
3821 1133 3958 1185 ἀνα-

690 1206 890 1261 scdens
938 1208 1277 1279 praemiaque
1344 1212 1597 1280 centupla
1658 1215 1890 1269 reddens
1926 1215 1988 1269 iis
2027 1217 2115 1287 qui
2155 1218 2263 1271 fru-

2366 1213 2619 1277 παύσεώς
2648 1216 2797 1269 ἐστιν
2823 1218 2851 1269 ὁ
2878 1218 3033 1284 Θεὸς,
3065 1221 3158 1272 ἐπὶ
3188 1220 3380 1290 θρόνου
3412 1222 3571 1290 δόξης
3603 1223 3954 1293 καθήμενος,

688 1309 836 1352 ctum
868 1300 934 1355 ad
968 1302 1266 1370 perfectam
1314 1305 1557 1372 centupli
1606 1322 1920 1361 mensuram
1981 1309 2258 1375 tulerunt;

2368 1308 2458 1358 mi
2506 1307 2799 1378 ἀπονέμων
2843 1309 3357 1374 ἑκατονταπλασίως
3402 1313 3502 1375 τὰς
3547 1313 3793 1376 ἀμοιϐὰς
3839 1317 3958 1377 τοῖς

689 1392 987 1457 secundus,
1020 1393 1458 1461 Dominationes,
1484 1395 1732 1452 Virtutes
1792 1407 1845 1451 ct
1902 1397 2208 1453 Potestates
2240 1418 2250 1452 :

2368 1401 2447 1458 εἰς
2474 1400 2564 1452 τὸν
2590 1400 2794 1453 τέλειον
2825 1398 2919 1453 τοῦ
2950 1401 3243 1455 ἑκατοστοῦ
3278 1404 3479 1472 μέτρου
3510 1407 3960 1475 καρποφορήσει-

689 1484 741 1538 hi
783 1494 909 1539 sunt
945 1487 1335 1541 viridesccntes
1374 1490 1728 1545 recreationis
1780 1489 1906 1551 loci,
1931 1490 2021 1546 hic
2050 1491 2257 1559 placida

2370 1504 2452 1540 σιν
2478 1504 2494 1519 ⁸
2526 1492 2554 1542 ὁ
2584 1489 2834 1560 δεύτερος
2865 1491 3208 1561 κυριότητες,
3242 1493 3506 1563 δυνάμεις
3534 1497 3629 1548 καὶ
3660 1494 3921 1559 ἐξουσίαι
3944 1511 3958 1526 ·

693 1578 929 1647 Spiritus
977 1580 1152 1634 sancti
1204 1581 1378 1650 gratia
1417 1581 1700 1635 innumera
1757 1583 1975 1652 praemia
2023 1584 2259 1654 largiens

2366 1579 2512 1632 οὗτοί
2542 1583 2679 1632 εἰσιν
2706 1582 2754 1633 oi
2791 1581 3004 1652 χλοεροὶ
3036 1585 3136 1653 τῆς
3170 1583 3496 1653 ἀναψύξεως
3524 1586 3680 1640 τόποι
3704 1627 3721 1651 ,
3750 1588 3784 1655 ἡ
3822 1587 3962 1655 χλόη

690 1668 777 1723 his
808 1670 897 1738 qui
942 1671 1008 1723 ad
1042 1685 1361 1725 mensuram
1406 1673 1800 1742 sexagesimam
1843 1672 2080 1728 fructum
2123 1674 2257 1729 tule-

2365 1670 2462 1736 τῆς
2505 1670 2599 1723 τοῦ
2641 1671 2798 1738 ἀγίου
2841 1672 3163 1743 Πνεύματος
3203 1676 3587 1739 ἀναπαύσεως,
3633 1678 3968 1746 παρέχουσα

689 1770 849 1827 runt;
889 1763 1104 1829 tertius,
1157 1762 1528 1832 Principatus,
1580 1764 1927 1835 Archangcli,
1953 1765 2166 1835 Angeli:
2203 1766 2256 1820 hi

2364 1761 2743 1816 πολλαπλάσια
2777 1764 2846 1817 τά
2888 1763 3117 1835 βραδεῖα
3155 1769 3267 1830 τοῖς
3304 1768 3386 1831 είς
3418 1767 3479 1821 τδ
3523 1770 3692 1838 μέσον
3726 1770 3830 1822 τοῦ
3879 1770 3968 1835 ἐξ·

686 1865 814 1908 sunt
840 1855 1112 1925 splendidi
1154 1856 1432 1927 divinique
1462 1857 1585 1924 loci,
1634 1858 1723 1911 uhi
1771 1858 1971 1925 quietis
2003 1858 2254 1913 laberna-
2284 1879 2331 1938 Β

2313 1881 2331 1937 ι
2363 1853 2598 1924 ηκοστοῦ
2629 1854 2830 1925 μέτρου
2856 1858 3352 1927 καρποφορήσασιν
3372 1875 3385 1888 ’
3414 1860 3442 1911 ὀ
3464 1859 3645 1929 τρίτος
3671 1860 3730 1912 δὲ
3758 1862 3966 1930 ἀρχαί,

686 1946 894 2013 culum,
924 1946 1047 2003 caeli
1081 1949 1205 2003 novi
1257 1963 1505 2018 novaque
1536 1959 1680 2003 terra
1709 1966 1721 2001 :
1756 1948 1846 2002 hic
1877 1959 1960 2003 est
1991 1949 2070 2003 sol
2094 1950 2254 2018 justi-

2363 1945 2734 2016 ἀρχάγγελοι,
2780 1947 3041 2015 ἄγγελοι·
3087 1942 3234 2003 οὗτοί
3276 1951 3416 2005 εἰσιν
3461 1951 3510 2005 οἱ
3555 1954 3823 2019 φωτεινοὶ
3871 1954 3970 2004 καὶ

687 2039 775 2093 tiae
802 2038 1054 2095 Christus
1082 2039 1228 2095 Deus
1265 2051 1471 2105 noster,
1490 2042 1716 2111 justitize
1756 2056 1988 2097 coronas
2017 2041 2256 2112 largiens

2365 2039 2498 2093 θεῖοι
2524 2042 2705 2104 τόποι,
2732 2041 2861 2096 ἔνθα
2889 2042 2923 2111 ἡ
2961 2039 3134 2111 σκηνὴ
3161 2040 3262 2109 τῆς
3291 2042 3714 2106 καταπαύσεως,
3749 2045 3800 2095 οἱ
3839 2060 3971 2095 και-

686 2132 753 2186 iis
806 2132 898 2201 qui
949 2132 1015 2187 ad
1074 2148 1391 2187 mensuram
1462 2134 1794 2188 tricesimam
1856 2134 2145 2189 ministerii
2192 2149 2256 2189 ac

2364 2132 2445 2185 νοὶ
2474 2131 2695 2201 οὐρανοὶ
2725 2132 2817 2184 καὶ
2846 2134 2881 2203 η
2910 2135 3071 2203 καινὴ
3102 2132 3175 2200 γῆ
3204 2170 3219 2197 ,
3256 2132 3348 2184 καὶ
3378 2134 3406 2185 ὁ
3434 2132 3589 2202 ἥλιος
3616 2134 3720 2201 τῆς
3745 2134 3970 2186 δικαιο-

686 2225 1068 2280 retrihutionis
1133 2224 1370 2281 fructum
1432 2227 1745 2296 centuplum
1811 2227 2053 2281 tulerunt
2109 2243 2122 2279 :
2174 2228 2257 2281 vir

2364 2225 2533 2294 σύνης
2563 2225 2679 2277 ἐστὶ
2709 2225 2944 2295 Χριστὸς
2973 2226 3001 2278 ὁ
3028 2224 3161 2288 Θεὸς
3189 2223 3348 2293 ήμῶν
3376 2224 3669 2287 ἀποδιδοὺς
3695 2226 3836 2288 τοὺς
3865 2226 3972 2294 τῆς

684 2316 832 2370 enim
868 2325 1094 2372 sanctus
1137 2317 1280 2386 apud
1334 2332 1435 2372 nos
1467 2318 1827 2371 hierarchiam
1881 2330 1936 2372 et
1982 2319 2252 2383 ordinem,

2360 2313 2706 2384 δικαιοσύνης
2750 2315 3051 2383 στεφάνους
3084 2316 3197 2377 τοῖς
3239 2314 3322 2376 είς
3356 2314 3653 2386 τριάκοντα
3690 2315 3787 2368 τδν
3827 2316 3971 2368 στά-

685 2406 939 2460 caalcSIes
988 2406 1128 2460 inter
1177 2406 1429 2471 virtutes,
1463 2407 1518 2461 in
1566 2408 1843 2476 proprium
1902 2409 2251 2463 lucrabitur:

2362 2422 2461 2474 χυν
2522 2406 2622 2474 τῆς
2662 2405 2999 2476 προστασίας
3042 2404 3272 2474 καὶτῆς
3312 2405 3654 2475 ἀντιλήψεως
3687 2406 3803 2459 τῶν
3840 2407 3968 2459 διο-

688 2498 847 2567 cujus
900 2498 1079 2553 locum
1141 2510 1375 2569 occupat
1429 2501 1480 2553 in
1534 2481 1901 2555 ecclesiastica
1952 2501 2095 2568 apud
2156 2515 2255 2555 nos

2365 2497 2562 2565 μένωνί
2585 2496 2859 2566 πολύχουν
2900 2496 3396 2566 καρποφορήσασιν
3424 2512 3439 2527 ⁸
3479 2497 3627 2559 ὅστις
3670 2497 3788 2549 τῶν
3834 2498 3967 2551 καθ’

687 2590 1017 2654 hierarchia,
1049 2592 1115 2646 ad
1154 2593 1291 2645 hanc
1322 2602 1444 2661 po~t
1485 2592 1694 2647 obitum
1728 2601 1972 2655 evectus,
1999 2601 2053 2645 et
2092 2590 2256 2660 hujus

2360 2588 2509 2657 ἡμᾶς
2536 2588 2701 2657 ἱερῶν
2726 2586 2940 2658 ἀνδρῶν
2962 2587 3023 2640 τὸ
3050 2588 3181 2640 ἴδιον
3206 2588 3472 2657 κτήσεται
3501 2588 3632 2656 μιᾶς
3657 2589 3966 2657 ἱεραρχίας

688 2683 861 2736 haeres
912 2682 1140 2738 eﬂ‘ectus
1201 2685 1468 2753 quiescet,
1530 2684 1708 2737 lucum
1768 2684 1940 2753 ipsum
2005 2685 2253 2750 sortitus,

2364 2682 2460 2734 καὶ
2493 2681 2704 2746 τάξεως
2740 2680 2850 2734 τῶν
2887 2680 3004 2733 ἄνω
3037 2679 3326 2749 δυνάμεων
3348 2694 3366 2713 ο
3393 2674 3476 2749 Ῐῆς
3511 2677 3835 2747 ἀναπληροῖ
3866 2678 3966 2731 τὸν

683 2773 889 2826 «larum
914 2772 1008 2827 Dei
1035 2773 1232 2841 quietis
1262 2772 1616 2827 domicilium.

2362 2772 2528 2824 τόπον
2558 2773 2615 2823 ὲν
2641 2773 2706 2841 τῇ
2740 2772 3174 2842 ὲκκλησιαστικῇ
3206 2772 3303 2824 καὶ
3333 2770 3458 2825 καθ’
3485 2770 3633 2840 ἡμᾶς
3664 2768 3963 2839 ίεραρχίᾳ,

685 2869 742 2916 ἐν
776 2867 959 2937 ἐκείνῃ
1026 2867 1117 2919 καὶ
1159 2866 1297 2935 μετὰ
1372 2866 1575 2934 πότμον
1634 2866 2014 2934 ἀνερχόμενος,
2051 2865 2143 2916 καὶ
2207 2864 2613 2931 συναπτόμενος
2661 2867 2838 2936 αὐτῇ,
2870 2864 3251 2929 ἀναπαύεται,
3282 2863 3449 2917 τόπον
3475 2862 3645 2933 αὐτὴν
3671 2863 3965 2934 εὑρίσκων

688 2956 823 3011 Θεοῦ
855 2959 1116 3027 φωτεινὸν
1146 2960 1528 3023 ἀναπαύσεως.

760 3057 813 3108 τί.
864 3054 1219 3111 Peccatorum
1272 3058 1467 3112 anima:
1502 3058 1763 3121 tenebris.
1798 3067 1849 3111 et
1894 3059 2255 3113 immunditiis

2432 3061 2493 3114 δ’.
2535 3061 2597 3113 Αἱ
2626 3061 2682 3115 δὲ
2709 3061 2878 3130 ψυχαὶ
2905 3061 3013 3115 τῶν
3040 3060 3383 3131 ἁμαρτωλῶν
3412 3060 3575 3114 αὗται
3605 3060 3684 3121 ὡς
3720 3058 3966 3130 πλήρεις

690 3155 744 3197 et
810 3156 1052 3201 stercore
1108 3147 1175 3200 ab
1235 3148 1444 3214 angelis
1481 3148 1575 3202 ira:
1629 3146 1892 3201 ministris
1943 3146 2329 3228 foedantur;c

2310 3168 2329 3228 Ξ
2365 3152 2566 3221 ζόφου,
2614 3156 2707 3206 καὶ
2752 3152 3054 3222 δυσοσμίας
3098 3155 3194 3205 καὶ
3241 3153 3416 3220 ῥύπου
3466 3151 3620 3220 παρά
3665 3151 3963 3205 κολαστῶν

690 3248 854 3306 atque
889 3237 976 3293 his
1025 3239 1267 3293 tenebris
1324 3239 1599 3305 involutm,
1656 3240 1837 3294 inritae
1886 3247 1941 3293 et
1990 3254 2118 3294 cum
2150 3247 2258 3294 tre-

2366 3252 2615 3319 ἀγγέλων
2671 3250 2766 3303 καλ⁸
2827 3248 3142 3313 σκοτεινῶν,
3183 3247 3500 3318 ἀϐουλήτως
3535 3247 3631 3300 καὶ
3672 3246 3824 3315 μετά
3862 3247 3967 3314 φό-

691 3347 867 3397 more,
899 3340 956 3387 et
995 3347 1194 3401 pavore
1216 3342 1269 3387 et
1313 3343 1458 3386 metu
1498 3333 1563 3386 ad
1598 3331 1805 3385 inferos
1838 3339 1892 3385 et
1919 3330 1973 3384 in
1998 3332 2260 3386 obscuros

2368 3341 2463 3394 σου
2496 3341 2695 3405 δεινοῦ,
2728 3343 2933 3412 τρόμου
2965 3358 3024 3394 τε
3059 3340 3152 3393 καὶ
3182 3338 3405 3403 δειλίας,
3436 3340 3516 3401 είς
3576 3337 3711 3407 ᾆδου
3746 3340 3965 3407 μυχοὺς

688 3441 940 3482 carceres
967 3438 1238 3497 protrusas
1274 3425 1571 3480 immundis
1603 3425 1887 3494 Spiritihus
1930 3434 1988 3477 ut
2018 3422 2259 3478 custodi-

2367 3435 2462 3487 καὶ
2500 3434 2578 3494 είς
2619 3434 2867 3504 φρουρὰς
2901 3433 3178 3503 γνοφεράς
3218 3432 3591 3500 ἀπαγόμεναι,
3626 3430 3966 3499 παραδίδον-

688 3518 787 3568 bus
826 3514 1135 3568 traduntur.
1198 3513 1295 3568 llic
1347 3513 1699 3567 tenebrarum
1759 3514 2017 3582 princeps
2066 3511 2257 3566 aeterni

2367 3541 2457 3577 ται
2488 3523 2856 3595 φρουράρχοις
2886 3523 3199 3593 πνεύμασιν
3228 3523 3564 3590 ἀκαθάρτοις
3584 3561 3599 3584 ,
3633 3520 3769 3573 ἔνθα
3798 3522 3830 3573 ὀ
3866 3519 3965 3573 τοῦ

686 3607 829 3676 ignis
872 3605 1106 3661 ﬂammis
1155 3613 1349 3674 captus
1390 3605 1689 3659 includitur
1735 3620 1859 3660 cum
1910 3605 2076 3660 sociis
2119 3606 2254 3660 suis.

2366 3617 2594 3679 σκότους
2641 3617 2826 3687 ἄρχων
2868 3616 2950 3679 είς
2994 3616 3168 3686 πυρὸς
3212 3614 3434 3669 αἰωνίου
3478 3613 3733 3683 τηρεῖται
3781 3611 3971 3665 ὑπέκ-

686 3698 841 3753 Stire
871 3712 1097 3753 necesse
1127 3707 1212 3752 cst
1244 3696 1391 3767 quod
1424 3697 1652 3767 mystica
1680 3695 1854 3753 oﬂicia
1903 3707 1957 3751 et
1991 3696 2258 3751 sacrificia

2363 3724 2554 3775 καυμα
2583 3707 2723 3774 μετά
2750 3708 2858 3760 τῶν
2884 3706 3089 3776 ὁμοίων
3114 3705 3303 3759 αὐτοῦ.
3337 3702 3538 3757 ’ἰστέον
3563 3704 3647 3756 ὅτι
3672 3704 3730 3754 αἱ
3760 3717 3970 3771 μυστι·

685 3806 785 3858 pro
816 3791 902 3845 his
942 3791 1032 3859 qui
1074 3791 1267 3844 mortis
1308 3800 1591 3860 peccatum
1640 3791 2037 3845 commiserunt
2079 3789 2256 3844 oblata

2365 3801 2457 3852 καὶ
2485 3798 2704 3853 τελεταὶ
2730 3799 2824 3852 καὶ
2854 3797 3036 3850 θυσίαι
3069 3796 3212 3866 ὑπὲρ
3238 3795 3349 3848 τῶν
3378 3793 3743 3865 ἁμαρτόντων
3772 3793 3976 3861 ἀμαρ-

685 3885 997 3938 i'rustranea
1032 3892 1191 3949 sunt;
1225 3882 1309 3937 his
1337 3896 1465 3936 vero
1520 3882 1613 3950 qui
1652 3882 1779 3935 talia
1828 3896 1936 3935 non
1966 3880 2257 3935 commise-

2362 3891 2488 3944 τίαν
2527 3891 2626 3960 τὴν
2662 3890 2798 3961 πρὸς
2837 3888 3071 3943 θάνατον
3106 3888 3389 3956 γινόμεναι
3434 3885 3615 3954 μάτην
3655 3883 3927 3951 γίνονται
3954 3898 3971 3912 ·

687 3984 814 4030 runt
840 3974 1079 4029 maxime
1116 3983 1369 4045 prosunt.
1402 3971 1693 4027 Peccatum
1737 3972 1967 4027 mortale
2001 3971 2258 4026 incredu—

2360 3985 2472 4046 τοῖς
2511 3983 2568 4034 δὲ
2609 3982 2683 4052 μὴ
2740 3983 2912 4044 οὕτως
2950 3980 3341 4050 ἁμαρτήσασιν
3384 3974 3658 4045 ὠφελοῦσι
3691 3974 3763 4027 τὰ
3803 3976 3976 4043 μέγι-

687 4067 809 4120 litas
831 4076 936 4128 est,
962 4066 1367 4136 etdesperatio,
1394 4066 1746 4135 impwnitcns
1779 4080 1893 4128 cor,
1928 4074 1983 4119 et
2007 4064 2257 4134 blasphe-

2363 4090 2484 4128 στα.
2502 4071 2568 4125 ἐἰ
2603 4072 2660 4125 δὲ
2680 4070 2815 4141 πρὸς
2836 4069 3067 4123 θάνατον
3101 4065 3346 4137 ἁμαρτία
3378 4064 3527 4118 ἐστὶν
3543 4060 3850 4132 ὴάπιστία,
3876 4060 3976 4113 καὶ

688 4158 794 4210 mia
822 4157 1062 4225 Spiritus
1088 4157 1286 4219 sancti,
1324 4166 1377 4210 et
1402 4154 1684 4211 Christum
1736 4170 1958 4224 negare,
1992 4163 2046 4209 ct
2080 4154 2254 4210 haere-

2361 4167 2394 4234 ἡ
2420 4166 2755 4232 ἀπόγνωσις,
2778 4163 2873 4215 καὶ
2905 4162 2967 4213 τὸ
3002 4162 3079 4230 μὴ
3114 4159 3417 4228 μετανοεῖν,
3439 4156 3535 4209 καὶ
3566 4155 3599 4223 ἠ
3633 4152 3976 4235 βλασφημία

690 4253 854 4305 ticum
887 4252 939 4304 in
973 4251 1153 4321 aliqua
1187 4250 1377 4304 husresi
1422 4257 1700 4304 mortuum
1731 4264 1873 4302 esse.

2370 4254 2464 4307 τοῦ
2535 4255 2690 4323 ἁγίου
2739 4252 3089 4321 Πνεύματος,
3150 4249 3243 4302 καὶ
3305 4248 3367 4301 τδ
3433 4245 3784 4317 ἀρνήσασθαι
3875 4244 3972 4296 τὶν

2375 4346 2631 4413 Χριστὸν,
2656 4344 2755 4397 καὶ
2784 4344 2844 4395 τὸ
2877 4340 3153 4413 αἱρετικὸν
3173 4339 3471 4394 ἀποθανεῖν
3500 4338 3559 4389 ὲν
3589 4335 3811 4405 αἱρέσει
3826 4335 3971 4387 τινί.

758 4435 813 4489 5.
857 4433 961 4488 Sed
1026 4434 1159 4488 illud
1206 4448 1422 4501 quoque
1476 4431 1618 4485 scire
1673 4444 1897 4485 necesse
1952 4439 2056 4493 est,
2110 4429 2258 4499 quod
2292 4425 2336 4480 D

2329 4435 2336 4471 ⁵
2437 4436 2497 4493 ε’.
2541 4437 2662 4507 Χρὴ
2711 4436 2804 4489 καὶ
2848 4435 3009 4488 τοῦτο
3052 4432 3367 4501 γινώσκειν,
3412 4431 3495 4483 ὅτι
3537 4428 3639 4491 τᾶς
3683 4428 3982 4496 τεσσαρά-

684 4525 1042 4597 quadraginta
1098 4525 1339 4580 diuturni
1408 4524 1587 4577 luctus
1642 4523 1758 4578 dies
1800 4520 2086 4593 tripliciter
2131 4535 2257 4589 par-

2367 4536 2531 4584 κοντα
2565 4531 2786 4599 ἡμέρας
2818 4527 2911 4581 τοῦ
2950 4523 3182 4579 παλαιοῦ
3220 4524 3453 4585 πένθους
3485 4522 3653 4592 τριχῆ
3687 4519 3984 4582 διελόντες

686 4620 768 4674 ιίιὶ
821 4630 949 4675 sunt
1004 4618 1254 4690 apostoli,
1318 4617 1371 4669 in
1428 4616 1625 4682 tertia,
1706 4630 1849 4668 nona
1908 4624 1964 4669 et
2022 4614 2259 4684 quadra-

2364 4627 2413 4678 οἱ
2440 4623 2752 4688 ἀπόστολοι,
2787 4621 2867 4683 είς
2898 4620 3077 4691 τρίτα,
3112 4618 3309 4672 ἕννατα
3366 4614 3465 4671 καὶ
3497 4615 3939 4683 τεσσαρακοπά
3962 4630 3980 4645 ·

686 4713 914 4780 gcsima.
988 4710 1069 4765 Ita
1138 4710 1299 4764 etiam
1380 4708 1645 4762 Dominus
1724 4708 1841 4775 ipse
1898 4713 2021 4776 post
2080 4706 2257 4760 tertia‘.

2366 4714 2539 4779 οὓτως
2573 4716 2684 4786 γάρ
2718 4714 2815 4769 καὶ
2847 4712 3013 4774 αὐτὸς
3048 4714 3075 4764 ὁ
3110 4709 3317 4775 Κύριος
3353 4706 3493 4778 μετά
3524 4708 3623 4775 τὴν
3657 4706 3986 4774 τριήμερον

684 4804 791 4857 diei
853 4802 1314 4856 resurrectionem
1364 4801 1605 4869 seipsum
1656 4798 1940 4869 discipulis
1995 4798 2257 4863 ostendit,

2364 4808 2584 4876 ἔγερσιν
2612 4804 2777 4858 αὐτοῦ
2804 4803 3149 4873 ἐφανέρωσεν
3177 4798 3371 4851 ἑαυτὸν
3396 4798 3511 4859 τοῖς
3541 4794 3988 4865 μαθηταῖς,τῶν

680 4895 863 4961 jaimis
916 4894 1138 4958 clausis,
1200 4902 1256 4947 et
1310 4891 1605 4947 insuiilavit
1668 4891 1861 4945 dicens
1935 4907 1950 4945 :
2016 4890 2262 4959 Accipite

2367 4901 2548 4969 θυρῶν
2581 4896 3008 4965 κεκλεισμένων,
3034 4893 3128 4947 καὶ
3162 4889 3498 4960 ἐνεφύσησεν
3528 4888 3717 4948 αὐτοῖς
3753 4885 3942 4953 λέγων
3968 4901 3984 4914 ·

685 4988 951 5057 Spiritum
988 4986 1286 5042 sanctum‘:
1320 4998 1375 5042 et
1410 4995 1529 5055 post
1560 4985 1678 5041 dies
1706 4995 1830 5040 octo
1877 4997 2005 5040 ecce
2042 4983 2262 5049 iterum,

2371 4988 2592 5044 Λάϐετε
2626 4986 2873 5056 Πνεῦμα
2902 4986 3101 5052 ἅγιον.
3133 4982 3244 5035 Καὶ
3278 4978 3398 5050 μεθ’
3423 4978 3644 5048 ἡμέρας
3676 4975 3835 5029 ὀκτὼ
3868 4975 3990 5026 πά-

689 5088 809 5148 ιωι
839 5080 1301 5134 resurrectionem
1335 5078 1475 5133 intra
1502 5086 1626 5132 octo
1648 5077 1782 5140 dies,
1810 5077 1992 5130 denuo
2015 5074 2268 5145 apparuit

2369 5081 2453 5132 λιν
2482 5079 2592 5133 ἰδοὺ
2623 5078 2761 5149 μετά
2787 5078 2885 5147 τὴν
2916 5076 3213 5129 ἀνάστασιν
3244 5071 3395 5133 ἐντὸς
3418 5069 3530 5122 τῶν
3553 5067 3705 5120 ὀκτὼ
3737 5067 3988 5136 ἡμερῶν

686 5175 789 5224 eis.
830 5170 1180 5242 Evangelista
1237 5171 1382 5225 enim
1421 5170 1551 5225 dum
1586 5169 1741 5234 dixit,
1790 5167 1922 5223 Post
1955 5166 2072 5220 dies
2116 5178 2261 5231 octo,

2373 5173 2631 5242 δεύτερον
2662 5171 2834 5239 ἐφάνη
2866 5169 3048 5231 αὐτοῖς
3073 5184 3086 5197 ·
3124 5165 3296 5218 εἰπὼν
3326 5164 3435 5232 γὰρ
3462 5163 3492 5215 ὁ
3519 5159 3944 5227 εὐαγγελιστὴς

688 5263 1113 5318 ιοιευιτεςιὶοηίε
1166 5262 1308 5318 diem
1359 5279 1467 5317 non
1515 5262 1851 5332 computavit
1900 5275 2006 5331 qua
2058 5260 2264 5313 inclusa

2368 5264 2497 5334 μεθ’
2528 5263 2755 5331 ἡμέρας
2808 5259 3001 5325 ὀκτὼ,
3049 5257 3150 5330 τὴν
3201 5254 3576 5322 ἀναστάσιμον
3630 5252 3859 5321 ἡμέραν
3916 5251 3990 5302 οὐ

688 5371 885 5410 novem
919 5366 1295 5411 numerantur.
1329 5355 1641 5411 Secundum
1677 5356 1815 5409 hanc
1862 5354 2127 5409 rationem
2166 5367 2265 5406 nos

2374 5355 2749 5425 συνηρίθμησε
2770 5369 2785 5384 ·
2820 5354 2937 5422 μετ’
2962 5351 3180 5421 ἐκείνης
3203 5346 3338 5417 γοῦν
3365 5346 3520 5400 ιννέα
3545 5341 3996 5413 καταριθμοῦν-

685 5468 749 5504 ι·κ
780 5450 867 5504 die
893 5450 1189 5520 sepultura:
1215 5449 1281 5503 ad
1311 5464 1511 5503 nonam
1544 5448 1628 5503 his
1673 5446 2263 5502 fuiterummemoriam

2372 5464 2496 5501 ται·
2530 5450 2672 5502 κατά
2701 5447 2833 5513 γοῦν
2862 5447 2954 5499 τὸν
2980 5445 3151 5499 τύπον
3178 5442 3371 5496 τοῦτον
3399 5440 3561 5510 ἡμεῖς
3595 5436 3711 5491 ἀπὺ
3742 5436 3852 5505 τῆς
3879 5452 3993 5489 τε·

686 5545 900 5612 agimus
952 5558 967 5597 :
1024 5540 1235 5612 pariter
1294 5548 1350 5596 et
1418 5540 1485 5595 de
1546 5540 1929 5610 quadraginta,
1994 5539 2262 5609 siquidem

2378 5541 2485 5611 φῆς
2513 5540 2618 5603 ἓως
2642 5541 2753 5593 τῶν
2780 5539 3017 5595 ὲννάτων
3042 5536 3299 5605 δεύτερον
3322 5534 3419 5596 τὰς
3448 5530 3641 5602 μνείας
3664 5528 3785 5582 τῶν
3809 5527 3993 5581 ὁσίων

688 5636 1109 5708 quadragesima
1141 5636 1230 5690 die
1260 5642 1577 5704 asstunptus
1609 5642 1693 5689 est
1735 5634 2021 5688 Dominus.

2376 5635 2803 5705 κεκοιμημένων
2860 5630 3219 5702 ἐπιτελοῦμεν
3246 5645 3261 5662 ο
3298 5627 3496 5700 ὁμοίως
3519 5626 3576 5679 δὲ
3612 5626 3713 5676 καὶ
3748 5621 3821 5675 τά
3853 5636 3978 5673 τεσ-

691 5731 1007 5802 ςαρκκοστὰ
1029 5771 1044 5797 ,
1077 5729 1266 5796 ἐπειδὴ
1300 5730 1363 5800 τῇ
1398 5730 1811 5799 τεσσαρακοστῇ
1849 5728 2035 5799 ἡμέρᾳ
2070 5726 2349 5796 ἀνελήφθη
2381 5730 2406 5780 ὁ
2436 5728 2662 5793 Κύριος.
