4186 6430
246 412 353 476 913

786 520 1131 579 ΕΠΙΣΤΟΛΙῙ
1172 524 1277 578 IH'.

255 638 343 705 Τῷ
361 638 683 709 τιμιωτάτῳ
693 637 937 708 μοναχῷ
957 637 1057 709 καί
1070 637 1403 709 δομεστίκῳ
1420 637 1577 709 κορῷ
1592 637 1815 705 Ἡσαΐᾳ.

319 740 387 750 -
408 707 473 763 El
497 708 610 778 χρὴ
633 707 958 776 προσέχειν
976 707 1099 773 τοῖς
1122 707 1432 778 λέγουσιν,
1450 707 1539 778 ὅτι
1559 711 1618 761 αὶ
1638 709 1818 762 ἀπελ-

319 776 537 833 θοῦσαι
560 779 680 831 τῶν
699 778 883 846 ἁγίων
906 778 1099 846 ψυχαὶ
1126 776 1277 846 κατὰ
1304 794 1435 846 ruga
1460 777 1650 831 τόπον
1671 781 1818 832 ἀνα·-

323 850 657 918 πιιυόμεναι
675 844 811 901 οὔτε
842 844 1081 918 δέονται
1102 844 1253 918 ὑπὲρ
1277 844 1469 918 ἡμῶνἱ
1483 850 1821 918 αὐτοπροσ-

321 915 493 983 (sum
539 916 617 979 τῷ
649 917 883 985 Χριστῷ
912 916 1367 985 παριστάμεναι,
1402 915 1539 969 οὔτε
1574 917 1699 983 τοῖς
1724 917 1819 969 ὲν-

319 986 510 1041 ταῦθα
538 987 695 1052 ὅλως
724 986 1080 1055 ἐφίστανται
1103 1000 1117 1015 ’
1149 986 1251 1039 καί
1286 986 1419 1053 περὶ
1451 985 1684 1054 ψυχῆς.

322 1103 393 1150 α’.
415 1097 477 1152 Οἱ
505 1097 830 1159 ἀπελθόντες
856 1096 1025 1165 ἀγιοι,
1054 1094 1236 1158 καθὼς
1262 1096 1645 1167 ἐδιδάχθημεν,
1670 1097 1822 1152 οῦπω

254 1189 356 1256 μὲν
407 1188 736 1258 ἐκομίσαντο
786 1190 883 1256 τὴν
930 1189 1262 1257 ἐπαγγελίαν
1312 1190 1555 1260 δι’ήμᾶς
1605 1190 1823 1252 πάντως

252 1284 398 1335 κατά
423 1283 516 1335 τὸν
547 1282 721 1353 μέγαν
756 1281 1101 1347 Ἀπόστολον,
1134 1281 1222 1336 ἵνα
1254 1283 1329 1355 μή
1359 1284 1525 1354 χωρὶς
1553 1285 1586 1353 ή
1597 1284 1712 1353 μῶν
1738 1301 1824 1337 τε-

247 1374 551 1428 λειωθῶσιν
574 1391 587 1405 ο
614 1373 911 1444 ἀρραϐῶνα
937 1374 984 1428 δ’
1002 1376 1151 1444 ὅμως
1178 1376 1444 1445 ἐσχήκασι
1470 1376 1576 1429 τῶν
1600 1377 1824 1429 ἀποκειη

258 1469 442 1534 μένων
476 1467 660 1529 αὐτοῖς
701 1466 924 1533 ἀγαθῶν
960 1465 1102 1519 κατά
1134 1465 1227 1519 τὸν
1262 1468 1688 1537 χρυσορῤήμονα
1732 1465 1825 1517 καὶ

250 1555 399 1609 θεῖον
433 1554 682 1624 Ἰωάννην
716 1554 777 1607 τὸ
816 1554 956 1624 μετά
992 1553 1309 1625 παρρησίας
1347 1551 1713 1623 παρίστασθαι
1748 1552 1827 1621 τῷ

248 1642 395 1712 Θεῷ,
420 1644 480 1697 τὸ
514 1642 732 1696 δέεσθαι
772 1641 910 1712 ὑπὲρ
935 1641 1127 1711 ἡμῶν,
1165 1642 1259 1694 καὶ
1291 1641 1350 1695 τὸ
1389 1643 1653 1710 κατάγειν
1689 1641 1826 1711 πρὸς

247 1734 401 1804 ἡμᾶς
428 1733 635 1787 ἄνωθεν
663 1734 771 1787 πᾶν
796 1732 1027 1801 δώρημα
1052 1732 1277 1785 τέλειον.
1303 1732 1425 1785 Ὀτι
1454 1731 1511 1785 δὲ
1537 1730 1709 1785 ταῦτα
1737 1730 1827 1784 οῦ-

245 1836 359 1884 τως
393 1820 539 1891 ἐχει,
578 1823 672 1876 καὶ
706 1817 872 1874 αὐτοῦ
903 1819 996 1873 τοῦ
1032 1819 1302 1890 Κυρίλλου
1336 1819 1587 1888 λέγοντος
1618 1821 1781 1876 ἄκουε
1807 1837 1822 1853 ο

260 1877 555 1983 Ἦ-λοιγική
588 1913 736 1983 ψυχὴ
769 1914 861 1967 καὶ
898 1915 1036 1982 μετά
1063 1877 1162 1982 την
1192 1912 1286 1965 τοῦ
1321 1877 1584 1982 σώματος
1607 1912 1822 1983 ἀναχώ-
1857 1877 1898 1932 Β

250 2024 413 2077 ρησιν
452 2008 546 2059 καὶ
584 2003 652 2075 ζῇ
694 2004 788 2058 καὶ
824 2004 1070 2075 διαμένει
1110 2005 1206 2059 καὶ
1246 2004 1399 2059 λαλεῖ
1438 2005 1822 2076 καταλλήλως,

249 2099 347 2152 καὶ
376 2100 587 2170 ἐνεργεῖ
607 2114 621 2129 ·
652 2098 917 2162 ὡσαύτως
943 2099 1040 2152 καὶ
1064 2096 1199 2151 Θεοῦ
1228 2098 1665 2169 προστάσσοντος
1691 2097 1823 2149 ἀπο-

248 2189 531 2242 στέλλεται
558 2191 639 2253 είς
670 2188 818 2243 τόνδε
849 2190 938 2242 τὸν
969 2189 1082 2260 βῖον
1112 2190 1200 2243 διά
1228 2188 1429 2261 πολλὴν
1458 2188 1780 2258 εὐεργεσίαν
1805 2203 1819 2218 ⁸

242 2282 345 2333 καὶ
390 2281 499 2351 γάρ
548 2278 902 2351 αὐτοκίνητος
947 2276 1119 2343 οὖσα,
1163 2281 1415 2334 οὐδέποτε
1463 2278 1823 2351 ἀνενέργητος

248 2373 431 2441 μένει.
471 2370 636 2426 Ταῦτ’
659 2372 753 2426 οὖν
789 2371 1098 2425 ἐπιδεδαιοῖ
1136 2372 1233 2425 καὶ
1267 2373 1296 2425 6
1336 2372 1507 2443 μέγας
1550 2370 1824 2436 Βασίλειος

242 2462 396 2516 οὓτω
436 2463 609 2531 λέγων
634 2478 650 2495 ·
689 2462 908 2533 Ἀμέλει
944 2464 1037 2517 καὶ
1079 2462 1223 2516 κατά
1262 2462 1388 2526 τοὺς
1428 2462 1693 2530 ἀγγέλους
1730 2462 1824 2516 τοῦ

241 2555 567 2625 σωματικοῦ
614 2554 839 2608 λυθεῖσα
886 2553 1088 2625 δεσμοῦ
1139 2555 1173 2625 ή
1219 2554 1386 2625 ψυχή,
1431 2555 1713 2610 ἀναὸαίνει
1765 2572 1824 2609 τε

239 2649 343 2701 καὶ
369 2647 690 2703 καταϐαίνει
708 2688 724 2715 ,
752 2647 847 2701 καὶ
872 2646 1264 2701 ἀποστέλλεται
1290 2646 1358 2700 δι’
1382 2646 1703 2716 εὐεργεσίαν
1732 2647 1826 2700 καὶ

238 2740 516 2809 ὠφέλειαν
563 2739 818 2793 πολλῶνο
868 2740 1108 2810 ὁπηνίκα
1156 2738 1342 2792 λοιπδν
1391 2737 1676 2808 διηθῶμεν
1727 2739 1826 2807 τῆς

239 2833 431 2885 αὐτῶν
461 2831 742 2902 μεσιτεὶας
764 2848 824 2884 τε
855 2832 949 2885 καὶ
979 2831 1346 2901 ἀντιλήψεως,
1375 2832 1507 2884 ποτὲ
1539 2832 1638 2901 μὲν
1664 2830 1825 2884 αῦται

237 2923 318 2975 δι’
340 2923 549 2976 ἑαυτῶν
575 2924 704 2994 ήμῐν
732 2923 1073 2993 ἐφίστανται,
1103 2922 1234 2976 ποτὲ
1260 2923 1316 2976 δὲ
1344 2923 1459 2977 ἀντ’
1482 2924 1664 2978 αὐτῶν
1691 2924 1826 2977 θεῖοι

239 3016 558 3070 στέλλονται
589 3015 835 3084 ἄγγελοι,
863 3014 958 3067 καὶ
988 3013 1163 3067 ἐνίοτε
1194 3013 1333 3084 αὑτὴ
1366 3014 1397 3083 ή
1428 3014 1521 3067 τοῦ
1554 3015 1825 3084 παναγίου

238 3108 563 3179 Πνεύματος
611 3109 791 3180 χάρις,
837 3108 912 3171 ὼς
958 3106 1088 3171 οἶδε,
1122 3106 1442 3177 παραδόξως
1490 3105 1787 3161 ὁπτάνεται
1816 3122 1831 3138 ⁶

1584 412 1949 473 EPISTULA
1997 414 2212 471 XVIII.

1848 531 1899 587 A

3391 405 3487 465 91-5

2421 526 2757 581 EPISTULA
2816 524 3003 579 XVIII.

1921 641 2159 696 Maxime
2212 643 2504 696 venerando
2559 640 2808 693 monacho
2859 648 2910 693 et
2972 636 3252 692 domestico
3302 634 3491 685 domm

1990 711 2250 767 Isaiw.—
2284 712 2426 764 Num
2452 713 2740 765 adhibenda
2774 710 2899 777 ﬁdes
2927 710 2991 762 sit
3020 705 3329 766 dicentibus,
3358 702 3495 777 quod

1991 784 2111 835 hinc
2141 784 2395 852 profecta
2415 772 2943 852 sanctorumnnimw
2968 778 3023 830 in
3053 777 3281 852 aliquem
3307 772 3498 850 quietis

1993 845 2185 912 locum,
2226 845 2327 904 non
2371 851 2489 919 jam
2523 866 2615 918 pro
2658 849 2803 901 nobis
2856 862 3030 919 preces
3085 845 3303 919 faciunt,
3337 856 3397 919 ac
3442 845 3499 891 in

1994 930 2263 983 conspectu
2324 914 2532 975 Christi
2567 928 2798 972 astantes
2843 914 2990 970 nullo
3034 914 3189 969 modo
3250 914 3313 965 de
3357 918 3500 963 terra

1992 1001 2179 1043 curant
2209 1005 2226 1043 :
2260 992 2381 1043 item
2410 991 2471 1042 de
2498 990 2703 1043 anima.
3566 985 3572 991 ’

1996 1106 2046 1159 l.
2091 1104 2274 1158 Sancti
2314 1103 2439 1156 hinc
2472 1103 2744 1171 profecti,
2780 1111 2840 1156 ut
2872 1099 3217 1162 audivimus,
3249 1096 3498 1152 nondum

1926 1196 2316 1267 promissiones
2336 1205 2558 1265 propter
2580 1209 2682 1249 nos
2710 1192 3223 1262 acceperunt,juxta
3243 1204 3400 1260 magn
3411 1202 3501 1241 um

1925 1287 2268 1358 Apostolum,
2306 1301 2376 1340 ne
2412 1286 2640 1341 seorsim
2675 1301 2703 1338 a
2741 1284 2898 1338 nobis
2940 1280 3294 1351 perﬁciantur
3340 1294 3355 1331 :
3404 1279 3504 1331 bo-

1924 1397 2118 1435 norum
2160 1396 2289 1435 vero
2319 1381 2467 1449 ipsos
2506 1377 2842 1432 manentium
2893 1374 3091 1443 pignus
3116 1370 3499 1432 obtinuerunt,

1927 1471 2221 1523 secundum
2253 1468 2497 1521 divinum
2530 1465 2797 1521 Joannem
2835 1464 3312 1533 Chrysmtomum,
3352 1457 3507 1511 vide-

1925 1563 2052 1616 licet
2086 1561 2139 1614 in
2166 1570 2460 1628 conspectu
2490 1558 2582 1613 Dei
2622 1555 2940 1610 liducialiter
2972 1563 3151 1608 astare
3181 1588 3195 1613 ,
3221 1565 3322 1620 pro
3350 1549 3507 1603 nobis

1927 1668 2108 1730 orare,
2147 1659 2203 1707 et
2239 1651 2306 1706 ad
2340 1666 2442 1704 nos
2480 1664 2645 1704 omne
2682 1648 2885 1703 donum
2928 1643 3234 1716 perlectum
3266 1641 3506 1709 desuper

1925 1742 2141 1798 all‘erre.
2172 1740 2328 1808 Quod
2386 1748 2568 1795 autem
2627 1743 2739 1793 haec
2784 1738 2856 1791 ita
2913 1751 2971 1789 se
3024 1734 3278 1796 habeant,
3328 1732 3504 1798 ipsum

1926 1833 2187 1905 Cyrillum
2223 1833 2496 1888 dicentem
2530 1831 2654 1885 audi
2697 1845 2710 1882 :
2748 1825 3054 1881 Rationalis
3106 1823 3288 1878 anima
3340 1822 3506 1875 etiam

1929 1932 2053 1995 post
2087 1924 2336 1993 corporis
2362 1921 2693 1977 solutionem
2728 1929 2782 1972 et
2820 1917 2990 1982 vivit,
3020 1921 3076 1967 et
3110 1919 3415 1982 permanet.
3452 1916 3508 1961 et

1927 2016 2178 2071 similiter
2204 2015 2463 2084 loquitur,
2489 2022 2545 2069 et
2565 2013 2713 2082 agit;
2742 2010 2815 2064 ita
2839 2010 3025 2072 etiam,
3052 2004 3161 2059 Deo
3187 2002 3414 2072 iubente
3437 2000 3507 2054 ob

1925 2110 2150 2164 multam
2182 2108 2468 2163 utilitatem
2501 2106 2557 2161 in
2598 2106 2739 2159 hanc
2773 2102 2941 2157 vitam
2968 2098 3210 2153 mittitur
3238 2110 3254 2147 :
3299 2092 3506 2149 etenim

1927 2218 1957 2258 a
1987 2202 2165 2271 seipsa
2204 2209 2411 2255 motum
2444 2196 2742 2268 accipiens,
2771 2204 2895 2249 actu
2926 2205 3115 2247 carere
3145 2188 3354 2257 nequit.
3381 2185 3509 2239 Ilaec

1926 2293 2093 2364 igitur
2135 2292 2299 2347 etiam
2346 2304 2571 2360 magnus
2620 2286 2847 2340 Basilius
2884 2284 2969 2338 his
3010 2280 3193 2336 verbis
3220 2276 3448 2332 aﬂirmat
3487 2292 3501 2328 :

1928 2384 2124 2440 Procul
2154 2383 2343 2447 dubio,
2375 2382 2517 2435 sicut
2551 2378 2752 2448 angeli,
2779 2375 3050 2447 corporali
3083 2374 3260 2429 soluta
3290 2370 3510 2425 vinculo

1928 2476 2111 2532 anima
2144 2474 2407 2539 ascendit,
2439 2482 2601 2541 atque
2630 2468 2935 2530 descendit;
2988 2477 3045 2522 et
3089 2467 3160 2521 ob
3206 2468 3508 2519 multorum

1931 2567 2194 2622 utilitates
2223 2566 2501 2629 mittitur;
2542 2577 2669 2618 eum
2707 2577 2809 2617 nos
2857 2561 3102 2632 ipsarum
3145 2556 3508 2628 patrocinium

1926 2667 1983 2716 et
2010 2659 2403 2727 protectionem
2432 2656 2815 2725 deprecamur,
2841 2652 3133 2722 aliquando
3158 2650 3291 2719 ipsa:
3316 2656 3510 2717 sponte

1928 2751 2088 2806 nobis
2138 2748 2489 2811 auxiliantur,
2535 2745 2831 2815 aliquando
2881 2744 3121 2814 ipsarum
3171 2741 3294 2795 loco
3339 2736 3510 2795 divini

1930 2842 2221 2895 mittuntur
2256 2838 2457 2910 angeli,
2502 2837 2795 2905 aliquando
2825 2836 2992 2891 etiam
3044 2833 3220 2889 sancti
3272 2831 3511 2902 Spiritus

1933 2933 2130 3004 gratia,
2155 2941 2215 2988 ut
2262 2930 2363 2991 illi.
2397 2929 2726 2986 mirabiliter
2764 2935 3030 2999 apparet,
3068 2925 3334 2995 siquidem
3394 2923 3512 2977 sive

1940 3022 2143 3086 sancti,
2182 3022 2297 3077 sive
2335 3020 2534 3091 angeli,
2569 3029 2757 3090 utpote
2808 3019 2914 3089 ipsi
2941 3018 3128 3073 cuncti
3161 3014 3515 3071 cii-cumscri-

1939 3112 2014 3181 pti
2045 3128 2149 3168 una
2183 3114 2482 3182 eademque
2532 3112 2669 3166 hora
2721 3111 2887 3165 variis
2935 3108 2988 3163 in
3020 3107 3155 3163 locis
3194 3113 3513 3162 occurrunt.

234 3206 343 3260 ἆτε
371 3205 435 3275 δὴ
468 3205 544 3275 μή
571 3202 888 3273 δυναμένων
917 3202 1028 3255 εἴτε
1054 3199 1164 3254 τῶν
1193 3201 1367 3269 ἁγίων
1395 3239 1410 3264 ,
1461 3197 1572 3251 εῐτε
1633 3197 1743 3252 τῶν
1774 3200 2061 3272 ἀγγέλων,
2096 3208 2465 3278 περίγραπτοι
2503 3205 2602 3276 μέν
2638 3204 2748 3275 γάρ
2783 3197 2931 3259 οὗτοι
2976 3205 3179 3265 πάντες
3214 3200 3520 3270 ,ὑπάρχου-

238 3315 367 3361 σιν,
404 3298 463 3351 ἐν
510 3297 611 3367 μιᾷ
655 3295 752 3349 καὶ
795 3298 863 3365 τῇ
897 3294 1035 3365 αὐτῇ
1084 3291 1205 3365 ὥρᾳ
1251 3292 1395 3346 κατά
1445 3292 1739 3361 διαφόρους
1769 3294 1966 3361 τόπους
2001 3299 2381 3371 εὑρίσκεσθαι.

320 3395 563 3465 β’.σΑφες
591 3387 706 3455 οὖν.
734 3392 783 3444 ει
814 3390 1016 3460 βούλει,
1043 3389 1135 3442 τδν
1165 3389 1338 3458 μέγαν
1353 3386 1671 3442 Ἀθανάσιον
1693 3403 1708 3420 ·
1741 3390 1816 3460 μὴ

1995 3397 2050 3452 2.
2082 3397 2449 3454 Prmtermitte
2489 3414 2643 3469 ergo,
2681 3397 2727 3452 si
2753 3398 2951 3468 placet,
2983 3409 3239 3467 magnum
3273 3391 3518 3447 Athana-

241 3487 388 3556 πρὸς
433 3483 590 3554 ῦὸριν
634 3483 836 3553 ἐτέρων
877 3481 944 3534 τά
984 3482 1192 3535 ἐκείνου
1233 3479 1540 3551 παρείσαγε
1565 3495 1580 3512 ’
1626 3481 1675 3533 εί
1717 3482 1825 3552 γάρ

242 3578 351 3632 καὶ
381 3578 518 3646 πρὸς
554 3575 826 3643 Ἀντίοχον
854 3575 883 3626 6
914 3572 1057 3635 θεῖος
1088 3571 1245 3636 οὗτος
1279 3572 1419 3643 ἀνὴρ
1448 3570 1679 3626 τοιαῦτά
1707 3590 1828 3625 τινα

244 3671 416 3739 δῆθεν
455 3670 772 3739 εὑρίσκεται
811 3668 1062 3738 γράφων,
1106 3667 1220 3721 ἀλλ’
1243 3668 1345 3720 οὐκ
1390 3667 1482 3720 ἐπὶ
1521 3666 1702 3737 τούτῳ
1741 3685 1829 3720 τε-

245 3763 592 3837 θαρρηκέναι
636 3779 697 3814 σε
746 3762 874 3831 χρὴ,
925 3759 1221 3814 κάντεῦθεν
1262 3760 1389 3823 τοὺς
1431 3758 1827 3831 διαληφθέντας

243 3857 460 3910 ἄνωθεν
490 3852 671 3916 ὁσίους
706 3851 905 3921 ἀνδρας
942 3850 1271 3919 κακολογεῖν
1298 3866 1311 3881 ·
1345 3850 1485 3919 τάχα
1522 3849 1630 3919 γάρ
1667 3850 1829 3920 ἠγνό-

244 3962 433 4017 ηκας,
464 3945 546 3999 ὅτι
573 3945 642 3998 τά
670 3943 841 3997 πλείω
869 3943 977 3998 τῶν
1009 3942 1146 4013 πρὸς
1181 3942 1454 4011 ’Δντίοχον
1485 3934 1792 3997 νενόθιῦται
1812 3981 1827 4008 ,

246 4041 354 4094 καὶ
384 4040 466 4093 ὅτι
495 4036 574 4108 τῷ
603 4036 833 4107 καθαρῷ
867 4038 998 4104 σίτῳ
1031 4036 1125 4089 καὶ
1160 4034 1385 4105 ρυπὼδη
1416 4036 1540 4088 τινά
1572 4036 1829 4106 παραμέ-

250 4148 473 4202 μικται.
509 4131 656 4195 Καὶ,
690 4129 740 4182 εἰ
773 4127 991 4197 βούλει,
1023 4128 1300 4197 ἀνάγνωθι
1335 4128 1404 4180 τά
1436 4128 1741 4196 κεφάλαια,
1774 4129 1831 4182 ἐν

247 4221 341 4289 οἷς
376 4226 507 4295 περὶ
540 4222 725 4277 κοινοῦ
760 4223 1005 4277 διδάσκει
1036 4222 1147 4276 τῶν
1180 4222 1490 4296 ἀνθρώπων
1522 4224 1831 4293 ἀναγνωρι-

250 4316 403 4386 σμοῦ
429 4355 446 4382 ,
492 4316 587 4371 καὶ⁵
628 4316 817 4384 γνοίης
865 4314 931 4369 ἂν
976 4313 1226 4368 ἐντεῦθεν
1273 4315 1514 4385 εὐχερῶς
1555 4316 1652 4385 τὴν
1697 4317 1831 4385 ἀλή-

251 4412 414 4463 θειαν
437 4423 453 4440 ο
491 4408 626 4477 μηδὲ
664 4410 771 4478 γὰρ
805 4409 862 4469 ἐς
896 4406 1154 4461 τοσοῦτον
1190 4408 1528 4477 μανείημεν,
1562 4409 1635 4471 ὡς
1670 4409 1832 4461 αὑτὸν

252 4504 437 4567 εἰπεῖν
470 4500 563 4553 τὸν
599 4500 777 4570 μέγαν
813 4497 1135 4554 Ἀθανάσιον
1167 4498 1547 4552 ἐναντιοῦσθαί
1584 4516 1719 4552 ποτε
1754 4499 1833 4570 τῷ

253 4594 364 4662 τῆς
400 4592 726 4663 Ἐκκλησίας
760 4590 1028 4662 όρθοδόξῳ
1065 4595 1401 4662 φρονήματι.
1436 4590 1581 4661 Πρὸς
1622 4590 1833 4655 τούτοις

252 4688 321 4741 δὲ
350 4690 378 4740 6
410 4686 550 4750 θεῖος
580 4679 734 4749 οὗτος
763 4686 902 4755 ἀνὴρ
933 4685 1186 4751 φαίνεται
1217 4685 1569 4754 μεμνημένος
1602 4684 1696 4737 τοῦ
1730 4701 1830 4755 μεο

253 4781 434 4849 γάλου
474 4778 759 4834 Βασιλείου
780 4818 796 4844 ,
830 4779 923 4832 καὶ
959 4775 1234 4847 Ἰσιδὼρου
1270 4776 1362 4829 τοῦ
1407 4776 1791 4847 Πηλουσιώτου
1817 4816 1833 4841 ,

253 4877 357 4945 ἀφ’
381 4868 443 4930 οὗ
471 4876 565 4929 καὶ
597 4875 797 4945 μᾶλλον
826 4872 1261 4943 διαγινώσκομεν
1289 4873 1363 4936 ὡς
1393 4874 1450 4925 ἐν
1484 4872 1714 4943 ἀληθείᾳ
1746 4889 1836 4925 νε-

1928 3490 2090 3557 sium,
2111 3504 2209 3545 nec
2238 3505 2363 3545 eum
2385 3491 2503 3545 aliis
2530 3492 2580 3544 in
2607 3490 2958 3560 opprobrium
2978 3488 3106 3543 cita.
3135 3486 3247 3541 Etsi
3272 3486 3417 3539 enim
3448 3484 3516 3537 ad

1926 3583 2257 3639 Antiochum
2289 3582 2508 3637 divinus
2540 3582 2629 3637 ille
2675 3581 2759 3637 vir
2788 3581 2912 3635 talia
2958 3578 3249 3649 scripsisse
3314 3575 3520 3646 reperi-

1931 3684 2041 3743 tur,
2084 3692 2185 3731 nec
2223 3675 2353 3730 huic
2395 3674 2493 3729 tibi
2523 3672 2910 3730 conﬁdendum
2941 3680 3046 3735 est,
3075 3685 3174 3725 nec
3212 3683 3373 3738 supra
3405 3682 3521 3721 me-

1929 3777 2172 3824 moratos
2202 3776 2421 3824 sanctos
2483 3766 2631 3819 viros
2682 3763 3009 3819 calumniari
3069 3763 3197 3818 licet
3239 3778 3253 3816 :
3288 3760 3521 3816 fortasse

1931 3860 2078 3914 enim
2165 3858 2433 3929 praeteriit
2501 3857 2651 3927 quod
2713 3857 2861 3925 apud
2936 3856 3267 3909 Antiochum
3332 3854 3517 3924 plera-

1932 3966 2037 4021 que
2075 3950 2184 4005 sint
2248 3949 2577 4015 adulterata,
2613 3957 2668 4004 et
2714 3948 2859 4018 quod
2886 3949 3029 4002 bono
3054 3947 3327 4001 frumento
3354 3945 3521 4000 etiam

1931 4040 2179 4112 quaedam
2213 4041 2402 4111 spuria
2443 4049 2572 4095 sunt
2601 4040 2889 4095 immista?
2920 4038 2977 4092 Si
3019 4038 3220 4108 placet,
3249 4037 3523 4106 praecipua

1934 4133 2071 4204 lege,
2121 4133 2322 4204 quibus
2361 4132 2429 4187 de
2473 4132 2755 4188 communi
2812 4131 3095 4185 hominum
3156 4144 3322 4184 sensu
3385 4129 3522 4182 edo-

1934 4227 2101 4292 ceris,
2132 4234 2188 4281 et
2233 4226 2311 4279 ibi
2356 4225 2499 4280 forte
2526 4225 2813 4279 veritatem
2860 4224 3020 4278 facile
3068 4222 3311 4277 noveris.
3370 4221 3525 4275 Absit

1933 4320 2079 4374 enim
2109 4319 2246 4373 adeo
2278 4334 2381 4373 nos
2407 4316 2676 4382 insanire,
2708 4327 2767 4371 ut
2792 4316 2973 4386 ipsum
3001 4331 3257 4385 magnum
3284 4312 3527 4368 Athana-

1934 4411 2077 4467 sium
2103 4412 2427 4467 orthodoxae
2462 4411 2721 4466 Ecclesiae
2748 4410 3014 4465 doctrinae
3041 4408 3335 4478 aliquando
3362 4423 3527 4477 repu-

1935 4519 2101 4578 gnare
2121 4504 2389 4560 dicamus.
2414 4504 2687 4559 Praeterea
2713 4502 2931 4557 divinus
2953 4502 3042 4555 ille
3064 4502 3147 4555 vir
3172 4499 3351 4570 magni
3376 4498 3524 4552 Basi-

1936 4584 1995 4651 lii
2029 4596 2348 4652 meminisse
2378 4595 2596 4650 videtur
2621 4635 2636 4659 ,
2666 4609 2771 4650 nec
2796 4608 2907 4647 non
2928 4592 3123 4648 Isidori
3152 4590 3464 4655 Pelusiotm,
3497 4606 3527 4643 a

1939 4705 2048 4759 quo
2069 4688 2266 4743 melius
2314 4687 2497 4743 adhuc
2528 4686 2721 4742 audire
2750 4686 2895 4752 licet,
2924 4686 3069 4755 quod
3106 4683 3375 4752 praecipua
3409 4682 3529 4734 loca

1944 4781 2251 4836 adulterata
2311 4789 2472 4847 sunt;
2514 4779 2560 4834 si
2593 4778 2739 4833 enim
2804 4778 2877 4830 ita
2925 4792 2984 4830 se
3015 4793 3102 4831 res
3137 4792 3249 4829 non
3280 4774 3530 4835 haberet,

1946 4875 2273 4945 priorﬁaatate
2305 4883 2647 4945 posterorum
2675 4872 2990 4926 meminisse
3025 4886 3156 4926 sane
3185 4886 3292 4923 non
3328 4874 3531 4939 posset'

256 4975 513 5029 νόθευται
566 4974 635 5028 τά
691 4971 1055 5041 διαληφθέντα
1110 4970 1384 5042 κεφάλαια
1404 4987 1417 5001 ·
1450 4973 1498 5025 ει
1531 4971 1606 5042 μὴ
1634 4970 1743 5042 γάρ
1767 4971 1925 5026 τοῦτο
1952 4968 2020 5038 ἦν
2041 5015 2056 5041 ,
2089 4974 2188 5029 οὐκ
2219 4973 2285 5028 ἂν
2316 4978 2343 5028 6
2377 4972 2812 5044 προγενέστερος
2842 4971 2951 5023 τῶν
2981 4968 3356 5039 ὑστερογενῶν
3394 4983 3535 5035 μεμ-

254 5069 497 5139 νημένος
521 5067 788 5135 ἐφαίνετο.

336 5163 408 5234 γ’.
438 5165 562 5218 Ὀτι
603 5165 661 5216 δέ
692 5163 868 5217 ταῦτα
886 5162 1059 5226 οῦτως
1100 5161 1235 5232 ἔχει,
1271 5161 1364 5217 καὶ
1401 5162 1475 5225 ὡς
1513 5162 1614 5216 οὐκ
1649 5162 1705 5214 ἐν
1736 5179 1841 5215 τινι

252 5257 415 5326 τόπῳ
438 5296 452 5320 ,
485 5254 738 5323 καθάπερ
766 5255 816 5306 οι
848 5254 1069 5316 πλείους
1090 5252 1360 5307 ,εἰώθασιν
1381 5294 1397 5317 ,
1429 5254 1478 5306 οἱ
1507 5253 1841 5318 ἀπελθόντες

260 5352 418 5418 ἆγιοι
447 5349 876 5420 περιορίζονται,
910 5347 1047 5402 ἀλλὰ
1081 5348 1218 5417 μετά
1248 5346 1566 5418 παρρησίας
1597 5346 1681 5400 ὅτι
1713 5346 1846 5400 πολ-

258 5444 367 5510 λῆς
396 5443 756 5513 παρίστανται
785 5440 862 5507 τῷ
891 5439 1042 5509 Θεῷ,
1074 5438 1239 5493 αὑτοῦ
1271 5438 1366 5493 τοῦ
1400 5440 1656 5511 Σωτῆρος
1688 5439 1846 5509 ἡμῶν

278 5532 459 5606 Ἰησοῦ
492 5535 742 5602 λέγοντος
776 5533 940 5587 ἀκουε
961 5549 978 5567 ο
1012 5526 1237 5601 Πάτερ,
1270 5532 1380 5598 οὓς
1411 5532 1678 5598 δέδωκάς
1703 5550 1806 5600 μοι
1830 5573 1844 5599 ,

267 5631 428 5683 θέλω
455 5627 555 5681 ἵνα
588 5627 740 5682 ὅπου
769 5627 885 5696 ειμι
913 5627 1027 5696 ἐγὼ
1088 5627 1354 5682 κάκεῖνοι
1383 5622 1496 5683 ὦσι
1524 5627 1653 5696 μετ’
1677 5626 1847 5696 ἐμοῦ,

2020 5165 2073 5219 5.
2113 5165 2267 5231 Quod
2295 5172 2478 5219 autem
2516 5165 2629 5220 haec
2656 5163 2726 5219 ita
2760 5178 2821 5219 se
2856 5162 3108 5227 habeant,
3151 5168 3205 5214 et
3234 5160 3377 5229 quod
3410 5174 3535 5212 san-

1950 5251 2026 5307 cti
2049 5253 2191 5307 hinc
2223 5252 2474 5322 profecti,
2510 5268 2620 5306 non
2656 5252 2712 5305 in
2761 5251 2945 5319 aliquo
2978 5251 3118 5315 loco,
3156 5250 3233 5303 uti
3284 5249 3537 5319 plerique

1952 5344 2157 5409 solent,
2187 5344 2737 5409 circumscribantur,
2777 5345 2870 5399 sed
2915 5356 3109 5413 magna
3157 5356 3284 5397 cum
3334 5342 3533 5397 fiducia

1954 5451 2139 5492 coram
2199 5436 2313 5492 Deo
2339 5446 2543 5501 astent,
2576 5436 2916 5491 Salvatorem
2949 5436 3126 5505 ipsum
3160 5444 3409 5489 nostrum
3439 5432 3535 5488 1ο-

1954 5544 2074 5585 sum
2123 5529 2400 5584 dicentem
2457 5528 2585 5584 audi
2620 5546 2635 5583 :
2676 5547 2695 5581 ι
2734 5527 2917 5592 Pater,
2947 5543 3089 5599 quos
3114 5526 3313 5583 dedisti
3355 5524 3534 5589 mihi,
3610 5512 3615 5516 ’

1954 5624 2081 5679 volo
2111 5633 2173 5679 ut
2209 5624 2529 5693 ubicunque
2573 5639 2693 5678 smn
2736 5639 2859 5691 ego,
2911 5632 2967 5677 et
3007 5623 3094 5677 isti
3131 5637 3349 5678 mecum
3385 5622 3532 5687 sint,

261 5724 372 5775 ἵνα
415 5718 675 5789 θεωρῶσι
723 5719 838 5787 τὴν
880 5720 1070 5784 δόξαν
1112 5721 1228 5789 τὴν
1264 5720 1439 5789 ἐμήν.
1482 5721 1643 5773 ’Λλλά
1687 5721 1781 5773 καὶ
1823 5741 1830 5770 ι

1958 5728 2019 5773 ιιι
2072 5718 2300 5787 gloriam
2360 5732 2535 5771 meum
2590 5716 2858 5771 videant.»
2907 5715 3023 5772 Imo
3076 5731 3207 5770 vero
3263 5715 3534 5771 maximus

266 5813 588 5883 πάμμεγαςο
602 5813 810 5877 Παῦλος
841 5813 1010 5877 οὕτως
1042 5811 1275 5885 εὓρηται
1306 5814 1479 5882 λέγων
1503 5829 1515 5845 ·
1550 5812 1830 5867 Ἐπιποοό

1958 5811 2157 5866 I'nulus
2188 5810 2257 5864 ita
2306 5809 2507 5865 dixisse
2556 5809 2882 5864 invenitur:
2928 5829 2944 5862 ι
2976 5807 3151 5875 Cupio
3199 5809 3421 5865 dissolvi
3478 5818 3533 5859 cl.

244 6023 275 6052 τ
