4186 6430
721 376 832 437 919

1953 377 2371 440 MICHAELIS
2408 379 2664 440 GLYQE

3849 378 3942 439 920

725 511 743 540 ε
794 487 1084 542 Vobiscum
1159 488 1327 551 enim,
1385 486 1584 556 inquit,
1625 489 1882 544 omnibus
1932 506 2055 545 sum
2105 489 2295 543 diebus

2400 488 2563 540 τᾶλλα
2586 488 2764 542 πάντα
2788 487 3032 543 ποιοῦσιν
3051 489 3150 542 ὅσα
3175 487 3270 542 καὶ
3294 487 3574 558 βούλονται
3593 503 3609 520 ⁸
3637 489 3779 545 Μεθ’
3798 490 3946 557 ὑμῶν

720 593 889 646 usque
923 579 988 632 ad
1025 578 1555 638 consummationem
1586 579 1790 632 saeculi.
1826 596 1846 630 ι
1879 579 1957 634 Ne
1981 579 2144 650 igitur
2170 581 2290 634 diu-

720 671 828 722 tius
860 669 1125 737 inquiras,
1162 670 1436 738 quomodo
1477 669 1696 723 aliunde
1727 669 2002 725 distracta:
2049 671 2133 725 bis
2193 673 2284 740 qui

718 773 882 828 supra
913 768 1110 813 terram
1142 767 1457 828 appareant.
1499 759 1556 812 Si
1585 760 1729 813 enim
1761 761 2021 830 prepbeta
2051 759 2140 814 ille
2183 759 2289 814 Ha-

717 851 910 916 bacuc,
941 851 1207 918 corporali
1269 850 1486 904 vinculo
1527 851 1705 904 adhuc
1753 851 2029 914 detentus,
2062 850 2128 904 ab
2161 849 2289 904 Hie-

717 941 990 1010 rosolyma
1026 957 1130 994 una
1161 941 1461 1010 eademque
1491 942 1624 996 hora
1653 942 1709 995 in
1730 942 2077 996 Chaldaicam
2110 942 2290 1010 regio-

718 1049 845 1087 nem
897 1034 1182 1102 pervenit,
1238 1033 1447 1089 Danieli
1495 1035 1774 1104 pr0pheta:
1823 1034 1895 1111 in
1929 1034 2083 1087 fovea
2138 1034 2290 1087 cibos

717 1123 951 1178 aﬂ‘erens
977 1163 993 1189 ,
1024 1126 1297 1193 quomodo
1340 1127 1503 1179 etiam
1545 1136 1857 1180 sanctorum
1888 1126 2098 1179 animas
2136 1124 2291 1178 invo-

717 1217 970 1282 ca_ntibus
984 1219 1277 1288 aliquando
1304 1234 1570 1288 apparere
1600 1217 1961 1287 negabimus‘l
1985 1217 2137 1272 Mitte
2164 1233 2291 1287 ergo

718 1324 964 1376 quagrere
998 1324 1217 1362 causam
1250 1327 1265 1363 :
1300 1311 1388 1363 ubi
1433 1320 1519 1363 est
1548 1310 1718 1379 gratia
1753 1308 1891 1374 Dei,
1946 1323 2165 1363 causam
2208 1307 2291 1360 in-

720 1400 1017 1468 vestigandi
1086 1399 1238 1453 locus
1298 1414 1406 1451 non
1438 1407 1523 1454 est
1556 1417 1568 1452 :
1601 1401 1745 1468 quod
1776 1406 2098 1468 appareant,
2138 1400 2290 1455 scio;

720 1493 949 1544 Patrum
981 1492 1128 1545 enim
1179 1492 1570 1547 traditionibus
1620 1507 1726 1546 non
1773 1488 1931 1547 obslo
1966 1510 1980 1546 :
2019 1492 2291 1560 quomodo

719 1599 869 1648 vero,
905 1584 1087 1638 nescio
1121 1598 1134 1634 :
1169 1583 1274 1636 scit
1311 1582 1578 1637 mirabilis
1629 1583 1720 1637 ille
1767 1583 1822 1637 in
1871 1584 2076 1638 sanctis
2125 1584 2240 1638 suis
2272 1600 2286 1637 :

718 1673 867 1740 quod
908 1675 1049 1736 vivo,
1083 1675 1225 1742 quod
1258 1675 1489 1736 nutrior,
1525 1677 1640 1728 scio
1668 1690 1681 1726 :
1715 1675 1990 1744 quomodo
2014 1691 2165 1740 vero,
2197 1691 2292 1729 ne-

719 1765 1046 1834 scio:quod
1098 1766 1259 1819 etiam
1312 1765 1530 1835 corpori
1581 1765 1763 1819 anima
1807 1765 2076 1835 jungitur,
2112 1768 2226 1820 scio
2274 1783 2287 1819 :

718 1857 990 1924 quomodo
1018 1872 1168 1921 vero,
1198 1858 1381 1912 nescio
1415 1869 1433 1907 :
1468 1857 1611 1927 quod
1655 1857 1915 1926 Spiritalis
1949 1868 2005 1912 et
2041 1859 2291 1912 immate-

723 1949 891 2014 rialis,
923 1947 1058 2013 scio,
1097 1949 1276 2002 audivi
1310 1949 1456 2002 enim
1492 1966 1504 2000 :
1534 1949 1714 2018 qualis
1745 1964 1876 2004 vero
1907 1949 2028 2018 ejus
2056 1951 2289 2018 species,

719 2056 781 2093 ac
836 2040 1010 2110 qualis
1067 2041 1300 2096 essentia
1329 2081 1345 2106 ,
1377 2041 1563 2096 nescio
1596 2060 1609 2096 :
1639 2040 1744 2096 hoc
1787 2042 1932 2095 enim
1986 2042 2291 2111 ineXplora-

721 2143 832 2184 tum
872 2132 1114 2185 mansit:
1156 2133 1429 2200 quomodo
1471 2133 1617 2187 enim
1660 2133 1879 2188 noverit
1927 2133 2049 2201 quis
2080 2149 2191 2185 rem
2225 2132 2292 2186 ad

721 2223 1012 2292 imaginem
1049 2234 1291 2277 creatam
1325 2225 1755 2294 impenetrabilis
1785 2236 1948 2295 atque
1984 2225 2292 2292 incompre-

721 2315 1007 2369 hensibilis
1035 2315 1166 2368 Dei?
1194 2315 1250 2369 Si
1293 2317 1489 2370 animm
1529 2320 1766 2371 essentia
1797 2316 2295 2386 comprehendere-

721 2416 903 2470 tnr,et
952 2407 1129 2476 ipsum
1177 2406 1434 2476 imaginis
1489 2417 1859 2477 prototypum.
1896 2408 2051 2473 Quod
2087 2408 2131 2462 si
2165 2422 2295 2462 vero

720 2508 1067 2568 prototypum
1129 2499 1685 2568 incomprehensibile
1735 2508 1842 2562 est,
1872 2499 2297 2570 incomprehen-

721 2593 894 2647 sibilis
977 2593 1291 2646 nccessario
1356 2601 1412 2646 et
1454 2593 1568 2662 ipsa
1618 2592 1887 2663 prototypi
1918 2593 2091 2663 imago
2126 2608 2138 2643 :
2169 2592 2296 2647 inde

724 2685 953 2744 nlurima
1007 2695 1234 2740 tractata
1291 2694 1418 2740 sum
1466 2687 1534 2740 de
1583 2702 1682 2750 ea;
1718 2671 1893 2740 nemo.
1935 2701 2065 2740 vero
2135 2684 2297 2751 hujus

721 2778 1014 2846 aliquando
1051 2779 1228 2846 potuit
1286 2793 1484 2849 capere
1551 2787 1846 2840 naturam,
1883 2777 1948 2832 ad
2003 2777 2295 2846 imaginem

722 2873 938 2934 tactam,
973 2879 1029 2922 ut
1060 2871 1270 2933 dicunt,
1311 2869 1880 2938 incomprehensibilis
1927 2883 1993 2923 ac
2047 2868 2296 2922 inacces-

722 2963 895 3017 sibilis
929 2963 1041 3018 Dci.

795 3145 844 3198 9.
879 3143 957 3197 Ne
990 3143 1153 3213 igitur
1183 3159 1402 3197 causam
1439 3143 1695 3213 indagare
1743 3141 1912 3208 velis,
1946 3155 2016 3196 ne
2043 3139 2184 3194 forte
2215 3141 2287 3195 ob
2315 3145 2360 3204 ο

729 3238 831 3291 hoc
860 3237 1259 3292 incredulitatis
1295 3237 1569 3292 accuseris
1602 3253 1614 3287 :
1645 3235 1779 3290 dicit
1807 3236 2008 3298 enim,c
2042 3235 2154 3290 Nisi
2180 3249 2298 3290 cre-

721 3329 1007 3394 dideritis,
1043 3345 1149 3383 non
1207 3329 1535 3397 intelligetis.
1578 3328 1696 3383 rUt
1749 3344 1814 3382 ex
1872 3328 2076 3382 ultimis
2138 3337 2296 3382 terra

722 3422 988 3490 apostoli.
1028 3433 1081 3475 et
1119 3424 1231 3475 lucc
1264 3422 1392 3474 dum
1429 3421 1665 3474 molesto
1700 3435 1931 3489 corpore
1979 3419 2298 3474 detineren-

722 3524 829 3574 tur,
862 3513 916 3566 in
945 3513 1100 3566 obitu
1135 3513 1490 3567 sanctissima!
1515 3513 1608 3567 Dei
1651 3512 1835 3566 Matris
1866 3513 1920 3566 in
1968 3527 2134 3566 unum
2169 3520 2300 3567 sunt

727 3603 1045 3670 eoadunati,
1075 3603 1178 3656 nisi
1228 3603 1369 3657 forte
1408 3604 1495 3656 hic
1526 3604 1746 3673 angelos
1778 3603 2146 3673 apostolorum
2178 3604 2299 3658 loco

720 3698 1042 3751 convenisse
1100 3697 1399 3750 dixerimus
1440 3712 1452 3747 :
1489 3705 1544 3748 ut
1580 3695 1782 3749 Paulus
1817 3696 1884 3750 ad
1940 3696 2161 3749 tertium
2189 3710 2302 3752 cm-

723 3796 833 3844 Ium
865 3791 1147 3859 abreptus,
1184 3789 1310 3842 inde
1344 3789 1398 3844 in
1431 3788 1740 3858 paradisum
1789 3789 2108 3853 descendit,
2136 3799 2192 3843 et
2223 3788 2301 3842 in-

720 3882 953 3935 elTabilia
997 3881 1162 3934 verba
1209 3881 1422 3936 audivit
1469 3896 1483 3932 :
1523 3878 1801 3949 quomodo
1852 3880 2114 3934 tollentur
2163 3879 2302 3944 justi

719 3975 936 4028 obviam
982 3973 1212 4027 Domino
1249 3973 1302 4026 in
1352 3988 1477 4026 acra
1517 3990 1529 4025 :
1564 3973 1841 4040 quomodo
1877 3974 2042 4026 etiam
2079 3974 2303 4027 transﬁ-

719 4079 912 4135 gurato
931 4066 1152 4119 Christo
1183 4063 1390 4135 lloyses
1417 4074 1473 4119 et
1503 4065 1648 4119 Elias
1675 4064 1728 4117 in
1756 4073 1941 4118 monte
1963 4064 2259 4118 astiterunt
2284 4081 2299 4114 :

723 4165 845 4209 ιιιυι
894 4157 1055 4226 igitur
1078 4157 1211 4209 mira
1235 4146 1592 4224 quidem‘sint
1632 4155 1759 4217 ista,
1786 4155 1882 4209 sed
1913 4148 2101 4208 revera
2128 4154 2302 4220 fuere,

721 4264 784 4303 ac
817 4250 1127 4304 credimus:
1154 4251 1226 4304 ita
1249 4249 1414 4304 etiam
1447 4248 1804 4304 redeuntibus
1834 4249 2302 4302 sanctorum-ani-

653 4369 668 4385 ι
721 4344 826 4397 mis
858 4343 1027 4397 lidere
1058 4350 1108 4396 te
1135 4343 1311 4396 decet.
1345 4342 1505 4408 Quod
1541 4354 1723 4395 autem
1769 4341 2163 4411 superstitibus
2200 4355 2300 4410 ap-

721 4444 937 4504 parent,
971 4435 1135 4492 crede
1167 4451 1230 4488 ex
1273 4449 1436 4504 supra
1469 4435 1693 4499 relatis;
1728 4436 1999 4503 quomodo
2031 4449 2178 4495 vero,
2199 4433 2299 4504 ipsi

2389 581 2519 649 γὰρ,
2547 582 2703 650 φησὶ.
2719 580 2918 645 πάσας
2947 582 3051 644 τὰς
3077 581 3299 649 ἡμέρας
3323 580 3435 646 ἕως
3458 580 3567 647 τῆς
3583 575 3946 647 σιῖντελείας.

2389 672 2480 742 Μὴ
2509 666 2602 725 οὖν
2631 673 2722 724 ἐπὶ
2752 672 2913 725 πλέον
2939 671 3268 741 ἀμφίὸαλλε,
3295 670 3412 732 πῶς
3441 670 3674 740 ἀλλαχοῦ
3706 671 3950 740 μεθιστά-

2390 764 2565 816 Μεναι
2589 764 2702 824 τοῖς
2729 762 2962 816 ἐνταῦθα
2988 762 3152 816 πάλιν
3177 762 3522 829 ἐφίστανται.
3552 764 3614 815 El
3641 768 3750 832 γὰρ
3777 766 3807 815 ὁ
3831 780 3953 831 προ-

2391 853 2570 922 φήτης
2596 853 2801 915 ἐκεῖνος
2830 851 3150 921 Ἀΰϐακοὺμ
3177 851 3316 921 μετά
3339 850 3435 904 τοῦ
3465 852 3724 921 σαρκίνου
3751 851 3949 903 ἐκείνου

2391 953 2600 1015 πάχους
2642 945 2749 999 ἀπὸ
2786 945 3147 1016 Ἰερουσαλὴμ
3187 947 3247 997 ὲν
3280 946 3347 1014 τῇ
3393 945 3534 1014 αὐτῇ
3573 944 3669 996 καὶ
3715 945 3812 1012 μιᾷ
3848 945 3954 1013 ὥρᾳ

2365 1038 2489 1107 -τὴν
2522 1026 2834 1107 Χαλδαῑκὴν
2870 1036 3133 1090 κατέλαϐε
3175 1037 3306 1106 γῆν,
3341 1035 3425 1105 τῷ
3463 1037 3723 1106 προφήτῃ
3766 1035 3955 1102 Δανιὴλ

2392 1128 2723 1197 είσκομίζων
2754 1129 2814 1181 ιν
2846 1129 2922 1198 τῷ
2960 1128 3150 1198 λάκκῳ
3182 1129 3242 1181 τὸ
3281 1129 3520 1194 ἄριστον,
3556 1127 3676 1191 πῶς
3716 1127 3836 1196 οὐχὶ
3871 1128 3956 1178 καὶ

2389 1221 2489 1284 τὰς
2522 1221 2630 1273 τῶν
2666 1220 2840 1288 ἁγίων
2873 1221 3046 1289 ψυχὰς
3080 1222 3193 1281 τοῖς
3233 1218 3692 1288 ἐπικαλουμένοις
3736 1217 3953 1270 ὸπτάνεο

2394 1313 2519 1367 σθαί
2569 1330 2701 1366 ποτε
2750 1316 3027 1382 σίπωμεν;
3064 1313 3232 1379 ’Δφες
3281 1314 3463 1363 τοίνυν
3512 1311 3572 1363 τὸ
3625 1309 3788 1373 πῶς’·
3842 1310 3960 1361 ἔνθα

2392 1406 2554 1475 χάρις
2593 1403 2763 1469 Θεοῦ,
2799 1405 2984 1473 χώραν
3019 1404 3120 1455 οὐκ
3153 1402 3263 1472 ἔχει
3295 1404 3356 1456 τὸ
3389 1403 3507 1464 πῶς
3534 1419 3548 1433 ο
3593 1403 3674 1454 ὅτι
3722 1401 3820 1471 μὲν
3855 1404 3961 1468 ἐφί-

2395 1515 2615 1549 στανται
2658 1493 2776 1549 οῖδα
2803 1511 2816 1525 ⁸
2861 1495 2982 1547 οὐδὲ
3026 1495 3136 1562 γὰρ
3183 1495 3467 1546 ἁντιτείνω
3504 1495 3624 1555 ταῖς
3670 1494 3960 1559 πατρικαῖς

2393 1587 2723 1657 παραδόσεσι
2750 1602 2764 1616 °
2800 1586 2861 1638 τὸ
2902 1588 2959 1638 δὲ
2995 1587 3110 1647 πῶς
3151 1587 3252 1637 οὐκ
3292 1580 3409 1638 οἶδα
3437 1601 3449 1615 ·
3487 1580 3631 1637 οἶδεν
3691 1585 3899 1642 ἐκεῖνος
3935 1587 3960 1633 ὁ

2393 1679 2705 1746 Θαυμαστὸς
2745 1680 2803 1730 ὲν
2835 1679 2946 1738 τοῖς
2991 1677 3167 1743 ἁγίοις
3207 1665 3373 1728 αὺτοῦ
3397 1693 3410 1706 θ
3445 1675 3527 1727 ὃτι
3577 1673 3678 1742 μὲν
3751 1673 3830 1735 ζῶ
3879 1675 3965 1722 καὶ

2391 1770 2698 1838 τρέφομαι,
2732 1764 2848 1822 οἶδα
2871 1784 2884 1799 ·
2922 1768 2980 1820 τὸ
3012 1768 3069 1819 δὲ
3131 1768 3248 1829 πῶς
3294 1767 3396 1819 οὐκ
3431 1762 3548 1818 οἴδα
3575 1784 3588 1796 ·
3628 1769 3725 1818 καὶ
3757 1766 3840 1816 ὅτι
3877 1765 3967 1831 μὲν

2393 1857 2486 1914 οὖν
2531 1860 2608 1928 τῷ
2641 1859 2856 1928 σώματι
2927 1859 3172 1911 σύνεστιν
3202 1859 3235 1925 ἠ
3269 1858 3417 1927 ψυχὴ
3437 1896 3452 1919 ,
3485 1853 3601 1910 οἶδα
3625 1871 3639 1885 ·
3673 1857 3736 1907 τὸ
3769 1855 3826 1908 δὲ
3862 1855 3970 1915 πῶς

2393 1953 2491 2006 οὐκ
2531 1949 2648 2008 οῖδα
2674 1969 2690 1984 ⁸
2727 1953 2824 2006 καὶ
2864 1953 2946 2005 ὅτι
2994 1953 3092 2020 μὲν
3128 1952 3421 2020 ἀσώματος
3467 1951 3563 2003 καὶ
3606 1949 3794 2012 ἀῦλος,
3832 1946 3967 2010 οἶδα,

2394 2049 2602 2116 ἥκουσα
2633 2047 2739 2117 γάρ
2767 2063 2781 2077 ·
2815 2047 2867 2099 τί
2899 2047 2954 2100 δὲ
2987 2046 3045 2098 τὸ
3076 2044 3215 2108 εἶδος
3249 2047 3420 2116 αὐτῆς
3440 2087 3454 2108 ,
3489 2046 3584 2097 καὶ
3619 2046 3844 2110 ποταπὴ
3875 2045 3971 2110 τὴν

2393 2141 2580 2192 οὐσίαν
2609 2140 2787 2202 ἐστὶν,
2815 2140 2914 2191 οὐκ
2942 2138 3057 2192 οἶδα
3085 2179 3100 2202 ,
3134 2139 3216 2192 ὅτι
3249 2138 3344 2192 καὶ
3376 2137 3784 2206 ἀνερμήνευτον
3815 2134 3972 2187 τοῦτο

2399 2230 2679 2299 μεμένηκε
2706 2229 2878 2306 ’.πῶς
2915 2231 3026 2298 γὰρ
3062 2230 3128 2282 ἂν
3164 2228 3258 2282 καὶ
3294 2228 3465 2296 είδοίη
3500 2244 3584 2290 τις
3618 2225 3720 2296 τὴν
3755 2227 3880 2279 κατ’
3905 2226 3978 2277 εί-

2396 2323 2527 2375 κόνα
2563 2319 2879 2374 κτισθεῖσαν
2914 2320 3010 2372 τοῦ
3048 2320 3412 2390 ἀπερινοήτου
3457 2317 3566 2386 καὶ,
3591 2317 3976 2385 ἀκαταλήπτου

2395 2413 2562 2477 Θεοῦ;
2597 2412 2725 2465 Ἐὰν
2756 2416 2789 2481 ἡ
2832 2411 2930 2481 τῆς
2973 2411 3155 2482 ψυχῆς
3197 2411 3355 2465 οὐσία
3398 2409 3850 2479 κατελαμὸἀνετο
3892 2409 3977 2474 ἂν,

2395 2505 2492 2555 καὶ
2521 2502 2653 2554 αὐτὸ
2679 2502 2740 2554 τὸ
2766 2501 2866 2569 τῆς
2895 2501 3107 2564 εἰκόνος
3134 2502 3496 2570 πρωτότυπον
3518 2515 3534 2532 ο
3565 2501 3616 2552 εί
3643 2499 3702 2553 δὲ
3733 2500 3798 2552 τὸ
3831 2516 3980 2567 πρω-

2396 2593 2631 2645 τότυπον
2660 2593 3051 2662 ἀττατάληπτον
3073 2631 3088 2656 ,
3123 2592 3512 2660 ἀκατάληπτος
3544 2592 3858 2659 ὲξάναγκις
3890 2595 3981 2644 καὶ

2398 2686 2434 2754 ἡ
2466 2683 2562 2736 τοῦ
2599 2684 2961 2752 πρωτοτύπου
2995 2683 3159 2737 είκών
3183 2699 3199 2714 ο
3234 2684 3388 2736 ἔνθεν
3418 2701 3503 2736 τοι
3537 2685 3632 2736 καὶ
3667 2682 3847 2736 πολλὰ
3889 2684 3985 2753 μὲν

2399 2775 2769 2844 ὲφιλοσοφήθη
2799 2777 2929 2843 περὶ
2958 2775 3131 2844 αὐτῆς
3155 2791 3170 2806 ο
3201 2775 3373 2838 οὐδεὶς
3401 2774 3457 2828 δὲ
3488 2775 3589 2844 τὴν
3615 2773 3825 2842 ταύτης
3861 2774 3988 2842 ἠδυ-

2397 2867 2536 2935 νήθη
2584 2865 2988 2919 καταλασὲσθαι
3040 2865 3205 2933 φύσιν
3256 2865 3426 2929 ποτε,
3471 2865 3594 2916 κατ’
3625 2864 3817 2920 εἰκόνα
3875 2881 3990 2916 κτι-

2403 2956 2622 3009 σθεῖσαν
2643 2997 2657 3019 ,
2687 2957 2762 3018 ὡς
2792 2957 3006 3026 εἴρηται
3029 2997 3042 3022 ,
3071 2957 3168 3010 τοῦ
3197 2958 3585 3027 ἀκαταλήπτου
3615 2959 3712 3008 καὶ
3742 2957 3988 3025 ἀπροσί-

2400 3066 2492 3102 του
2524 3047 2684 3101 Θεοῦ.

2465 3137 2530 3193 θ’.
2567 3139 2738 3206 Ἀφες
2769 3138 2951 3191 τοίνυν
2985 3138 3077 3190 ἐπὶ
3111 3137 3218 3190 τῶν
3252 3136 3568 3206 παραδόξων
3599 3135 3661 3188 τὸ
3697 3135 3823 3197 πῶς
3844 3175 3859 3198 ,
3906 3135 3992 3187 ἵνα

2395 3228 2480 3303 μὴ
2524 3229 2618 3283 καὶ
2659 3229 2922 3282 ἀπιστίαν
2955 3228 3050 3280 ἐπὶ
3083 3228 3262 3297 τούτῳ
3321 3227 3685 3297 κατακριθῇς.
3730 3225 3884 3278 Ἐὰν
3913 3225 3998 3294 μή

2401 3318 2774 3387 πιστεύσητε
2804 3320 2938 3390 γὰρ,
2970 3318 3160 3389 φησὶν,
3191 3317 3316 3372 οὐδ’
3341 3319 3413 3370 οὐ
3440 3316 3526 3384 μὴ
3555 3315 3798 3382 συνῆτε
3826 3333 3842 3348 ·
3878 3317 3997 3378 πῶς

2402 3412 2466 3464 ἐκ
2497 3411 2751 3480 περάτων
2773 3413 2820 3463 οὶ
2849 3410 3164 3474 ἀπόστολοι,
3192 3410 3289 3462 καὶ
3313 3407 3482 3460 ταῦτα
3506 3409 3586 3478 τῷ
3615 3409 3786 3475 παχεί
3815 3407 4001 3475 τούτῳ

2405 3501 2730 3574 βαρούμενοι
2772 3500 3007 3571 σώματι,
3049 3503 3106 3555 ὲν
3145 3503 3211 3570 τῇ
3245 3500 3596 3569 μεταστάσει
3637 3498 3742 3567 τῆς
3782 3499 4006 3567 ὑπερσ-

2402 3594 2525 3662 γίας
2549 3593 2814 3646 Θεοτόιιου
2842 3591 2965 3644 κατ’
2990 3592 3151 3645 αὑτὸν
3177 3589 3676 3661 συνηθροίσθησαν,
3706 3588 3799 3640 ἵνα
3830 3591 3889 3639 τί
3925 3590 4002 3657 μὴ

2405 3686 2497 3738 καὶ
2525 3685 2791 3752 ἀγγέλους
2817 3682 3051 3737 ενταῦθα
3080 3683 3349 3752 λέγωμεν,
3374 3681 3500 3734 ἀντὶ
3524 3679 3635 3732 τῶν
3662 3681 4007 3732 ἀποστόλων

2405 3777 2619 3841 laesi»);
2655 3777 2773 3839 πῶς
2808 3776 2847 3828 δ’
2876 3775 3087 3838 Παῦλος
3125 3776 3208 3836 είς
3241 3773 3425 3845 τρίτον
3459 3773 3697 3842 ἀνῆλθεν
3731 3773 4009 3841 οὐρανὸν,

2407 3869 2661 3924 κάκεῖθεν
2695 3871 2776 3931 είς
2810 3870 2904 3921 τὸν
2941 3866 3272 3936 παράδεισον
3307 3864 3592 3935 ἀπηνέχθη
3615 3902 3630 3925 ,
3667 3864 3767 3914 καὶ
3812 3865 4008 3931 ῥημα-

2405 3980 2516 4016 των
2538 3963 2793 4033 ἀρρήτων
2823 3960 3024 4032 ἤκουσε
3051 3975 3066 3990 ο
3096 3957 3214 4020 πῶς
3265 3956 3680 4025 ἀρπαγήσονται
3712 3957 3760 4006 οι
3793 3955 4014 4021 δίκαιοι

2410 4055 2548 4125 πρὸς
2577 4053 2882 4122 ἀπάντησιν
2905 4049 3000 4104 τοῦ
3025 4049 3229 4119 Κυρίου
3253 4050 3332 4111 είς
3354 4048 3516 4117 ἀέρα,
3539 4045 3658 4106 πῶς
3685 4045 3744 4096 δὲ
3774 4045 3885 4096 καὶ
3920 4061 4018 4112 μεο

2406 4147 2846 4219 ταμορφουμένῳ
2877 4143 2955 4214 τῷ
2989 4142 3211 4213 Χριστῷ
3247 4141 3458 4209 Μωσῆς
3493 4140 3585 4191 καὶ
3621 4138 3822 4198 Ἠλίας
3871 4136 4013 4205 ἐμοῦ

2406 4239 2500 4292 ἐπὶ
2525 4237 2616 4291 τοῦ
2646 4237 2808 4307 ὅρους
2839 4236 3176 4304 ἐπέστησαν.
3200 4233 3417 4302 Ὠσπερ
3447 4225 3540 4284 οὖν
3571 4227 3875 4298 παράδοξα
3917 4229 4018 4297 μέν

2407 4308 2514 4383 εἰσί
2543 4313 2716 4382 ταῦτα
2748 4327 2948 4388 πάντα,
2978 4325 3199 4392 ἐγένετο
3226 4323 3270 4374 δ’
3296 4323 3448 4390 ὅμως
3478 4321 3575 4373 καὶ
3606 4321 3976 4388 πιστεύομεν
4005 4337 4018 4345 ·

2408 4422 2551 4475 οὕτω
2591 4422 2694 4473 κάν
2729 4423 2846 4481 ταῖς
2886 4416 3240 4477 ἀνελθούσαις
3273 4415 3382 4468 τῶν
3419 4413 3592 4481 ἀγὶων
3624 4412 3847 4481 ψυχαῖς
3891 4413 4020 4464 δια-

723 4528 952 4581 Domino
987 4527 1300 4590 committe;
1339 4541 1447 4579 non
1477 4525 1621 4579 enim
1669 4526 1822 4594 plura
1868 4541 1965 4595 per
1995 4525 2171 4595 ipsum
2207 4541 2295 4579 co-

2408 4513 2647 4568 νοεῖσθαί
2684 4531 2743 4565 σε
2777 4512 2926 4577 ἀξιον
2951 4527 2968 4543 ο
3016 4511 3113 4563 καὶ
3143 4510 3226 4561 ὅτι
3263 4507 3364 4578 μὲν
3399 4506 3730 4573 ἐφίστανται
3760 4506 3897 4566 τοίς
3935 4505 4026 4556 ὲν-

717 4623 893 4688 gilare
925 4620 1083 4680 licet,
1113 4634 1182 4672 ne
1211 4618 1315 4671 tale
1339 4617 1468 4686 quid
1501 4617 1794 4687 patiamur,
1824 4618 1982 4686 quale
2013 4622 2299 4672 damnatus

721 4712 980 4776 Lucifer;
1017 4712 1258 4779 quicum
1289 4709 1394 4780 ipsi
1435 4710 1687 4764 collatam
1725 4726 1753 4763 a
1790 4709 2018 4763 Domino
2045 4708 2296 4779 gloriam,

718 4813 903 4870 utpote
939 4803 1234 4863 diﬂicilem,
1261 4805 1402 4857 ferre
1428 4818 1536 4856 non
1572 4811 1775 4871 posset,
1798 4803 1851 4856 in
1875 4813 2070 4856 terram
2101 4802 2298 4856 misere

720 4905 945 4966 repente
975 4896 1230 4965 delapsus
1266 4906 1368 4949 est.
1404 4895 1750 4964 Quapropter
1781 4905 1836 4948 et
1889 4911 2084 4963 magno
2127 4894 2296 4948 Paulo

717 5006 828 5058 quo
859 5002 1102 5058 tempore
1139 4989 1190 5041 in
1236 4989 1431 5042 (mlum
1479 5000 1561 5042 εει
1615 4990 1897 5056 abreptus,
1937 4988 2298 5042 revelationes

721 5084 821 5135 sub
859 5082 1074 5136 silentio
1101 5081 1313 5135 traditae
1344 5092 1470 5134 sunt
1515 5099 1529 5133 :
1578 5080 1735 5133 aliter
1766 5079 1909 5132 enim
1949 5081 2111 5134 totius
2148 5079 2296 5133 orbis

721 5173 983 5241 magister
1036 5171 1256 5223 silentio
1302 5186 1408 5223 non
1465 5169 1905 5238 praetermisisset
1958 5183 1970 5217 :
2024 5168 2298 5235 quomodo

722 5282 853 5318 vero
889 5276 1067 5318 tacere
1098 5281 1205 5316 non
1241 5263 1566 5316 maluisset?
1595 5262 1685 5331 qui
1731 5261 1847 5329 ipse
1880 5261 2115 5330 preprize
2146 5259 2297 5314 carni

722 5356 976 5408 stimulos
1016 5355 1276 5408 adbibere
1319 5369 1379 5408 se
1426 5353 1581 5415 dixit,
1629 5367 1699 5406 ne
1732 5352 2125 5406 revelationum
2161 5351 2300 5406 mole

717 5450 1063 5502 obrueretur.

2404 4607 2600 4671 ταῦθα,
2635 4605 2856 4656 πίστευε
2886 4600 2980 4670 ἀφ’
3005 4594 3079 4655 ὧν
3109 4598 3318 4653 ἀνωθεν
3347 4598 3589 4667 ἣκουσας
3615 4610 3628 4625 ·
3663 4596 3732 4647 τὸ
3772 4595 3844 4648 δι
3897 4595 4024 4656 πῶς

2405 4699 2553 4769 αὐτῷ
2589 4697 2676 4767 τῷ
2722 4695 2914 4764 Κυρίῳ
2959 4691 3329 4760 κατάλειψαιο
3376 4688 3658 4756 οὐδὲγὰρ
3713 4687 3928 4739 πλεῖόν
3971 4703 4026 4737 τι

2404 4794 2593 4862 νοῆσαι
2626 4791 2756 4860 παρ’
2787 4786 2954 4842 αὑτοῦ
2988 4783 3427 4856 συγχωρούμεθα
3455 4821 3470 4846 ,
3509 4781 3598 4834 ἵνα
3631 4779 3713 4851 μὴ
3746 4779 4022 4833 τῦιΟὖτέν

2405 4903 2458 4936 τι
2499 4882 2798 4951 πάθωμεν,
2835 4881 3016 4930 ὁποῖον
3050 4881 3077 4930 ὁ
3118 4875 3303 4928 πεσὼν
3340 4873 3653 4941 Ἐωσφόρος
3682 4888 3698 4901 ·
3744 4871 3864 4936 τὴν
3907 4872 4024 4935 γὰρ

2403 4973 2653 5030 δοθεῖσαν
2697 4971 2847 5042 αὐτῷ
2891 4971 3042 5041 παρὰ
3084 4968 3289 5038 Κυρίου
3310 4965 3678 5036 λαμπρότητα
3708 4963 3788 5032 μὴ
3844 4963 4024 5026 δυνη-

2405 5070 2516 5130 θεὶς
2575 5066 2822 5133 ἐνεγκεῖν
2843 5104 2857 5129 ,
2886 5062 2980 5116 am
3009 5059 3387 5130 τυγχάνουσαν
3415 5055 3673 5116 ἄπλετον,
3703 5056 4022 5124 ἀνετράπη

2405 5180 2465 5214 τε
2493 5158 2836 5230 παραχρῆμα
2863 5157 2957 5209 καὶ
2985 5155 3185 5223 πτῶμα
3212 5153 3350 5207 κατὰ
3377 5152 3483 5220 γῆς
3531 5148 3779 5214 ἐξαίσιον
3806 5148 4019 5199 ἔπεσε.

2409 5255 2506 5308 Διά
2528 5270 2609 5304 τοι
2636 5251 2794 5303 τοῦτο
2821 5249 2915 5301 καὶ
2942 5249 3019 5316 τῷ
3050 5246 3272 5316 μεγάλῳ
3301 5245 3495 5311 Παύλῳ
3523 5241 3643 5292 καθ’
3675 5240 3742 5291 ὃν
3774 5241 4027 5309 ἡρπάγη

2411 5349 2601 5418 καιρὸν
2633 5343 3096 5410 άποκαλυφθέντα
3131 5341 3310 5408 σιωπῇ
3348 5334 3735 5406 παρεδόθησαν
3764 5351 3777 5363 ο
3814 5336 3872 5384 εἰ
3912 5333 4026 5396 γὰρ

2413 5442 2658 5511 ἑκφθορα
2688 5437 2782 5489 καὶ
2808 5433 2982 5488 ταῦτα
3012 5432 3235 5500 συνέϐη,
3265 5432 3585 5498 συνέφερεν.
3616 5427 3724 5479 οὑκ
3754 5428 3824 5479 ἂν
3857 5428 3892 5478 ὁ
3924 5424 4026 5488 τῆς

719 5547 1047 5615 οἰκουμένης
1116 5541 1436 5601 διδάσκαλος
1501 5538 1591 5592 ἐπὶ
1647 5536 1903 5591 τοσοῦτον
1942 5539 2202 5608 σεσίγηκε
2231 5558 2246 5572 ο
2281 5553 2368 5598 κα),
2417 5541 2528 5601 πῶς
2561 5538 2669 5605 γὰρ
2700 5535 2758 5586 οὐ
2797 5531 3024 5600 σιγῆσαι
3058 5530 3361 5600 διέκρινεν;
3397 5530 3552 5597 εἴπερ
3584 5526 3758 5589 αὐτὸς
3791 5532 3869 5596 τῇ
3916 5531 4026 5590 ἰδέᾳ

719 5642 888 5711 σαρκὶ
949 5641 1188 5695 σκόλοπα
1252 5639 1440 5694 λαϐεῖν
1491 5638 1714 5705 ἔλεγεν,
1757 5637 1841 5688 Eva
1882 5638 1956 5705 μὴ
1993 5641 2054 5706 τῇ
2097 5639 2370 5712 ὑπερϐολῇ
2412 5639 2518 5691 τῶν
2552 5631 2951 5700 ἀποκαλύψεων
2984 5631 3372 5700 ύπεραίρηται.

798 5737 878 5791 l0.
925 5735 1233 5808 Scripturas
1259 5736 1422 5808 igitur
1457 5734 1706 5805 amplecti
1739 5734 2021 5799 dein-mus,
2070 5750 2128 5787 να
2167 5751 2289 5791 vero

2472 5733 2523 5787 ι’.
2571 5730 2824 5800 Στέργειν
2860 5730 2951 5782 οὖν
3011 5731 3076 5782 τὰ
3113 5726 3474 5798 γεγραμμένα
3539 5727 3848 5796 ὀφείλομεν
3882 5772 3892 5782 ,
3933 5741 4026 5774 ναι
