4186 6430
259 412 354 479 921

1570 407 1934 465 EPISTULA
1975 409 2131 467 XIX.

3359 407 3463 472 92?.

259 525 363 575 τῶν
411 522 547 588 ὑπὲρ
588 519 890 589 κατάληψιν
930 520 1063 582 ὅλως
1110 521 1184 590 μὴ
1229 519 1530 581 ἅπτεσθαι,
1573 518 1687 569 ἀλλ’
1717 517 1808 568 Eni
1839 527 1881 579 Α

1839 527 1881 579 Α
1911 533 2030 585 qua:
2050 532 2213 584 supra
2240 525 2473 570 mentem
2501 525 2625 571 sunt
2649 517 2869 571 minime
2896 527 3138 584 tangere,
3156 517 3264 570 imo
3291 518 3464 587 impo-

265 613 469 671 τούτοις
511 609 607 674 τὴν
651 605 818 678 ἧτταν
863 613 1162 676 ὁμολογεῖν,
1209 615 1300 661 καὶ
1347 609 1486 675 μετὰ
1529 608 1620 658 τοῦ
1666 608 1812 660 θείου

259 699 433 761 λέγειν
488 697 647 747 Δαΰίδ
673 712 686 725 ·
729 697 1179 762 Ἐθαυμαστὼθη
1231 700 1266 761 ἡ
1316 696 1538 764 γνῶσίς
1582 710 1700 748 σου
1743 695 1810 757 ἐξ

260 785 422 852 ἡμῶν
447 802 460 817 ·
508 785 901 851 ἐκραταιώθη.
941 786 1011 836 οὐ
1047 785 1131 852 μὴ
1175 786 1475 849 δυνάμεοα
1517 786 1666 850 πρὸς
1707 787 1810 835 αὺ-

257 875 385 936 τήν.
434 875 559 934 Τοῖς
602 874 708 941 γὰρ
748 875 804 924 ἐν
849 874 1067 942 Χριστῷ
1111 875 1450 941 κοιμηθεῖσιν
1496 873 1668 938 ἁγίοις
1716 890 1809 940 με·-

255 964 527 1016 ταδέδοται
555 964 648 1014 καὶ
675 964 925 1032 ὑπερφυῆ
949 965 1016 1014 τὰ
1042 965 1355 1032 χαρίσματα
1379 979 1392 993 ’
1418 963 1510 1013 καὶ
1536 962 1801 1030 δεομένων

257 1054 363 1120 γὰρ
400 1053 553 1120 ἡμῶν
587 1053 946 1116 ἐπακούουσι,
983 1054 1074 1105 καὶ⁸
1117 1053 1451 1120 θλιϐομένοις
1490 1053 1803 1118 ἐφίστανται

258 1142 591 1210 παρηγορίας
620 1142 826 1201 ἕνεκεν.
858 1142 931 1203 ὡς
961 1142 1167 1193 ἄνωθεν
1196 1141 1430 1209 εἴρηται.
1467 1141 1590 1192 Ἐὰν
1621 1141 1726 1208 γὰρ
1755 1141 1801 1192 oi

259 1229 374 1278 κατ’
396 1229 492 1294 ἐμὲ
527 1227 783 1296 ῥαθύμως
808 1228 898 1279 τὸν
930 1228 1040 1295 βίον
1069 1227 1359 1288 ἀνύσαντες
1387 1227 1491 1280 τῶν
1522 1227 1588 1278 δι’
1611 1229 1805 1290 αὐτοὺς

258 1318 487 1370 ἐνταῦθα
514 1318 851 1384 τελουμένων
879 1319 1132 1370 εὐποιιῶν
1157 1319 1614 1381 ὲπαισθὰνωνται,
1642 1319 1715 1379 ὠς
1744 1321 1805 1370 ὲκ

255 1411 361 1459 τῶν
391 1409 551 1477 ἱερῶν
579 1409 809 1476 Γραφῶν
832 1409 1210 1479 διδασκόμεθα,
1240 1408 1416 1477 πολλῷ
1448 1409 1646 1477 μᾶλλον
1671 1410 1718 1460 oi
1749 1411 1804 1459 ὲν

258 1497 400 1564 αὐτῷ
430 1498 506 1564 τῷ
539 1497 758 1567 Χριστῷ
788 1499 863 1566 τῷ
896 1497 1073 1566 χρεῶν
1102 1497 1805 1566 λειτουργήσαντες.¹Ἐνθεν

257 1604 336 1639 τοι
369 1589 465 1640 καὶ
493 1591 522 1640 6
552 1588 810 1655 Θεολόγος
843 1589 1140 1656 Γρηγόριος
1171 1590 1226 1639 έν
1255 1587 1331 1652 τῷ
1361 1589 1496 1654 πρὸς
1527 1587 1622 1655 τὴν
1652 1587 1804 1640 ἁδελ-

258 1675 363 1742 φὴν
389 1674 550 1727 αὑτοῦ
580 1675 851 1744 ἐπιταφίῳ
879 1675 1022 1742 λόγῳ
1053 1676 1147 1727 καὶ
1173 1674 1295 1728 τάδε
1327 1674 1462 1740 πρὸς
1488 1676 1598 1734 τοῖς
1629 1673 1805 1734 ἄλλοις

1921 608 2141 660 tentiam
2187 607 2366 669 fateri,
2415 617 2469 660 et
2514 621 2634 660 cum
2667 608 2852 660 divino
2884 607 3081 661 Davide
3105 609 3406 662 exclamare
3445 627 3458 660 ε

1923 714 1942 746 ι
1979 696 2110 749 Mira
2137 706 2216 749 est
2247 698 2470 749 scientia
2504 698 2580 749 tui
2613 712 2640 749 a
2675 697 2848 761 nobis,
2879 699 3041 752 nimis
3065 700 3170 751 alta
3197 710 3297 763 est;
3325 702 3460 753 nihil

1913 786 2156 839 valemus
2188 787 2253 839 ad
2282 801 2420 840 eam.
2459 806 2476 837 ι
2505 786 2562 839 ln
2591 787 2806 841 Christo
2833 790 2978 841 enim
3007 791 3237 844 mortuis
3261 793 3465 846 sanctis

1911 877 2071 928 etiam
2111 876 2538 942 supernaturalia
2561 877 2697 930 dona
2719 878 2842 930 data
2863 887 2990 931 sunt
3013 895 3028 944 ;
3061 880 3339 932 orantibus
3368 896 3463 934 no-

1910 967 1993 1020 bis
2020 969 2316 1021 assistunt:
2353 972 2628 1036 oppressis
2667 971 3058 1024 consolabundi
3115 983 3461 1036 succurrunt,

1914 1064 2149 1122 utsupra
2186 1056 2385 1107 dictum
2420 1063 2523 1108 est.
2551 1057 2606 1107 Si
2636 1057 2775 1108 enim
2795 1058 3009 1124 quidam
3030 1058 3137 1111 vita
3178 1076 3283 1113 non
3325 1061 3462 1113 bene

1913 1149 2054 1205 acta,
2090 1141 2246 1194 bonis
2272 1144 2527 1210 operibus
2553 1154 2764 1211 prepter
2810 1145 2959 1212 ipsos
3002 1146 3236 1214 impletis
3271 1147 3463 1200 fruun-

1914 1239 2019 1291 tur,
2051 1239 2109 1282 ut
2133 1244 2197 1281 ex
2224 1232 2394 1283 sacris
2441 1231 2733 1299 Scripturis
2771 1233 3095 1294 audivimus,
3130 1245 3330 1300 quanto
3355 1251 3466 1289 ma-

1912 1318 1992 1385 gis
2015 1319 2102 1384 qui
2134 1317 2187 1370 in
2210 1320 2327 1386 ipso
2357 1318 2571 1372 Christo
2598 1321 2846 1374 mandata
2877 1333 3246 1376 servaverunt.
3284 1325 3464 1389 Quare

1911 1405 2070 1456 etiam
2112 1406 2392 1471 theologus
2430 1405 2719 1474 Gregorius
2751 1409 2804 1460 in
2833 1408 3044 1462 funebri
3091 1411 3335 1464 oratione
3397 1413 3464 1465 ad

1910 1509 2173 1556 sororem,
2195 1494 2309 1546 haec
2338 1494 2478 1548 inter
2500 1495 2600 1547 alia
2633 1495 2791 1552 dicit:
2814 1495 3136 1550 Praesentem
3158 1513 3461 1552 sermonem

1909 1584 2109 1651 accipe.
2146 1597 2178 1637 ο
2210 1584 2366 1636 beata
2398 1600 2412 1636 :
2443 1583 2570 1639 illud
2598 1587 2739 1638 enim
2802 1587 2878 1639 tui
2925 1588 3194 1642 similibus
3243 1604 3466 1644 conces-

1910 1671 1981 1724 sit
2009 1672 2168 1734 Deus,
2207 1683 2267 1725 ut
2294 1673 2490 1728 talibus
2513 1673 2781 1728 fruantur.

256 1764 441 1830 ἔλεγεν
467 1780 482 1795 ο
513 1766 698 1830 Δέδεξο
744 1767 834 1818 τὸν
893 1766 1136 1836 παρόντα
1165 1765 1342 1832 λόγον,
1371 1759 1414 1818 ὦ
1446 1765 1688 1833 μακαρία
1713 1779 1728 1795 ο
1759 1765 1853 1818 καὶ
1915 1764 2071 1816 τοῦτο
2107 1765 2212 1834 γὰρ
2248 1765 2561 1835 ἐδωρήσατο
2591 1770 2701 1830 τοῖς
2736 1767 2874 1820 κατὰ
2911 1767 2972 1820 σὲ
3006 1772 3034 1822 6
3064 1769 3230 1833 Θεὸς,
3265 1780 3325 1822 τό
3357 1771 3462 1822 τῶν

254 1858 511 1911 τοιούτων
539 1858 912 1915 αἰσθάνεσθαι,

327 1957 416 2002 ια’.
456 1949 518 2000 El
546 1949 601 2000 δὲ
626 1949 797 2002 ταῦτα
824 1948 993 2009 οὕτως
1021 1949 1158 2016 ἔχει,
1186 1949 1346 2000 πόθεν
1373 1950 1529 2018 ἡμεῖς
1555 1947 1806 2017 όρμώμε-
1837 1955 1879 2011 Β
1979 1976 1980 1979 η

1837 1955 1879 2011 Β
1979 1950 2064 2004 14.
2093 1949 2148 2002 Si
2182 1951 2294 2003 hate
2325 1949 2395 2002 ita
2423 1965 2482 2006 se
2511 1950 2729 2015 habent,
2761 1966 2857 2005 cur
2886 1968 2984 2006 nos
3010 1953 3098 2006 tali
3129 1957 3296 2025 gratia
3331 1958 3461 2011 hinc

255 2057 335 2092 νοι
367 2038 622 2105 τοιαύτης
653 2037 1058 2106 ἀποστεροῦμεν
1089 2040 1307 2106 χάριτος
1337 2039 1433 2100 τὰς
1466 2037 1802 2099 ἁπελθούσας

253 2132 360 2183 τῶν
402 2129 566 2195 ἁγίων
604 2129 818 2197 ψυχάςς
863 2129 956 2180 καὶ
998 2127 1170 2180 ταῦτα
1212 2128 1306 2180 τοῦ
1351 2129 1652 2195 κορυφαίου
1696 2128 1803 2179 τῶν

255 2218 562 2272 ἀποστόλων
590 2219 791 2284 Πέτρου
818 2216 1084 2282 λέγοντος,
1111 2217 1190 2267 ὅτι
1207 2216 1420 2284 Ἀγαθὰ
1443 2215 1557 2280 τοῖς
1589 2213 1805 2280 ἀνθρὼ-

253 2327 387 2374 nate
417 2313 448 2364 ὁ
482 2309 623 2372 Θεὸς
653 2307 989 2375 ἐχαρίσατο,
1021 2308 1105 2368 εὶς
1138 2305 1175 2359 d
1205 2305 1600 2373 ἐπιθυμοῦσιν
1632 2306 1804 2372 ἅγγε-

252 2405 347 2454 λοι
390 2401 756 2466 παρακύψαι.
797 2399 900 2450 Καὶ
931 2399 981 2449 τί
1017 2398 1121 2465 χρὴ
1155 2396 1320 2447 πολλὰ
1351 2396 1564 2461 λέγειν;
1601 2395 1661 2447 El
1705 2394 1808 2464 γὰρ

254 2493 349 2543 καὶ
383 2490 509 2558 περί
545 2505 704 2540 τινων
738 2488 905 2554 ἁγίων
941 2489 1020 2538 ἐτι
1052 2487 1128 2555 τῷ
1167 2487 1265 2556 βίῳ
1296 2485 1469 2555 τούτῳ
1505 2486 1804 2553 περιόντων

250 2580 587 2648 ἠκούσαμεν,
615 2581 697 2631 ὃτι
723 2579 788 2632 δι’
812 2579 974 2646 εὐχῆς
1001 2577 1179 2629 αὐτῶν
1205 2575 1296 2628 καί
1320 2592 1471 2638 τινας
1497 2578 1553 2627 ὲν
1579 2575 1804 2646 ἀσεὸείςι

251 2673 345 2722 τὸν
377 2671 487 2737 βίον
517 2668 923 2728 καταλύσαντας
952 2664 1310 2734 αίωνιζούσης
1341 2665 1611 2725 κολάσεως
1640 2666 1802 2733 ἠλευ-

251 2759 566 2826 θερὼθησαν
591 2759 695 2826 (1),
723 2757 775 2809 τί
798 2757 855 2809 τὸ
885 2755 1087 2808 κωλύον
1117 2755 1193 2825 μὴ
1223 2757 1317 2807 καὶ
1363 2755 1455 2807 τὸν
1501 2754 1613 2822 βίον
1640 2753 1800 2806 ἀλλά-

251 2849 469 2913 ξαντας,
496 2847 590 2898 καὶ
614 2846 706 2898 τοῦ
732 2843 866 2897 Θεοῦ
895 2845 1053 2911 δῆθεν
1078 2843 1367 2912 ἱγγύτερον
1393 2845 1706 2910 γεγονότας,
1732 2843 1799 2894 τὰ

250 2939 390 2991 αύτὰ
427 2939 538 2998 τοῖς
578 2934 903 3003 προλαϐοῦσι
947 2935 1139 2994 ποιεῖν,
1179 2934 1272 2984 καὶ
1310 2935 1408 3001 τὴν
1447 2933 1614 3002 αὐτὴν
1656 2931 1797 3001 ἐχειν

1909 2038 2176 2106 profectas
2196 2047 2504 2092 sanctorum
2533 2040 2738 2093 animas
2761 2041 3146 2108 spoliabimus?
3169 2048 3458 2112 prasertim

1911 2143 2036 2182 cum
2068 2129 2429 2196 apostolorum
2454 2130 2698 2197 princeps
2719 2129 2908 2186 Petrus
2933 2132 3106 2188 dicat:
3147 2154 3165 2186 ι
3199 2135 3343 2189 Dona
3366 2137 3462 2189 ho-

1914 2217 2151 2270 minibus
2185 2217 2408 2285 largitus
2455 2226 2537 2270 est
2587 2219 2744 2280 Deus,
2784 2234 2902 2286 qua;
2935 2221 3099 2275 etiam
3126 2223 3328 2276 vellent
3361 2239 3460 2277 an-

1914 2306 2071 2376 geli.»
2107 2305 2246 2369 Quid
2273 2306 2463 2373 plura?
2492 2306 2547 2360 Si
2576 2310 2716 2360 enim
2751 2308 2818 2362 de
2850 2309 3117 2378 aliquibus
3149 2314 3349 2367 sanctis
3378 2315 3458 2366 vi-

1915 2403 2023 2447 tam
2060 2395 2237 2448 adhuc
2266 2396 2547 2464 agentibus
2590 2398 2911 2461 audivimus,
2945 2415 3039 2453 eos
3068 2402 3180 2454 suis
3205 2404 3459 2471 precibus

1917 2484 2177 2552 quosdam
2204 2487 2293 2551 qui
2333 2485 2384 2536 in
2427 2484 2704 2554 impietate
2735 2489 3026 2555 perierant,
3058 2505 3085 2543 a
3127 2494 3459 2561 sempiterno

1907 2573 2168 2640 supplicio
2190 2573 2472 2638 liberasse,
2497 2575 2626 2642 quid
2663 2576 2841 2630 obstat
2867 2579 3158 2645 quominus
3190 2582 3288 2642 illi.
3322 2598 3459 2650 prae-
3490 2617 3494 2620 ι

1902 2663 2043 2716 senti
2079 2663 2186 2716 vita
2237 2663 2515 2717 immutata
2576 2663 2791 2733 Deoque
2860 2668 3272 2736 prepinquiores
3328 2670 3457 2726 facti

1907 2768 1967 2806 ea
2034 2765 2153 2818 qua:
2216 2760 2584 2806 antecesSures
2643 2758 3162 2825 agant,eademque
3209 2759 3458 2815 fruantur

1904 2842 2101 2895 virtute
2139 2857 2202 2897 ac
2245 2833 2499 2907 efﬁcacia,
2530 2859 2599 2897 ne
2633 2843 2804 2898 dicam
2864 2849 3030 2900 multo
3092 2850 3280 2918 majori
3329 2865 3455 2918 pro-

1906 2939 2022 2998 pter
2044 2930 2268 2998 bujusce
2291 2933 2470 2985 carnis
2491 2933 2878 2999 depositionem
2903 2934 3020 2990 ?Ne
3046 2937 3208 3005 igitur
3234 2937 3452 2992 Patrum

246 3029 526 3096 ἐνέργειάν
561 3043 618 3077 τε
651 3026 747 3078 καὶ
777 3024 1027 3091 δύναμιν,
1066 3024 1152 3074 ῖνα
1188 3023 1261 3092 μὴ
1293 3013 1434 3088 λέγω
1471 3021 1649 3090 πολλῷ
1686 3024 1802 3089 μεί-
1830 3018 1870 3074 C

1797 3051 1802 3060 .
1830 3018 1870 3074 c
1904 3015 2242 3083 dogmatibus
2270 3018 2636 3083 adversemur,
2660 3018 3035 3075 incredulitate
3058 3031 3110 3077 et
3132 3025 3450 3079 dubitando.

244 3118 408 3180 ζονα,
441 3117 526 3167 διά
558 3131 619 3182 γε
653 3115 750 3183 τὴν
780 3113 878 3180 τῆς
912 3113 1112 3180 σαρκὸς
1142 3111 1342 3179 ταύτης
1376 3111 1667 3175 ἁπόθεσιν;
1705 3112 1795 3182 Μὴ

239 3203 341 3259 οὖν
372 3206 780 3272 ἁντιπίπτωμεν
809 3205 923 3263 ταῖς
953 3204 1241 3271 πατρικαῖς
1273 3202 1633 3270 παραδόσεσι,
1666 3202 1797 3271 μηδὲ

241 3299 391 3357 ὅπως
437 3297 607 3363 ἔχοιεν
652 3288 812 3347 αὗται
859 3292 1384 3361 περιεργαζὼμεθα·
1432 3292 1645 3363 ἐγράφη
1689 3293 1796 3360 γὰρ

242 3386 417 3438 ταῦτα
443 3386 538 3453 οὐχ
567 3386 652 3436 ῐνα
681 3383 1240 3450 πολυπραγμονῶμεν,
1272 3382 1385 3434 ἁλλ’
1413 3382 1496 3434 ῐνα
1526 3381 1794 3434 πιστεύω-

244 3493 369 3544 μεν,
410 3479 502 3528 καὶ
542 3475 628 3527 ῖνα
667 3471 1008 3532 πιστεύοντες
1049 3473 1190 3542 ζωὴν
1230 3473 1446 3525 αίώνιον
1483 3473 1701 3542 ἔχοιμεν
1739 3473 1795 3524 ὲν

241 3570 467 3632 αἰῶνας.
505 3570 698 3638 Ἀμήν.

1904 3102 2030 3157 Hinc
2049 3104 2194 3156 enim
2229 3107 2426 3173 scripta
2452 3114 2600 3171 sunt,
2627 3123 2731 3160 non
2764 3119 2821 3162 ut
2853 3120 3244 3175 scrutaremur,
3273 3115 3365 3167 sed
3397 3124 3455 3167 ut

1906 3195 2275 3254 crederemus.
2311 3210 2374 3248 ac
2404 3196 2629 3263 proinde
2673 3207 2727 3249 ut
2756 3199 3064 3264 credentes,
3104 3202 3266 3254 vitam
3297 3212 3450 3256 atter-

1900 3299 2023 3337 nam
2058 3284 2370 3348 habeamus,
2402 3286 2455 3337 in
2484 3283 2698 3339 Christo
2724 3284 2855 3340 Jesu
2878 3287 3103 3342 Domino
3135 3301 3341 3356 nostro,
3364 3293 3452 3345 cui

1899 3375 2064 3447 gloria
2107 3376 2162 3428 in
2194 3375 2404 3427 saecula.
2445 3376 2637 3430 Amen.

1862 3468 2079 3539 Χριστῷ
2114 3467 2289 3536 Ἰησοῦ
2341 3467 2419 3535 τῷ
2452 3469 2638 3536 Κυρίῳ
2671 3468 2860 3537 ἡμῶν,
2919 3465 2961 3539 ᾧ
2995 3472 3029 3540 ἡ
3061 3471 3186 3536 δόξα
3216 3473 3293 3536 είς
3326 3473 3452 3538 τοὺς

1588 3681 1921 3740 EPISTOLA
1958 3679 2100 3734 XIX.

597 3829 673 3881 Ad
709 3826 886 3882 Nilum
927 3827 1257 3879 monachum.
1298 3852 1366 3867 —
1398 3821 1580 3875 Preces
1609 3837 1702 3889 pro
1735 3819 1951 3873 mortuis
1982 3827 2028 3870 et
2060 3817 2408 3883 eleemosynas
2444 3830 2544 3867 non
2573 3815 2770 3882 {rustra
2808 3815 2926 3882 ﬁeri
2957 3815 3054 3885 (2).

314 3967 437 4020 Ὀτι
474 3965 571 4034 μὲν
601 3960 693 4019 οῦν
730 3965 789 4018 οὐ
819 3964 924 4034 χρὴ
977 3963 1118 4015 κατά
1165 3981 1216 4015 τι
1247 3961 1512 4024 διστάζειν
1542 3959 1632 4011 ἐπὶ
1672 3960 1790 4018 ταῖς

235 4057 557 4125 γινομέναις
595 4055 862 4117 εύποιίαις
893 4055 1042 4122 παρὰ
1092 4053 1278 4119 τινῶν,
1307 4053 1467 4122 χάριν
1503 4051 1600 4120 μὲν
1632 4050 1782 4100 εὐσε-

235 4149 379 4211 ϐῶν,
414 4145 752 4216 ἁμαρτωλῶν
796 4146 850 4196 δὲ
875 4186 889 4209 ,
925 4143 1272 4196 πειθέτωσαν
1333 4143 1482 4210 ἡμᾶς
1547 4140 1652 4208 πρὸ
1680 4139 1788 4190 τῶν

1967 3955 2082 4008 Νοη
2113 3969 2230 4008 esse
2261 3954 2440 4020 itaque
2471 3953 2828 4005 dubitandum
2878 3953 2944 4006 de
2988 3953 3144 4007 bonis
3190 3955 3448 4022 operibus

1895 4059 2012 4112 qua
2045 4045 2110 4095 ab
2138 4043 2403 4109 aliquibus
2431 4041 2584 4102 fiunt,
2621 4042 2833 4109 piorum
2865 4041 3080 4108 quidem
3112 4044 3278 4109 gratia
3301 4083 3316 4106 ,
3351 4045 3446 4098 sed

1897 4144 2272 4203 peccatorum,
2323 4133 2676 4198 persuadeant
2718 4147 2814 4185 nos
2849 4142 2974 4184 ante
3020 4133 3155 4187 alios
3195 4135 3444 4203 discipuli

232 4239 418 4292 ἄλλων
463 4238 510 4288 οἱ
546 4236 781 4305 μαθηταὶ
819 4234 1052 4302 Χριστοῦ
1110 4235 1202 4286 καὶ
1259 4230 1562 4322 ἀπόστολοιἶ
1612 4231 1787 4322 τρίτα,
1823 4266 1868 4322 D

1823 4266 1868 4322 Β
1896 4225 2089 4279 Christi
2120 4233 2170 4278 et
2196 4223 2443 4292 apostoli,
2478 4223 2668 4277 diebus
2697 4224 2874 4286 tertio,
2918 4239 3062 4278 nono
3114 4235 3167 4279 et
3206 4228 3441 4292 quadra-

233 4328 439 4380 ἔννατα
490 4325 581 4377 καὶ
612 4324 1040 4392 τεσσαρακοστὰ,
1109 4322 1197 4374 ναὶ
1243 4319 1368 4388 μὴν,
1409 4320 1500 4370 καὶ
1547 4317 1792 4369 ἐνιαύσια
1823 4315 1858 4322 ⁷

1787 4336 1792 4367 μ
1823 4315 1858 4322 ⁷
1894 4317 2113 4385 gesimo,
2142 4329 2242 4368 nec
2271 4330 2377 4368 non
2401 4324 2452 4367 et
2476 4326 2665 4368 exacto
2693 4329 2835 4367 anno
2869 4315 3080 4381 publice
3107 4328 3440 4370 mortuorum

230 4415 515 4469 τελεῖσθαι
549 4413 743 4474 κοινῶς
780 4415 873 4466 ἐπὶ
925 4416 1034 4472 τοῖς
1070 4411 1325 4463 τεθνεῶσι
1376 4407 1780 4474 διαταξάμενοι.

231 4503 303 4553 Εἰ
332 4501 436 4567 γὰρ
460 4501 488 4550 6
520 4499 803 4560 Νυσσαεὺς
832 4498 968 4559 θεῖος
993 4498 1310 4565 Γρηγόριος,
1333 4495 1629 4569 τοῑςοίεροῖς
1661 4495 1791 4544 ἁπο-

235 4590 453 4648 στόλοις
490 4586 751 4653 ἑπόμενος
787 4584 958 4647 οὕτως
993 4585 1217 4653 εὕρηται
1248 4585 1442 4652 λέγων,
1465 4583 1630 4635 Οὐδὲν
1663 4580 1787 4633 ἁλο-

227 4676 437 4742 γίστως
484 4674 602 4726 οὐδὲ
633 4673 878 4742 ἀκερδῶς
925 4673 1030 4724 ἀπὸ
1086 4673 1190 4724 τῶν
1222 4673 1313 4724 τοῦ
1336 4670 1568 4741 Χριστοῦ
1602 4669 1783 4739 μαθη-

227 4767 351 4818 τῶν
405 4765 777 4832 παραδίδοται,
816 4764 969 4816 ἁλλὰ·
989 4764 1049 4814 τὸ
1077 4765 1308 4831 πρᾶγμα
1333 4763 1550 4822 πάντως
1580 4763 1788 4826 ἐπωφε-

224 4856 351 4916 λὲς,
381 4855 437 4905 τδ
475 4853 695 4922 μνήμην
730 4855 902 4903 ποιεῖν
945 4854 1036 4904 ἐπὶ
1070 4853 1170 4922 τῆς
1215 4851 1366 4914 θείας
1401 4850 1787 4919 μυσταγωγίας

224 4945 350 4999 τῶν
380 4943 584 4996 πιστῶν
641 4942 1094 5011 κεκοιμημένωνο
1159 4941 1338 5008 πολλῷ
1393 4935 1591 5009 μᾶλλον
1637 4941 1784 5007 ἡμᾶς

225 5034 700 5103 ἁλογοπραγήτως
731 5033 957 5085 ἕπεσθαι
999 5033 1128 5102 χρή.
1163 5032 1226 5085 Ei
1262 5034 1393 5098 γὰρ,
1426 5031 1677 5098 καθάπερ
1709 5030 1785 5080 εί-

229 5127 532 5197 ρήκαμεν,
599 5124 735 5190 ὑπὲρ
787 5123 895 5174 τῶν
947 5124 1007 5174 ιν
1055 5123 1349 5189 ἁμαρτίαις
1404 5120 1784 5197 ἀποθανόντων

222 5216 431 5267 Θυσίαν
471 5216 766 5282 προσάγειν
796 5215 895 5265 οὐκ
927 5212 1350 5278 ἁποκλειόμεθα,
1400 5211 1492 5261 καὶ
1542 5212 1568 5262 6
1613 5210 1781 5277 μέγας

224 5306 515 5365 Βασίλειος
551 5306 608 5357 ὲν
646 5308 710 5374 τῇ
742 5305 900 5373 τρίτῃ
936 5307 1066 5373 εὐχῇ
1098 5306 1162 5373 τῇ
1206 5301 1474 5370 λεγομένῃ
1514 5301 1654 5353 κατὰ
1683 5298 1782 5368 τὴν

309 5478 384 5546 (Ι)
421 5479 660 5549 Respicit
697 5481 773 5546 (ut
806 5479 1190 5546 cognoscimus
1223 5495 1288 5532 ex
1322 5479 1443 5533 aliis
1467 5479 1651 5549 Clycae
1680 5479 1793 5546 epi-

223 5551 396 5601 stolis
443 5547 543 5602 seu‘
584 5549 924 5616 tractatibus)
953 5549 1016 5600 ad
1060 5549 1424 5601 narrationem
1457 5547 1515 5601 S.
1540 5549 1782 5616 Gregorii

223 5617 344 5679 Pl',
408 5633 455 5670 t'l
531 5620 762 5670 aliorum
816 5617 882 5671 de
933 5619 1108 5671 salute
1137 5616 1355 5686 Trajaui
1390 5617 1544 5684 imp.,
1581 5617 1644 5669 de
1681 5631 1787 5685 qua

1893 4404 2177 4457 memorias
2210 4403 2319 4456 fieri
2356 4401 2731 4454 decernentes.
2767 4401 2975 4454 Etenim
3030 4403 3130 4456 etsi
3170 4402 3446 4471 Nyssenus

1890 4495 2046 4549 divus
2071 4494 2359 4559 Gregorius
2386 4493 2552 4545 sacris
2577 4492 2831 4559 apostolis
2863 4492 3119 4545 insistens
3150 4493 3264 4545 bare
3294 4508 3444 4560 repe-

1890 4587 2025 4638 ritur
2069 4585 2267 4637 dixisse
2299 4599 2321 4656 τ’
2347 4582 2491 4634 Nihil
2536 4582 2650 4634 sine
2696 4581 2902 4634 ratione
2949 4589 3002 4633 et
3046 4584 3160 4634 siue
3211 4582 3362 4635 lucro
3416 4597 3443 4632 a

1887 4676 2088 4731 Christi
2119 4675 2394 4742 discipulis
2422 4674 2680 4736 traditur,
2715 4689 2802 4727 res
2835 4681 3010 4731 tamen
3060 4672 3174 4739 ipsa
3225 4673 3445 4725 omnino

1890 4766 2034 4818 utilis
2069 4776 2170 4826 est,
2203 4763 2516 4817 memoriam
2551 4763 2789 4816 recolere
2823 4763 2874 4815 in
2904 4762 3085 4816 divina
3113 4763 3326 4828 liturgia
3356 4778 3447 4816 eo-

1883 4871 2026 4916 rum.
2064 4855 2154 4922 qui
2207 4856 2260 4906 in
2309 4854 2410 4906 ﬁde
2445 4852 2872 4917 obdormierunt,
2907 4853 3075 4906 multo
3121 4853 3291 4920 magis
3344 4867 3444 4905 nos

1885 4948 2000 4998 sine
2051 4943 2276 4997 auctiori
2327 4943 2571 4996 examine
2619 4943 2770 5011 sequi
2825 4943 3070 4996 addecet.
3118 4943 3326 4996 Etenim
3375 4945 3440 5014 si.

1890 5033 2334 5103 quemadmodum
2385 5032 2635 5096 diximus,
2688 5047 2784 5099 pro
2837 5032 2926 5096 iis,
2957 5031 3048 5099 qui
3097 5033 3150 5084 in
3204 5032 3442 5098 peccatis

1893 5120 2162 5174 immortui
2199 5128 2345 5183 sunt,
2374 5119 2692 5174 sacriﬁcium
2714 5119 2908 5172 oﬂ'erre
2938 5134 3046 5171 non
3073 5120 3438 5184 prohibemur;

1889 5209 2028 5277 quod
2062 5219 2115 5262 et
2137 5209 2346 5262 divinus
2382 5209 2612 5262 Basilius
2646 5210 2698 5262 in
2732 5210 2887 5263 tertia
2917 5211 3182 5270 oratione,
3211 5225 3328 5276 qua:
3353 5209 3439 5261 die

1887 5292 2218 5353 Pentecostte
2241 5312 2395 5352 sacro
2416 5298 2634 5362 dicitur,
2661 5298 2819 5366 plane
2837 5299 3048 5364 edocet,
3083 5299 3153 5353 ita
3179 5299 3247 5352 ad
3271 5300 3437 5352 Deum

1889 5476 2023 5558 satis
2063 5487 2116 5531 et
2145 5493 2174 5530 a
2205 5476 2388 5530 multis
2435 5476 2640 5531 criticis
2672 5485 2724 5530 et
2754 5464 2783 5530 a
2816 5476 3078 5548 theologis
3109 5477 3437 5546 disputatum

1887 5546 2033 5687 fma)
2076 5615 2236 5670 Allat.
2278 5616 2353 5670 De
2381 5630 2674 5681 consensu,
2704 5614 2807 5668 col.
2839 5617 2993 5670 1194.
