4186 6430
240 397 348 465 925

1580 386 1942 447 EPISTOLA
1982 386 2138 444 XIX.

3381 386 3482 446 926

232 506 422 571 λόγοις
455 504 543 555 ἐπὶ
575 501 831 555 τοσοῦτον
855 501 1163 571 ἐχρήσατο,
1203 498 1303 551 οὐκ
1336 496 1404 550 ἂν
1432 496 1480 547 οί
1513 494 1806 553 πεινῶντες

1920 492 2156 560 aliosque
2184 492 2347 545 ctiam
2378 492 2629 547 nolentes
2671 492 2772 561 ipsi
2828 493 2877 546 in
2924 508 3103 547 rerum
3137 493 3485 563 propriarum

231 595 540 665 τηνικαῦτα
601 595 923 663 ἐτράφησαν
953 634 966 655 ,
1001 592 1096 645 καὶ
1125 591 1302 642 ταῦτα
1346 585 1508 653 λιμοῦ
1545 584 1805 653 μεγίστου

1917 582 2386 650 participationem
2420 593 2763 637 evocasscttt.

234 688 307 755 τῇ
355 684 511 737 πόλει
579 682 971 750 ἐνσκήψαντος,
1042 681 1143 732 οὐκ
1191 678 1256 731 ἂν
1303 672 1749 743 ἐπικαμφθέντες
1804 674 1855 725 οἱ
1896 672 2300 743 φιλοχρήματοι
2369 673 2464 724 καὶ
2520 673 2746 735 ἄκοντες
2798 673 3100 743 ἐτράποντο
3135 689 3269 742 προς
3320 674 3484 742 μετά-

244 779 417 832 δοσιν.

307 869 401 938 Μὴ
448 864 542 919 οῦν
580 866 641 931 ἐξ
676 866 935 932 ἀπειρίας
966 865 1079 917 τῶν
1122 865 1532 933 γεγραμμένων
1580 858 1809 920 ἑαυτοὺς

232 960 753 1028 καταϐλάητωμεν,
796 958 884 1011 ῐνα
936 958 1011 1027 μὴ
1058 958 1150 1009 καὶ
1186 956 1543 1019 λανθάνοντες
1596 952 1806 1021 αἱρέσει

233 1053 647 1122 περιπέσωμεν,
676 1046 743 1120 ἧς
768 1049 1106 1118 ἐχρημάτισε
1137 1047 1372 1116 σπορεὺς
1405 1047 1434 1096 ὀ
1455 1042 1697 1111 ’Δέριος,
1732 1041 1809 1110 μὴ

229 1146 349 1199 δεῖν
376 1145 553 1212 λέγων
605 1143 749 1213 ὑπὲρ
796 1142 906 1194 τῶν
961 1139 1395 1209 κεκοιμημένων
1450 1136 1808 1206 προσφέρειν,

233 1240 322 1290 ὅτι
357 1237 492 1307 μηδέ
517 1235 874 1305 προσγίνεται
895 1251 981 1297 τις
1012 1232 1262 1285 ἐντεῦθεν
1285 1231 1519 1291 ἐκείκοις
1548 1227 1807 1297 ὠφέλεια.

240 1329 305 1380 El
333 1328 388 1380 δέ
413 1327 591 1380 ταῦτα
621 1325 795 1389 οὕτως
836 1324 973 1396 εχει,
1019 1323 1291 1388 διστάζειν
1327 1323 1542 1384 πάντως
1574 1319 1664 1373 ἐπὶ
1689 1320 1811 1378 ταῖς

238 1421 351 1473 τῶν
376 1418 760 1488 ἀποιχομένων
800 1418 1041 1487 μνήμαις
1072 1417 1170 1468 οὐκ
1218 1414 1457 1479 εὔλογον.
1492 1411 1650 1475 Πῶς;
1701 1409 1810 1462 Καὶ

237 1511 353 1578 γὰρ
384 1508 497 1575 είγε
544 1506 675 1578 περί
708 1524 873 1560 τινων
904 1507 964 1557 ἐν
1011 1504 1265 1574 εὐσεϐείᾳ
1307 1504 1400 1556 τὸν
1428 1502 1541 1571 βίον
1576 1498 1810 1553 καταλυ-

240 1602 454 1653 σάντων
484 1600 723 1668 δεήσεως
747 1596 1035 1666 γεγονυίας
1066 1596 1473 1663 ἐπικάμπτεται
1499 1595 1527 1645 6
1560 1591 1810 1661 ἐλεήμων

236 1692 395 1754 Θεὸς,
426 1692 517 1742 καὶ
550 1690 900 1760 συγχώρησιν
947 1688 1177 1758 παρέχει
1201 1689 1314 1749 τοῖς
1341 1688 1668 1754 πταίσμασι.
1698 1680 1810 1735 Καὶ

1989 852 2067 908 Ne
2095 855 2280 924 itaque
2309 871 2373 908 es
2406 857 2744 924 ignoratione
2773 859 3101 928 scriptorum
3125 860 3488 929 nosmetipsos

1919 944 2210 1007 laedamus,
2248 960 2318 998 ne
2352 946 2582 1000 latenter
2625 948 2678 999 in
2713 948 2937 1002 haeresin
2970 949 3299 1012 incidamus,
3327 966 3488 1018 quam

1918 1035 2115 1087 Acrius
2149 1034 2546 1099 disseminavit,
2576 1051 2682 1090 non
2713 1052 2832 1090 esse
2853 1078 2866 1102 ,
2897 1039 3166 1107 inquiens,
3211 1057 3309 1107 pro
3344 1055 3489 1092 mor-

1915 1120 2026 1175 tuis
2055 1120 2390 1175 oll'erendum
2419 1162 2431 1183 ,
2467 1124 2612 1191 quod
2667 1124 2812 1177 nulla
2849 1126 2956 1178 illis
2994 1127 3121 1179 inde
3152 1127 3355 1179 utilitas
3391 1128 3490 1180 ad-

1917 1222 2189 1265 nascatur.
2234 1212 2361 1266 Haec
2393 1214 2437 1265 si
2472 1214 2545 1266 ita
2576 1229 2633 1267 se
2668 1214 2895 1281 habent,
2930 1217 3189 1284 quislibet
3222 1218 3490 1273 dubitatio

1915 1303 1982 1356 de
2006 1303 2389 1357 defunctorum
2420 1305 2680 1358 memoria
2704 1306 2939 1360 absurda
2975 1307 3179 1362 fuerit:
3210 1325 3332 1363 cum
3354 1324 3491 1364 non-

1915 1395 2100 1461 nullis,
2128 1397 2221 1465 qui
2277 1396 2329 1449 itt
2384 1397 2587 1465 pietate
2622 1400 2785 1454 vitam
2818 1401 3206 1467 deseruerunt,
3241 1403 3491 1469 precibus

1913 1488 2443 1553 eﬂ'usis,misericors
2471 1490 2718 1545 flectatur
2744 1492 3232 1563 Deus,delictisque
3252 1495 3491 1563 praebeat

1920 1581 2318 1637 remissionem.
2344 1582 2482 1645 Audi
2514 1593 2751 1638 veterem
2782 1586 3086 1649 historiam,
3120 1587 3277 1656 cujus
3304 1586 3491 1641 memi—

1916 1672 1998 1726 nit
2024 1673 2390 1728 Damascenus
2413 1673 2657 1730 Joannes
2680 1714 2695 1738 ,
2724 1675 2778 1730 in
2807 1678 3007 1746 saepius
3046 1687 3342 1747 praenotata
3370 1694 3490 1733 ora-

238 1780 405 1832 ἄκουε
454 1778 690 1840 παλαιᾶς
726 1779 967 1847 ἱστορίας
993 1815 1008 1841 ,
1048 1772 1117 1848 ἦς
1155 1776 1481 1847 ἐπεμνήσθη
1511 1776 1608 1827 καὶ
1640 1774 1669 1826 6
1701 1774 1806 1825 Δα-

1920 1763 2087 1819 tione.
2140 1763 2364 1835 Magnus
2415 1765 2731 1837 Gregorius,
2786 1779 3147 1839 cognomento
3196 1770 3493 1840 Dialogus,

245 1868 527 1939 μασκηνδς
549 1869 806 1939 Ἰωάννης
854 1871 912 1921 ἐν
961 1869 1040 1939 τῷ
1086 1867 1438 1937 διαληφθέντι
1464 1863 1635 1918 αὑτοῦ
1667 1864 1810 1932 λόγῳ

238 1960 461 2025 λέγων·
504 1951 565 2012 ’0
599 1959 774 2028 μέγας
815 1959 1119 2028 Γρηγόριος
1173 1960 1201 2010 ὁ
1249 1958 1507 2022 Διάλογος
1556 1955 1660 2007 ἀνά
1708 1953 1810 2020 τὴν

236 2049 458 2119 λιθίνην
507 2051 739 2119 πορείαν
794 2048 1110 2118 γενόμενος.
1170 2046 1265 2100 καὶ
1317 2046 1447 2108 στὰς
1497 2042 1809 2112 ἐξεπίτηδες

236 2141 413 2211 εὐχὴν
443 2142 717 2211 κραταιὰν
748 2140 887 2210 πρὸς
910 2140 1002 2193 τὸν
1031 2139 1329 2208 φιλόψυχον
1354 2136 1487 2191 Θεὸν
1514 2135 1654 2205 ὑπὲρ
1684 2151 1812 2201 συγ-

238 2232 542 2303 χωρήσεως
600 2228 873 2299 Τραϊανοῦ
921 2228 1016 2282 τοῦ
1072 2228 1335 2299 βασιλέως
1381 2225 1673 2295 πεποίηκε.
1700 2226 1811 2279 Καὶ.

239 2324 562 2393 παραυτίκα
606 2322 791 2392 φωνῆς
836 2320 1021 2374 θεόθεν
1077 2320 1393 2390 ἐνεχθείσης
1428 2318 1575 2388 αὐτῷ
1608 2317 1813 2387 ἐπακή-

239 2430 365 2477 κοε,
403 2414 497 2467 καὶ
552 2413 677 2468 τάδε
732 2412 1075 2481 διεξιούσης⁹
1121 2414 1238 2482 Τῆς
1283 2410 1473 2481 εὐχῆς
1517 2425 1635 2464 σου
1659 2409 1815 2478 ὑπή-

239 2522 462 2570 κουσα,
495 2506 595 2560 καί
652 2504 1022 2574 συγγνώμην
1057 2503 1320 2573 Τραιανῷ
1348 2503 1576 2573 δίδωμι,
1621 2504 1703 2555 σὺ
1745 2501 1817 2554 δὲ

232 2596 456 2668 μηκέτι
485 2602 683 2665 arpr
694 2596 763 2665 ἧς
813 2599 967 2666 ὑπὲρ
1011 2598 1250 2653 άσεδῶν
1274 2595 1461 2665 εὐχὰς
1489 2594 1817 2663 προσενέγ-

240 2708 491 2761 semper.
523 2690 778 2744 Τοιοῦτον
829 2690 889 2743 δέ
934 2708 988 2744 τι
1037 2688 1343 2759 παράδοξον
1396 2691 1491 2741 καὶ
1520 2690 1555 2757 ή
1605 2704 1819 2759 πρωτο-

243 2785 461 2855 μάρτυς
494 2784 669 2837 Θέκλα
700 2783 1018 2855 εἰργάσατο.
1060 2783 1329 2854 Δεηθείσα
1362 2782 1471 2851 γάρ
1505 2781 1646 2851 ὑπὲρ
1677 2780 1818 2833 Φαλ-

244 2877 476 2944 κονίλης
510 2876 657 2938 τινὸς
706 2874 937 2935 ἀσεϐοῦς
972 2872 1140 2944 οθσης
1198 2874 1496 2944 ἑπικαμπῆ
1542 2874 1633 2926 τὸν
1664 2870 1820 2941 ἐλεή-

247 2981 396 3036 μονα
422 2966 517 3018 καὶ
548 2965 691 3037 αὕτη
730 2967 867 3020 Θεὸν
898 2965 1122 3036 εὕρατο.

314 3042 385 3113 Ἐί
414 3060 471 3113 δέ
503 3059 678 3114 ταῦτα
711 3060 887 3123 οὕτως
924 3062 1041 3130 ἔχει
1066 3100 1083 3126 ,
1136 3060 1253 3123 πῶς
1287 3059 1391 3113 οὐκ
1432 3057 1817 3127 είσακουσθείη

1914 1869 2037 1909 cum
2069 1870 2168 1924 per
2216 1856 2398 1910 forum
2449 1857 2720 1926 lapidibus
2764 1868 2994 1914 stratum
3037 1861 3141 1915 iter
3169 1860 3396 1925 faceret,
3426 1876 3492 1914 ex

1912 1939 2180 2000 industria
2222 1948 2491 2015 constitit,
2527 1956 2582 2001 et
2622 1948 2829 2004 validas
2858 1965 3048 2019 preces
3080 1951 3149 2005 ad
3180 1951 3492 2005 misericor-

1914 2034 2037 2089 dem
2060 2034 2456 2106 animabusque
2480 2039 2776 2107 pr0pitium
2806 2040 3017 2104 habuit,
3047 2051 3105 2095 ut
3135 2042 3485 2110 imperatoris

1916 2122 2137 2193 Traiani
2174 2123 2389 2179 delictis
2424 2125 2767 2195 ignosceret;
2801 2138 2854 2181 et
2904 2128 3196 2186 confestim
3246 2145 3372 2193 vox,
3414 2130 3495 2182 di-

1914 2211 2121 2265 vinitus
2150 2211 2333 2275 allata,
2369 2213 2552 2267 audita
2584 2225 2667 2270 est
2690 2254 2703 2277 ,
2739 2215 2794 2267 in
2825 2216 2970 2270 hunc
3000 2218 3221 2272 modum
3252 2217 3440 2272 dicens
3477 2236 3490 2272 :

1916 2300 2106 2355 Preces
2140 2310 2258 2355 tuas
2306 2292 2508 2367 audivi,
2539 2309 2589 2357 et
2616 2304 2823 2356 veniam
2851 2304 3085 2373 Trajano
3112 2306 3216 2370 do;
3250 2316 3305 2359 at
3340 2316 3397 2358 tu
3432 2322 3496 2360 ne

1917 2391 2045 2445 mihi
2068 2394 2285 2459 posthac
2310 2409 2406 2461 pro
2434 2394 2609 2463 impiis
2638 2396 2965 2464 precationes
2996 2398 3269 2451 adhibeas.
3299 2397 3491 2451 Simile

1916 2481 2191 2552 quidpiam
2250 2484 2635 2538 admirandum
2690 2494 2746 2539 et
2796 2486 2970 2555 prima
3031 2497 3235 2557 martyr
3290 2487 3494 2544 Thecla

1916 2583 2138 2640 operata
2170 2582 2274 2627 est.
2310 2572 2722 2629 Precationibus
2751 2591 2989 2647 namque
3019 2576 3204 2632 eﬂusis
3243 2594 3340 2647 pro
3368 2579 3498 2634 Fal-

1919 2662 2117 2717 conilla
2142 2663 2395 2733 quapiam
2429 2665 2619 2735 impia,
2643 2668 2940 2738 propitium
2972 2676 3028 2723 et
3052 2670 3165 2739 ipsa
3197 2668 3363 2726 Deum
3395 2673 3498 2726 mi-

1919 2754 2251 2810 sericordem
2283 2755 2515 2813 invenit.

1993 3035 2120 3091 llaec
2148 3050 2273 3092 cum
2312 3036 2388 3092 ita
2414 3034 2547 3102 sint,
2580 3036 2858 3106 quomodo
2886 3050 2995 3091 non
3026 3040 3370 3106 exaudietur,
3399 3043 3493 3111 qui

242 3153 318 3204 ἂν
342 3154 372 3205 ὁ
403 3152 545 3223 ὺπέρ
592 3153 786 3205 πιστοῦ
815 3127 965 3215 τινος
977 3127 1287 3223 ⁷προσάγων
1316 3152 1416 3223 τὴν
1442 3152 1628 3220 δέησιν
1652 3170 1667 3217 ;
1703 3150 1814 3204 Καὶ

1926 3144 2024 3198 pro
2052 3128 2192 3182 lldeli
2229 3127 2334 3183 alio
2361 3143 2552 3198 preces
2591 3128 2860 3185 eﬂ’ttndit?
2892 3131 2958 3185 Et
2992 3130 3155 3194 audi,
3197 3133 3323 3200 quid
3354 3132 3499 3187 dicat

240 3246 414 3299 ἄκουε
457 3244 512 3298 τί
553 3260 718 3315 φησιν
746 3246 774 3297 6
817 3244 991 3314 μέγας
1024 3244 1306 3312 Διονύσιος
1339 3258 1354 3273 ⁸
1385 3245 1454 3296 Δί
1487 3244 1596 3295 τῶν
1643 3242 1816 3311 ἁγίων

243 3337 555 3407 προσευχαὶ
598 3339 692 3391 καὶ
739 3338 883 3391 κατά
933 3337 1024 3390 τὸν
1067 3337 1194 3406 τῇδε
1235 3335 1369 3406 βίον,
1409 3336 1539 3405 μήτι
1588 3351 1652 3403 γε
1679 3332 1819 3404 μετά

242 3429 483 3483 θάνατον
526 3430 607 3491 είς
647 3429 772 3492 τοὺς
814 3428 1001 3493 ἀξίους
1051 3428 1214 3498 ἱερῶν
1245 3427 1440 3499 εὐχῶν,
1472 3428 1646 3496 ήγουν
1692 3428 1837 3489 τοῦς,

243 3521 497 3585 πιστοὺς,
536 3521 847 3590 ἐνεργοῦσι.
894 3521 1005 3574 Καὶ
1051 3522 1079 3574 6
1119 3515 1525 3591 χρυσορρήμων
1568 3519 1820 3588 Ἰωάννης

243 3618 307 3669 ἐν
352 3618 418 3686 τῇ
476 3614 616 3683 πρὸς
649 3615 1050 3683 Φιλιππησίους
1105 3612 1363 3681 ἐπιστολῇ
1409 3612 1682 3664 διδάσκων
1732 3605 1822 3663 οἷα

245 3712 345 3762 καὶ
366 3708 468 3761 ὅσα
491 3708 632 3777 ὑπὲρ
659 3708 771 3760 τῶν
795 3706 1177 3776 ἀποιχομένων
1203 3706 1462 3758 δύνανται
1487 3703 1819 3771 προσφοραὶ,

246 3805 351 3854 καὶ
388 3800 515 3852 τάδε
555 3799 743 3869 φησιν’
780 3799 845 3852 Et
877 3799 985 3868 γάρ
1011 3796 1482 3866 συγκατακαίουσι
1514 3796 1627 3854 τοῖς
1653 3794 1820 3845 απελ-

245 3891 437 3945 θοῦσιν
464 3893 517 3943 οι
544 3890 809 3960 Ἕλληνες
832 3929 848 3956 ,
896 3889 1043 3961 ἅπερ
1079 3892 1275 3942 ἐκεῖνοι
1308 3889 1509 3952 ζῶντες
1559 3890 1821 3955 ἐκέκτην-

244 4001 333 4046 το,
372 3984 524 4053 πόσῳ
563 4000 629 4051 γε
689 3982 893 4052 μᾶλλον
939 3982 1000 4035 σέ
1061 3981 1155 4037 τὸν
1206 3983 1400 4034 πιστὸν
1452 3980 1822 4051 παραπέμψαι

243 4077 332 4129 δεῖ
360 4074 437 4145 τῷ
452 4076 798 4145 ἀπειχομένῳ
822 4075 892 4127 τά
914 4076 1087 4127 οἰκεῖα
1111 4089 1126 4139 ;
1156 4075 1254 4143 οὐχ
1298 4074 1385 4127 ἵνα
1414 4075 1587 4143 τέφρα
1614 4075 1821 4140 γένων-

243 4169 362 4230 sit,
393 4167 577 4231 καθὼς
609 4170 812 4234 ἐκεῖνα,
844 4166 959 4220 ἀλλ’
985 4168 1067 4221 ἵνα
1098 4169 1325 4235 μείζονα
1350 4168 1526 4238 τούτῳ
1555 4166 1824 4239 περιϐάλῃ

242 4263 349 4332 τὴν
383 4263 542 4328 δόξαν
567 4278 581 4292 ·
607 4261 764 4314 καὶεί
798 4261 895 4331 μὲν
922 4260 1250 4329 ἁμαρτωλὸς
1269 4261 1298 4313 6
1334 4257 1617 4329 τεθνηκὼς
1652 4259 1822 4313 ίναιεά

248 4355 626 4425 ἁμαρτήματα
684 4353 846 4423 λύσῃ·
881 4355 930 4406 εί
988 4353 1045 4406 δέ
1104 4353 1346 4417 δίκαιος,
1392 4352 1479 4405 ἵνα
1530 4352 1820 4422 προσθήκη

245 4453 480 4517 γένηται
521 4446 713 4515 μισθοῦ
761 4446 861 4500 καὶ
923 4446 1267 4508 ἀντιδόσεως.
1330 4446 1515 4498 Ταῦτα
1569 4446 1669 4515 μὲν
1726 4441 1823 4499 οὖν

247 4541 557 4595 ἐπιϐεϐαιοί
593 4539 687 4592 καὶ
735 4539 805 4591 τά
856 4540 914 4591 ἐν
950 4538 1029 4605 τῷ
1066 4538 1164 4609 βίῳ
1202 4538 1296 4590 τοῦ
1332 4539 1603 4607 μακαρίου
1636 4539 1816 4590 Ἰωάνο

246 4650 344 4685 νου
410 4630 902 4705 τοῦ.Ἐὶ.εήμονος.
975 4629 1034 4682 ⁸0
1091 4631 1201 4699 γὰρ
1253 4631 1394 4691 θεῖος
1465 4629 1619 4692 οὗτος
1681 4628 1820 4700 ἀνὴρ

242 4726 539 4795 παραινῶν
583 4724 830 4788 συνάξεις
882 4723 1156 4779 ἐπιτελεῖν
1202 4724 1311 4774 τῶν
1356 4721 1668 4775 τεθνεώτων
1702 4723 1820 4774 ἐνε-

246 4835 371 4881 κεν,
401 4817 494 4871 ἅτε
531 4816 599 4869 τὰ
633 4817 870 4886 μέγιστα
913 4813 1229 4883 ὠφελούσας
1263 4814 1485 4876 αὐτοὺς,
1523 4815 1618 4865 καὶ
1644 4813 1822 4866 τοιοῦο

247 4915 345 4962 τόν
375 4925 426 4961 τι
454 4908 755 4979 προσετίθη
788 4906 1058 4976 διήγημα·
1092 4907 1328 4968 Νεανίας
1369 4923 1454 4969 τις
1489 4907 1639 4975 παρὰ
1676 4906 1820 4974 Περ-

250 5004 367 5055 σῶν
409 4998 870 5071 αἰχμαλωτισθεὶς
900 5002 959 5051 ἐν
1002 4998 1216 5069 φυλακῇ
1256 5000 1321 5069 τῇ
1360 4997 1629 5067 λεγομένῃ
1666 4997 1820 5066 Λήθῃ

246 5093 508 5164 ἀσφαλῶς
545 5092 887 5161 ἐφρουρεῖτο.
917 5088 1075 5142 Οὕτω
1109 5092 1202 5141 καὶ
1244 5091 1351 5158 γὰρ
1402 5087 1541 5156 αῦτη
1576 5087 1820 5155 ἐλέγετο,

244 5188 342 5240 διά
372 5186 431 5239 τὸ
466 5185 592 5247 τοὺς
623 5186 802 5236 ἐκεῖσε
839 5180 1202 5250 βαλλομένους
1237 5179 1505 5250 μηδέποτε
1549 5175 1819 5231 ἀνίεσθαι.

244 5282 313 5334 οι
347 5277 440 5331 οῦν
474 5275 639 5332 αὑτοῦ
694 5275 1019 5343 γεννήτορες
1069 5262 1143 5335 ῶς
1205 5275 1299 5325 ἐπὶ
1337 5272 1516 5340 νεκρῷ
1558 5271 1627 5323 τά
1676 5288 1826 5323 νενο-

249 5373 499 5443 μισμένα
541 5369 777 5422 ἐτέλουν.
810 5368 990 5434 Φυγάς
1017 5362 1113 5419 οὖν
1152 5365 1180 5417 6
1214 5366 1331 5427 νέος
1361 5365 1575 5418 ἐκεῖθεν
1606 5364 1825 5417 ἐπανελ-

245 5452 385 5527 θὼν,
408 5462 710 5516 διεδεϐαίου
742 5460 964 5513 λύεσθαι
995 5459 1102 5511 τῶν
1123 5457 1339 5526 δεσμῶν
1363 5457 1654 5528 ἐπιστασίᾳ
1681 5459 1823 5521 τινὸς

247 5557 587 5627 Αευκοφόρου
610 5597 625 5621 ,
678 5554 800 5609 καθ’
833 5554 892 5608 ὃν
916 5556 974 5608 αἱ
1008 5553 1259 5618 συνάξεις
1288 5553 1569 5607 ἐτελοῦντο
1609 5556 1821 5623 καιρόν.

326 5651 439 5705 Καὶ
480 5651 533 5702 τί
597 5650 702 5719 χρὴ
763 5648 937 5700 πολλὰ
966 5648 1183 5717 λέγεινς
1239 5648 1298 5701 '0
1330 5648 1503 5718 μέγας
1536 5647 1826 5717 Μακάριος

249 5741 422 5811 εὐχὰς
450 5742 591 5811 ὑπὲρ
622 5742 731 5794 τῶν
762 5743 1179 5809 κεκοιμημένων
1215 5741 1541 5810 ποιούμενος
1582 5740 1828 5810 ἐγλίχετο

251 5834 475 5907 μαθεῖν,
512 5836 626 5903 εἴγε
680 5834 817 5903 πρὸς
864 5834 1050 5905 ὄνησιν
1082 5833 1306 5887 ἐκείνων
1340 5832 1508 5887 ταῦτα
1557 5834 1824 5902 γίνονται.

1930 3234 2161 3290 magnus
2204 3219 2491 3291 Dionysius
2539 3236 2554 3273 :
2601 3219 2924 3275 Sanctorum
2961 3223 3325 3292 precationes,
3354 3224 3499 3278 etin

1922 3309 2179 3380 praesenti
2206 3310 2337 3376 vita,
2370 3326 2479 3364 non
2516 3319 2726 3364 tantum
2759 3321 2882 3380 post
2924 3321 3175 3375 mortem,
3205 3313 3260 3366 in
3286 3329 3382 3368 eos
3404 3308 3495 3382 qui

1921 3403 2125 3457 divinis
2172 3402 2585 3471 precationibus
2633 3404 2778 3473 digni
2827 3414 2979 3469 sunt,
3032 3404 3223 3457 ﬁdeles
3280 3420 3495 3473 nempe,

1921 3502 2241 3560 operantur.
2275 3492 2337 3545 Et
2385 3508 2552 3545 aureo
2606 3507 2701 3546 ore
2749 3491 3009 3558 Joannes,
3058 3494 3113 3546 in
3153 3494 3497 3568 epistola'ad

1920 3582 2319 3650 Pbilippenses,
2347 3581 2574 3644 docens,
2608 3597 2729 3651 quae
2759 3592 2813 3637 et
2845 3594 3048 3652 quanta
3081 3600 3179 3652 pro
3224 3585 3498 3639 defunctis

1921 3672 2231 3725 oblationes
2280 3671 2522 3736 valeant,
2578 3673 2693 3725 haec
2731 3687 2950 3742 quoque
2979 3674 3155 3728 dicit:
3196 3676 3407 3728 Etenim
3453 3676 3497 3729 si

1924 3762 2153 3833 gentiles
2184 3778 2289 3815 una
2312 3778 2436 3817 cum
2468 3764 2720 3827 mortuis,
2748 3780 2869 3834 quae
2896 3765 2972 3819 illi
3000 3766 3103 3819 vivi
3131 3767 3506 3834 possidebant,

1923 3852 2276 3913 comburunt,
2324 3860 2531 3920 quanto
2578 3853 2749 3921 magis
2805 3861 2883 3917 tu,
2937 3854 3030 3922 qui
3090 3854 3264 3908 ﬁdelis
3293 3870 3374 3919 es,
3407 3856 3510 3913 de-

1924 3951 2142 3995 mortuo
2177 3943 2395 4011 prOpria
2426 3942 2643 3997 mittere
2670 3942 2838 3997 debes
2868 3959 2881 3996 :
2911 3958 3019 3997 non
3044 3954 3122 4010 ut,
3145 3946 3514 4015 quemadmo-

1924 4032 2052 4088 dum
2094 4034 2206 4097 illa,
2240 4034 2378 4089 cinis
2407 4034 2559 4099 fiant,
2625 4034 2719 4090 sed
2753 4044 2811 4089 ut
2857 4038 3117 4105 majorem
3163 4035 3239 4091 illi
3272 4037 3508 4107 gloriam

1924 4124 2253 4190 concilient;
2283 4130 2339 4176 et
2371 4124 2416 4177 si
2469 4134 2730 4194 peccator
2764 4134 2849 4178 est
2883 4125 3200 4189 defunctus,
3249 4138 3309 4181 ut
3357 4127 3514 4181 illius.

1924 4225 2147 4287 peccata
2186 4216 2518 4283 dissolvant;
2540 4216 2583 4271 si
2610 4217 2811 4287 justus,
2836 4228 2895 4270 ut
2925 4218 3193 4271 mercedis
3224 4217 3298 4271 illi
3337 4228 3392 4272 et
3413 4233 3511 4271 ret

1928 4305 2241 4359 tributionis
2283 4307 2412 4358 liant
2443 4315 2813 4374 augmentum.
2854 4303 2979 4358 lltec
3021 4321 3241 4375 quoque
3282 4315 3511 4360 consta-

1928 4394 2138 4457 biliunt,
2177 4408 2297 4463 qua:
2320 4394 2373 4446 in
2403 4395 2509 4447 vita
2541 4396 2683 4448 beati
2718 4394 2946 4448 Joannis
2978 4394 3500 4465 Eleemosynariile-

1853 4516 1896 4569 ο
1925 4496 2152 4553 gnntur.
2176 4487 2275 4539 Hic
2296 4486 2559 4554 siquidem
2591 4485 2811 4539 divinus
2842 4490 2949 4549 vir,
2977 4496 3035 4539 ut
3063 4502 3161 4555 pro
3192 4486 3500 4539 demortuis

1925 4593 2159 4649 synaxes
2188 4577 2453 4643 facerent,
2498 4587 2757 4647 tanquam
2785 4594 2904 4647 qtta:
2942 4580 3172 4646 plurima
3213 4579 3320 4631 illis
3348 4594 3500 4632 cont-
3607 4574 3611 4578 ”

1924 4670 2084 4724 moda
2126 4678 2525 4738 compararent,
2573 4670 2893 4734 adhortans,
2944 4672 3085 4723 hanc
3132 4670 3505 4723 narrationem

1926 4758 2290 4812 adnectebat:
2324 4758 2550 4813 Iuvenis
2584 4761 2830 4829 quidam,
2863 4777 2891 4813 a
2926 4760 3107 4813 Persis
3134 4762 3185 4813 in
3214 4761 3500 4829 captivita-

1926 4861 2036 4905 tem
2080 4850 2365 4911 adductus.
2398 4853 2449 4903 in
2479 4866 2757 4905 carcerem
2790 4892 2804 4915 ,
2841 4850 3012 4905 Lethe
3052 4852 3280 4915 dictum,
3313 4852 3456 4920 quod
3483 4892 3505 4915 ,

1925 4941 2014 5010 qui
2050 4942 2103 4993 in
2134 4956 2258 4995 eum
2282 4942 2666 5006 trudebantur,
2699 4958 2972 5012 nunquam
3000 4944 3382 5005 educerentur,
3418 4944 3503 4995 in.-

1928 5036 2184 5090 truditur.
2240 5034 2422 5100 Quare
2473 5044 2732 5105 parentes
2809 5036 2906 5103 illi,
2966 5036 3132 5089 veluti
3185 5035 3505 5097 demortuo,

1925 5127 2070 5197 juSIa
2102 5128 2507 5196 persolvebant.
2537 5128 2923 5183 Verumtamen
2958 5126 3201 5196 juvenis,
3229 5141 3356 5180 curn
3394 5125 3505 5180 sibi

1934 5218 2061 5286 fuga
2099 5217 2492 5283 consuluisset,
2540 5234 2825 5289 regressus
2874 5219 2929 5272 in
2978 5220 3246 5288 patriam,
3284 5232 3513 5271 σεξονδ-ι

1931 5312 2120 5375 rabat,
2165 5309 2452 5379 prasentia
2490 5311 2798 5377 cujusdam,
2846 5310 3093 5365 candidis
3147 5309 3389 5363 vestibus
3424 5309 3515 5361 in-

1927 5402 2067 5467 duti,
2094 5416 2160 5455 eo
2192 5417 2303 5471 quo
2344 5415 2577 5473 synaxes
2629 5402 2830 5456 flebant
2884 5412 3147 5472 tempore,
3197 5414 3229 5454 e
3276 5399 3518 5457 vinculis

1928 5489 2169 5551 liberari.

2006 5653 2069 5707 Et
2112 5652 2241 5723 quid
2292 5654 2485 5708 multis
2519 5668 2654 5723 opus
2684 5653 2806 5707 est?
2835 5652 3058 5721 Magnus
3086 5630 3374 5715 Macarius,
3414 5666 3520 5720 pro

1934 5735 2164 5801 mortuis
2212 5746 2377 5801 Deum
2431 5762 2685 5813 exortus,
2726 5747 2981 5817 cupiebat
3029 5748 3241 5802 discere
3293 5748 3339 5800 si
3378 5748 3513 5815 quid

1936 5842 2040 5897 illis
2076 5841 2306 5896 mortuis
2340 5840 2738 5911 supplicatione
2779 5839 3135 5896 emolumenti
3188 5839 3509 5900 accederet;
