4186 6430
676 395 783 454 1³27

680 607 900 646 servum
935 604 994 642 ea
1031 587 1097 640 de
1131 602 1188 639 re
1215 584 1470 646 reddere,
1502 581 1768 634 idolorum
1802 575 2050 646 praesulis
2088 574 2262 625 exsic-

682 696 814 738 cata:
866 682 1142 742 calvariae,
1201 692 1360 747 quam
1410 677 1524 744 ipse
1575 673 1629 726 in
1686 672 1883 724 itinere
1922 666 2262 725 offenderat,

680 779 905 832 verbum
939 772 1190 826 veritatis
1238 768 1566 839 inspiravit;
1617 780 1738 833 quae
1792 764 2125 828 interrogata
2184 772 2268 808 re-

683 867 903 937 spondit
947 864 1128 918 :Cum
1159 876 1259 930 pro
1309 857 1539 912 mortuis
1588 854 1858 909 sacriﬁcia
1916 850 2100 913 oﬁ'ers,
2154 856 2270 900 tum

683 960 938 1031 pusillam
971 952 1402 1009 consolationem
1435 946 1911 1016 persentiscimus.
1937 939 2138 994 Mutua:
2172 940 2272 992 ita-

685 1066 791 1119 que
825 1061 1003 1115 operte
1033 1041 1312 1096 tradendae
1344 1048 1471 1093 sunt
1498 1053 1592 1108 pro
1618 1037 1850 1098 viribus,
1877 1043 1928 1087 et
1954 1032 2137 1095 modo,
2160 1044 2270 1098 quo

687 1141 964 1200 diximus,
1004 1136 1238 1189 mortuis
1273 1131 1472 1184 auxilia
1512 1128 1844 1198 prirstanda.
1893 1123 2023 1177 Nam
2075 1138 2272 1176 secun-

687 1231 816 1283 dum
849 1225 1116 1280 Joannem
1156 1223 1550 1274 Damascenum
1576 1257 1591 1282 ,
1626 1217 1854 1284 suscipit
1878 1214 2035 1268 facile
2061 1212 2146 1266 vel
2179 1223 2274 1281 pro

691 1323 758 1373 iis
794 1321 887 1388 qui
923 1315 1228 1384 improvide
1275 1327 1338 1366 ac
1389 1314 1654 1380 imparate
1686 1309 2062 1370 decesserunt,
2091 1305 2134 1357 si
2165 1319 2273 1372 qua

690 1424 788 1481 per
821 1408 1164 1462 necessarios
1194 1415 1249 1458 et
1291 1405 1631 1473 propinquos
1661 1413 1792 1454 suos
1827 1398 1882 1451 in
1922 1395 2274 1464 supplemen-

691 1513 808 1556 tum
840 1500 1151 1554 debitorum
1188 1496 1511 1554 oﬁ‘erantur,
1546 1493 1721 1562 iisque
1757 1490 1890 1558 ipsis
1943 1489 1998 1543 in
2045 1501 2274 1557 operum

691 1594 1076 1658 actionumque
1124 1590 1303 1643 locum
1337 1585 1564 1641 ascribit
1594 1592 1649 1637 et
1692 1587 1993 1650 computat.
2039 1577 2275 1632 Attende

697 1685 901 1752 itaque.
933 1683 1178 1749 Namque
1212 1679 1297 1731 hic
1330 1676 1438 1730 Deo
1471 1676 1666 1746 plenus
1698 1682 1906 1736 auctor,
1938 1673 1994 1725 in
2028 1671 2276 1725 oratione

697 1790 792 1829 sua
825 1775 891 1828 de
918 1773 1173 1837 mortuis,
1205 1771 1362 1824 all'ert
1393 1785 1648 1838 magnum
1678 1766 2054 1829 Athanasium,
2082 1765 2147 1818 de
2173 1764 2276 1816 illis

696 1866 888 1919 iisdem
925 1866 998 1918 ita
1030 1864 1389 1918 disserentem
1426 1877 1439 1912 :
1473 1859 1711 1912 Tametsi
1769 1860 1822 1910 in
1871 1871 1998 1910 aere
2031 1857 2154 1924 quis
2183 1855 2278 1909 de-

697 1966 956 2024 ponatur,
987 1956 1144 2008 modo
1179 1954 1376 2024 insigni
1407 1953 1572 2006 fuerit
1605 1954 1829 2021 pietate,
1855 1958 1909 2001 tu
1933 1961 2280 2016 nequaquam

698 2061 880 2104 tamen
942 2045 1300 2115 asperneris,
1352 2045 1606 2099 invocato
1659 2044 1810 2112 prius
1864 2043 2086 2098 Christo
2144 2041 2277 2107 Deo,

699 2138 880 2192 oleum
913 2147 966 2191 et
1001 2152 1193 2191 cereos
1227 2136 1292 2190 ad
1333 2136 1638 2206 sepulcrum
1685 2136 2014 2205 appendere.
2047 2137 2281 2204 Accepta

699 2230 844 2284 cnim
879 2228 1066 2281 isthtec
1099 2225 1207 2280 Deo
1240 2236 1389 2290 sunt,
1424 2224 1794 2294 eﬁiciuntque,
1828 2233 1884 2279 ut
1917 2224 2007 2279 ille
2033 2225 2155 2294 plus
2183 2239 2285 2277 no-

703 2319 786 2374 bis
825 2321 1037 2383 reddat,
1070 2333 1231 2386 quam
1263 2315 1558 2386 acceperit.
1594 2315 1727 2370 Nam
1769 2318 1949 2371 oleum
1987 2326 2043 2372 et
2074 2332 2280 2380 cereos,

696 2413 856 2480 quasi
886 2410 1292 2472 holocaustum,
1331 2407 1705 2477 imponimus;
1758 2409 1934 2462 hostia
1980 2423 2132 2473 vero,
2165 2407 2285 2478 quive

703 2500 982 2569 sanguinis
1019 2513 1213 2568 expers
1248 2503 1338 2564 sit,
1372 2498 1540 2551 Deum
1584 2500 1861 2567 placamus
1895 2516 1958 2555 ac
2001 2501 2282 2571 lcnimus;

701 2588 1084 2649 beneﬁcientia
1117 2590 1171 2641 in
1205 2603 1497 2658 pauperes,
1552 2589 1815 2658 majorem
1855 2590 2126 2645 bonorum
2166 2609 2288 2647 om-

703 2681 851 2738 nium
879 2681 1297 2735 retributiOnem
1326 2681 1737 2748 consequimur.
1774 2679 1911 2734 Hinc
1939 2697 2047 2736 non
2096 2696 2287 2750 parum

707 2774 960 2828 utilitatis
994 2772 1256 2836 afferunt,
1289 2772 1418 2826 licet
1455 2787 1518 2826 ea
1559 2771 1668 2826 Deo
1699 2771 1767 2825 ab
1796 2772 1919 2825 aliis
1956 2773 2288 2829 oﬁeruntur.

777 2860 904 2915 Haec
937 2863 1127 2915 eadem
1171 2876 1402 2931 magnus
1427 2861 1664 2931 Cyrillus
1702 2860 2035 2916 conﬁrmans
2059 2903 2072 2928 ,
2103 2873 2288 2917 osten-

709 2950 972 3019 densque,
1007 2951 1302 3004 memorias
1338 2949 1633 3001 maximum
1677 2948 1732 3002 in
1772 2949 1991 3002 modum
2020 2948 2291 3002 defunctis

709 3043 990 3113 prodesse,
1030 3057 1132 3096 nec
1162 3054 1285 3095 esse
1314 3041 1537 3105 mirum,
1566 3039 1609 3093 si
1647 3041 1715 3093 ab
1740 3040 1846 3094 alio
1875 3040 2096 3108 quidem
2123 3041 2292 3093 sacri-

1957 368 2325 434 MICIIAELI
2338 367 2378 425 S
2414 363 2676 424 GLYCxE

680 501 828 570 quod
854 515 974 554 cum
1009 497 1169 552 vellet
1206 495 1349 549 Deus
1394 490 1709 553 ostendere,
1759 497 2078 552 certumque
2109 493 2267 536 suum

2390 476 2542 528 ίοῦτο
2572 474 2637 542 δὴ
2687 469 3006 540 βουλόμενος

2373 565 2539 620 αὑτοῦ
2573 541 2994 633 πληροφορῆσαι
3026 558 3354 626 θεράποντα,
3389 552 3465 619 τῷ
3497 548 3592 600 τοῦ
3642 541 3961 633 ἀρχιερέως

2371 659 2480 711 τῶν
2523 631 2756 709 εἰδώλων
2789 651 3109 721 ξηρανθέντι
3138 646 3371 717 κρανίῳ,
3417 636 3462 709 ᾧ
3502 639 3626 692 καθ’
3658 636 3782 688 ὁδὸν
3839 631 3960 684 ἐνέ-

2371 767 2525 819 τυχε,
2543 747 2702 813 λόγον
2729 743 2990 811 ἀληθείας
3024 740 3370 790 ἐνέπνευσεν.
3405 733 3469 782 Ὃ
3495 730 3587 781 καλ⁸
3617 726 3776 819 πρὸς.
3792 721 3961 772 αὑτὸν

2374 812 2650 909 ἐρωτηθὲν
2685 833 2828 886 οῦτω
2867 831 3032 900 φησίν
3060 845 3074 858 ·
3111 827 3242 878 Ὀτε
3294 821 3434 890 ὑπὲρ
3461 818 3569 870 τῶν
3602 812 3822 882 νεκρῶν
3866 812 3964 909 id;

3846 339 3961 401 5‘38

3059 467 3087 518 6
3138 462 3343 532 Κύριος
3386 455 3825 521 δείξασθαι,οιαὶ
3862 451 3961 499 τὶν

2377 900 2572 990 Οὐσίας
2611 924 2944 996 προσφέρεις
2974 963 2988 986 ,
3043 922 3162 972 τότε
3219 910 3570 983 παραμυθίας
3622 904 3837 976 μικρᾶς
3878 900 3965 996 αξ.-

2377 990 2705 1088 σθανόμεθα.
2741 990 2952 1070 Θὺκοῦν
3003 1009 3395 1079 ὲπικουρητέον
3445 1001 3724 1069 ἀλλήλοις,
3754 996 3839 1054 ὡς
3875 990 3966 1044 δύ·
4015 1078 4018 1080 Ἴ

2378 1131 2566 1185 ναμις,
2600 1112 2696 1165 καὶ
2745 1108 2868 1164 καθ’
2921 1108 2981 1159 ὃν
3011 1105 3214 1173 τρόπον
3245 1100 3552 1168 εἰρήκαμεν
3580 1092 3694 1151 τοῖς
3721 1091 3965 1185 ἀποιχο-

2379 1174 2562 1278 μένοις
2615 1204 2794 1257 δοτέον
2832 1198 3104 1269 βοήθειαν.
3139 1191 3300 1256 Κατά
3330 1188 3440 1256 γὰρ
3473 1187 3562 1236 τὸν
3592 1174 3969 1278 Δαμασκηνρν

2376 1300 2632 1366 Ἰωάννην
2684 1295 2898 1364 δέχεται
2945 1292 3028 1344 ὅτι
3081 1287 3315 1356 μάλιστα
3370 1280 3466 1333 καὶ
3521 1278 3588 1330 τὰ
3639 1273 3788 1340 ὑπὲρ
3856 1271 3968 1320 τῶν

2377 1363 2681 1458 ἀνετοίμως
2713 1363 3208 1454 ἀποδημησάντων’
3248 1371 3667 1444 προσαγόμενα.
3704 1363 3968 1458 Καὶ-τας

2378 1483 2529 1552 παρὰ
2550 1455 2660 1534 τῶν
2689 1477 2905 1532 οἰκείων
2936 1470 3352 1543 προσαγομένας
3399 1465 3508 1517 τῶν
3556 1461 3760 1527 ὑστερη
3774 1455 3972 1524 μάτων

2377 1548 2821 1648 ἀναπληρώσεις,
2853 1574 2932 1636 εἰς
2963 1570 3125 1639 ἔργον
3173 1564 3382 1624 τούτοις
3435 1561 3531 1612 καὶ
3574 1555 3780 1648 πράξω
3822 1548 3976 1648 λογί-

2380 1669 2554 1734 ζεται.
2653 1638 2881 1735 ρόσσχες
2909 1638 3024 1715 οὖν.
3067 1659 3128 1711 '0
3155 1657 3260 1725 γὰρ
3295 1651 3610 1719 διαληφθεὶς
3636 1638 3797 1704 οὗτος
3830 1640 3976 1735 θεῖος

2381 1729 2522 1831 ἀνὴρ
2557 1761 2614 1811 ὲν
2865 1755 2991 1815 τοὺς
3021 1749 3385 1818 κοιμηθέντας
3409 1744 3548 1809 λόγῳ
3573 1735 3752 1831 αὑτοῦ
3791 1729 3976 1798 παρά-

2380 1824 2580 1920 γειντὸν
2603 1824 2774 1917 μέγαν
2803 1844 3122 1897 Ἀθανάσιον
3149 1832 3499 1906 περὶτούτων
3530 1829 3674 1882 οῦτω
3696 1824 3942 1920 λέγοντα
3955 1830 3970 1846 ⁸

2383 1913 2500 1995 ίζᾶν
2541 1913 2621 2002 εἰς
2669 1913 2806 2007 ἀέρα
2837 1938 2864 1988 6
2916 1937 2974 1986 ὲν
3012 1930 3269 1998 εὐσεϐείᾳ
3298 1921 3608 1982 τελειωθεὶς
3656 1913 3972 1980 κατατεθῇ,

2389 2034 2463 2105 μὴ
2509 2005 2819 2100 ἀπαναίρου
2855 2023 3136 2096 προσάψαι
3169 2018 3378 2089 κηροὺς
3423 2016 3481 2068 ὲν
3526 2011 3606 2080 τῷ
3651 2008 3819 2074 τάφῳ
3881 2005 3979 2105 καὶ

2384 2099 2586 2188 ἔλαιον,
2623 2099 2862 2192 Χριστὸν
2900 2119 2991 2172 τὸν
3035 2116 3170 2168 Θεδν
3219 2107 3718 2174 ἐπικαλεσάμενος.
3758 2099 3980 2192 Δεκτιεα

2385 2219 2494 2286 γὰρ
2534 2187 2708 2270 ταῦτα
2747 2209 2893 2280 Θεῷ,
2937 2209 3032 2263 καὶ
3070 2203 3273 2273 πολλὴν
3303 2199 3363 2265 ἐξ
3395 2197 3561 2253 αὑτοῦ
3602 2187 3980 2286 φέρονταξὴν

2389 2273 2676 2370 ἀντίδοσιν,
2709 2273 2853 2370 εἴγε·
2871 2273 2966 2354 καὶ
2996 2297 3196 2368 μᾶλλον
3221 2290 3588 2348 ὁλοκαύτωσις
3617 2285 3804 2337 ἔοικεν
3833 2273 3981 2334 εἶναι

2391 2401 2418 2453 δ
2446 2416 2505 2451 τε
2529 2396 2695 2464 κηρὸς
2743 2393 2838 2446 καὶ
2869 2390 2929 2444 τδ
2978 2389 3191 2442 ἐλαιονο
3233 2383 3423 2450 ὥσπερ
3472 2376 3566 2430 οῦν
3614 2371 3917 2440 ὲξιλασμδς
3949 2371 3981 2436 ἡ

2393 2489 2725 2558 ἀναίμακτος
2757 2483 2941 2547 θυσία,
2975 2481 3008 2549 ἠ
3039 2479 3098 2531 δέ
3147 2494 3209 2544 γε
3256 2475 3391 2544 πρὸς
3423 2471 3548 2530 τοὺς
3595 2469 3851 2535 πένητας
3897 2465 3988 2514 εὑ-

2393 2556 2548 2635 ποιία
2578 2578 2866 2647 προσθήκη
2907 2573 3088 2641 πάσης
3147 2567 3359 2636 ἀγαθῆς
3410 2562 3763 2620 ἀντιδόσεως.
3806 2556 3982 2647 Ὀθεν

2395 2674 2455 2725 οὐ
2500 2669 2710 2741 μικρῶς
2763 2663 3099 2732 ὠφελοῦσιν,
3135 2661 3185 2712 ει
3228 2660 3319 2711 καὶ
3371 2654 3450 2725 τῷ
3495 2653 3614 2721 Θεῷ
3640 2651 3714 2703 τά
3746 2646 3990 2701 τοιαῦτα

2397 2765 2529 2833 παρ’
2564 2763 2768 2830 ἑτέρων
2802 2756 3199 2826 προσάγονται.

2468 2832 2655 2906 Ταῦτα
2683 2851 2783 2920 μὲν
2813 2843 2907 2900 οὖν
2936 2847 3031 2901 καὶ
3055 2846 3082 2896 6
3112 2844 3287 2912 μέγας
3310 2837 3584 2909 Κύριλλος
3611 2832 3986 2890 ὲπιϐεὸαιῶν,

2397 2948 2494 3001 καὶ
2548 2942 2851 3007 δεικνύων,
2892 2939 2968 3000 ὡς
3024 2938 3080 2990 αἱ
3150 2935 3364 3005 μνῆμαι
3427 2932 3495 2984 τὰ
3557 2930 3795 2997 μέγιστα
3858 2927 3988 2986 τοὺς

2399 3035 2798 3107 ἀποιχομένους
2845 3029 3112 3099 ὠφελοῦσι
3140 3068 3156 3093 ,
3193 3027 3289 3079 καὶ
3319 3028 3401 3078 ὅτι
3433 3020 3757 3091 θαυμαστὸν
3797 3019 3988 3078 οὐδὲν,

709 3135 893 3189 ﬁcium
932 3133 1038 3185 Deo
1087 3130 1366 3196 oﬂ‘eratur,
1413 3131 1758 3186 commodum
1808 3139 1990 3184 tamen
2033 3133 2084 3184 in
2122 3133 2286 3186 alium

2397 3131 2512 3196 είγε
2566 3128 2701 3197 παρ’
2751 3126 2912 3179 ἀλλου
2953 3123 3050 3193 μὲν
3107 3123 3141 3190 ἡ
3179 3118 3341 3172 θυσία
3387 3116 3464 3185 τῷ
3534 3113 3655 3181 Θεῷ
3705 3113 3993 3180 προσενή-

713 3221 1163 3285 lransfnndatur,
1203 3222 1316 3274 hazc
1354 3222 1518 3275 etiam
1551 3221 1704 3273 addit
1743 3237 1755 3272 :
1795 3219 2056 3273 Dominus
2110 3232 2286 3276 noster

2400 3235 2610 3283 νεκται,
2644 3218 2913 3270 διαϐαίνει
2953 3215 3008 3267 δὲ
3046 3212 3184 3280 πρὸς
3240 3212 3430 3281 ἕτερον
3484 3208 3516 3275 ὴ
3558 3206 3810 3275 ὠφέλεια
3842 3244 3859 3266 ,
3895 3205 3994 3255 καὶ

709 3314 873 3368 Jesus
905 3313 1178 3376 Christus,
1231 3313 1378 3366 hunc
1425 3312 1480 3364 in
1528 3313 1748 3365 modum
1792 3311 1859 3365 ad
1912 3312 2286 3367 centurionem

2397 3314 2528 3366 τάδε
2556 3311 2915 3379 προστίθησιν
2939 3324 2954 3338 ο
2998 3307 3057 3360 Ὀ
3086 3304 3289 3374 Κύριος
3325 3302 3481 3373 ἡμῶν
3497 3297 3710 3369 Ἰησοῦς
3749 3297 3994 3365 Χριστὸς

711 3405 1069 3476 respondens“,
1102 3420 1227 3458 cum
1273 3404 1363 3456 ille
1411 3405 1478 3457 ad
1527 3419 1650 3457 eum
1700 3403 1958 3458 dicebat:
2007 3403 2129 3457 Non
2181 3421 2298 3458 sum

711 3499 920 3565 dignus,
954 3505 1008 3548 ut
1035 3498 1198 3549 intres
1227 3496 1322 3549 sub
1354 3505 1548 3550 tectum
1589 3510 1784 3557 meum,
1829 3500 1917 3547 sed
1959 3505 2165 3548 tantum
2203 3498 2287 3548 dic

709 3587 943 3650 verbum,
969 3595 1018 3639 et
1055 3587 1338 3639 sanabitur
1366 3601 1497 3653 puer
1527 3602 1671 3640 meus
1707 3600 1724 3638 :
1755 3585 1780 3638 1
1807 3585 1916 3652 ﬁli,
1953 3595 2001 3638 et
2042 3595 2098 3638 ut
2128 3589 2298 3640 credi-

715 3678 861 3739 disti,
899 3679 996 3744 ﬁat
1039 3679 1169 3742 tibi;
1207 3678 1553 3748 apertissime
1602 3679 2068 3742 commonstravit,
2098 3695 2196 3748 per
2220 3680 2302 3732 al-

715 3770 886 3822 terius
913 3768 1070 3823 ﬁdcm
1117 3779 1172 3822 et
1225 3772 1508 3824 absentem
1550 3769 1766 3824 salvari.
1801 3767 1879 3823 Ne
1913 3770 2096 3838 itaque
2124 3771 2175 3823 in
2207 3788 2304 3840 po-

713 3870 921 3912 sterum
981 3859 1234 3913 liaesites:
1265 3875 1386 3913 nam
1419 3863 1486 3921 si.
1522 3875 1644 3928 qua:
1674 3861 1743 3914 ab
1768 3862 1872 3915 alio
1905 3876 2002 3929 pro
2034 3861 2142 3915 alio
2171 3861 2302 3916 οπε-

715 3960 932 4013 runtur,
969 3949 1184 4003 inutilia
1218 3959 1367 4014 sunt,
1399 3950 1518 4020 ipsa
1546 3952 1732 4017 etiam,
1771 3967 1890 4020 qua:
1923 3953 1977 4006 in
2006 3952 2196 4006 divino
2227 3953 2303 4005 la-

713 4055 878 4095 vacro
926 4051 1148 4110 propter
1201 4041 1568 4096 illuminatum
1621 4055 1988 4114 peraguntur,
2028 4045 2168 4098 nihil
2222 4045 2298 4098 illi

717 4132 1030 4201 proﬁcient,
1064 4149 1190 4185 cum
1260 4148 1520 4187 assensus
1548 4144 1606 4188 et
1638 4135 2036 4190 abrenuntialio
2061 4139 2129 4192 ab
2156 4137 2297 4202 aliis,

715 4233 771 4277 et
797 4239 905 4277 non
935 4226 1002 4278 ab
1029 4227 1093 4279 iis
1121 4226 1212 4294 qui
1235 4225 1688 4282 illuminationem
1709 4231 2008 4298 accipiunt,
2034 4245 2297 4301 peragan-

715 4330 820 4382 ιιιτ.
860 4315 984 4369 Haec
1024 4317 1067 4370 si
1101 4318 1171 4370 ita
1201 4332 1258 4370 sc
1295 4317 1528 4381 habent,
1562 4329 1616 4372 et
1646 4322 1921 4375 memoria:
1956 4332 2296 4376 mortuorum

712 4405 946 4459 maxime
983 4407 1239 4475 proﬁcure
1285 4413 1434 4472 sunt,
1484 4425 1718 4479 vereque
1758 4427 1998 4481 acceptae
2033 4423 2159 4467 sunt
2196 4433 2207 4468 :
2249 4416 2295 4470 si

712 4494 764 4546 iJ
797 4496 942 4547 enim
981 4511 1089 4549 non
1111 4508 1317 4562 essent,
1347 4514 1651 4567 nunquam,
1679 4512 1736 4554 nl
1768 4480 1931 4572 supra
1957 4505 2158 4558 dictum
2188 4516 2289 4569 est,
2327 4480 2370 4535 θ

710 4589 1267 4643 commemorationes
1310 4584 1647 4660 praEscriplis
1697 4594 2036 4662 temporibus
2085 4602 2292 4651 consti-

712 4680 947 4734 tuissent
983 4693 1322 4736 mortuorum
1357 4685 1471 4738 ﬁeri
1524 4688 1753 4755 apostoli
1783 4687 2091 4758 Christique
2124 4690 2283 4745 disci-

711 4772 846 4842 puli,
882 4773 970 4827 eui
1016 4775 1086 4828 sit
1113 4774 1284 4845 gloria
1314 4776 1366 4830 in
1401 4778 1598 4832 secula
1635 4779 1980 4835 sweulorum.
2016 4784 2208 4837 Amen.

2400 3405 2545 3458 οὕτω
2600 3402 2739 3471 πρὸς
2794 3401 2882 3453 τὸν
2945 3399 3343 3467 ἑκατόνταρχον
3393 3391 3603 3454 εἰπὼν,
3639 3392 3807 3460 ἡνίκα
3852 3391 3995 3457 πρὸς

2399 3497 2562 3552 αὑτὸν
2606 3497 2808 3554 ἐκεῖνος
2843 3493 3071 3558 ἐλεγενο
3111 3492 3235 3543 Οὐκ
3295 3489 3408 3557 είμί
3457 3487 3653 3550 ἄξιος,
3710 3486 3816 3537 ἵνα
3869 3503 3993 3553 μου

2398 3589 2518 3645 ὑπὸ
2550 3587 2663 3655 τὴν
2692 3585 2920 3653 στέγην
2963 3582 3268 3648 εισέλθῃς·
3299 3579 3440 3634 ἀλλ’
3481 3579 3615 3631 εἰπὲ
3636 3577 3860 3644 λόγον,

2404 3679 2715 3746 ἰαθήσεται
2763 3679 2794 3730 ό
2845 3675 2986 3739 παῖς
3008 3690 3023 3706 ο
3053 3674 3301 3742 "Errare,
3337 3671 3437 3724 καὶ
3469 3670 3550 3733 ὡς
3577 3669 3993 3734 ἐπίστευσας,

2401 3768 2707 3840 γενηθήτω
2761 3783 2880 3832 σοι,
2914 3766 3234 3833 σαφέστατα
3291 3763 3460 3827 ἔδειξε
3516 3762 3604 3815 διὰ
3648 3761 3752 3829 τῆς
3792 3763 3990 3830 ἐτέρου

2402 3865 2637 3924 πίστεως
2669 3861 2764 3913 καὶ
2808 3861 2899 3912 τὸν
2959 3859 3034 3928 μὴ
3082 3859 3330 3927 παρόντα
3378 3856 3715 3924 σωζόμενον.
3755 3856 3854 3925 Μὴ
3898 3852 3993 3908 οῦν

2401 3957 2493 4010 ἐπὶ
2533 3954 2696 4009 πλέον
2744 3951 3078 4022 ἀμφίϐαλλε.
3121 3953 3182 4004 El
3211 3950 3318 4020 γάρ
3366 3950 3436 4002 τά
3470 3950 3602 4017 παρ’
3637 3948 3808 4002 ἄλλου
3846 3948 3992 4016 ὑπὲρ

2401 4051 2588 4117 ἐτέρου
2619 4046 3009 4116 προσαγόμενα
3063 4044 3334 4113 ἀνόνητα,
3369 4044 3462 4095 καὶ
3519 4041 3659 4094 αὐτὰ
3692 4042 3893 4093 λοιπὸν
3927 4045 3992 4092 τὰ

2399 4143 2491 4194 ἐπὶ
2524 4139 2618 4193 τοῦ
2651 4139 2796 4192 θείου
2847 4136 3075 4207 λουτροῦ
3119 4138 3281 4207 χάριν
3326 4135 3423 4187 τοῦ
3480 4134 3868 4202 φωτιζομὲνου
3905 4151 3992 4187 τε·

2399 4230 2638 4299 λούμενα
2665 4231 2788 4281 κατ’
2826 4228 2978 4282 οὐδὲν
3011 4227 3174 4280 αὑτὸν
3200 4226 3527 4294 ὠφελοῦσιν,
3565 4227 3663 4279 Em
3702 4225 3808 4293 τῆς
3862 4243 3992 4277 συν-

2399 4323 2573 4390 ταγῆς
2644 4321 2743 4374 καὶ
2780 4320 3064 4387 ἀποταγῆς
3107 4317 3238 4387 παρ’
3271 4318 3512 4386 ἑτέρων,
3571 4319 3664 4369 καὶ
3741 4319 3806 4369 οὐ
3857 4318 3993 4384 παρ’

2402 4415 2584 4468 αὐτῶν
2614 4413 2959 4481 τελουμένων
3008 4411 3115 4464 τῶν
3162 4413 3470 4480 δεχομένων
3505 4411 3565 4462 τδ
3591 4411 3885 4478 φώτισμα,
3933 4413 3994 4464 Εἰ

2399 4509 2456 4560 δὲ
2487 4506 2661 4560 ταῦτα
2688 4504 2860 4568 οὕτως
2892 4505 3028 4573 ἔχει,
3065 4507 3160 4557 καὶ
3183 4505 3303 4557 λίαν
3333 4504 3632 4571 ὲπωφελεῖς
3667 4506 3907 4566 πάντως
3938 4507 3994 4556 αἱ

2404 4600 2641 4668 μνῆμαι,
2671 4597 2766 4650 καὶ
2792 4597 2868 4666 τῷ
2892 4596 3004 4651 δντι
3032 4597 3447 4664 εὐπρόσδεκτοι.
3482 4596 3545 4649 Εἰ
3576 4596 3654 4666 μὴ
3684 4596 3803 4666 γάρ
3832 4597 3995 4648 τοῦτο

2397 4685 2485 4761 ἦν,
2521 4691 2625 4742 οὐκ
2656 4689 2837 4754 ἂν,ὠς
2875 4687 3083 4742 ἀνωθεν
3112 4690 3352 4756 εἴρηται,
3387 4691 3606 4758 μνήμας
3641 4690 3698 4740 ὲν
3745 4689 3997 4758 ὡρισμέ-

2398 4799 2511 4844 νοις
2546 4783 2759 4851 καιροῖς
2810 4780 3126 4841 διετάξαντο
3177 4780 3427 4847 γίνεσθαι
3494 4781 3604 4832 τῶν
3661 4783 3994 4834 τεθνεώτων

2404 4874 2594 4926 ἕνεκεν
2623 4874 2674 4925 οἱ
2709 4872 3001 4925 ἀπόστολοι
3055 4873 3151 4926 καὶ
3207 4872 3450 4941 μαθηταὶ
3493 4871 3591 4924 τοῦ
3634 4874 3911 4941 Χριστοῦ,

2396 4969 2430 5037 ἡ
2467 4967 2594 5032 δόξα
2625 4968 2705 5028 είς
2737 4968 2864 5029 τοὺς
2911 4966 3116 5030 αἰῶνας
3145 4966 3254 5020 τῶν
3287 4967 3526 5021 αἰώνων.
3561 4966 3774 5036 ’Δμήν.

2109 5075 2446 5131 EPISTOLA
2487 5077 2582 5131 XX
2597 5118 2610 5132 .

2194 5192 2460 5263 (Fragm)

1270 5309 1466 5364 Ad.....
1496 5342 1564 5352 —
1600 5311 1784 5365 Preces
1812 5312 2080 5379 juslorum
2113 5316 2270 5366 etiam
2306 5314 2484 5380 impiis
2521 5312 2810 5366 demortuis
2847 5313 3114 5384 proﬁcua:
3155 5330 3268 5368 esse
3299 5316 3400 5384 tl).

777 5418 842 5472 Et
865 5420 994 5488 quid
1019 5421 1085 5476 de
1113 5424 1428 5480 hominibus
1457 5430 1559 5498 piis
1587 5431 1801 5499 loquor,
1831 5448 1954 5486 cum
1978 5443 2032 5485 et
2060 5433 2290 5500 quibus-

705 5510 828 5563 dam
881 5512 1183 5569 demortuis
1239 5519 1446 5588 impiis,
1502 5531 1558 5575 ut
1624 5525 1801 5577 oratio
1851 5526 1960 5592 jam
2029 5535 2285 5593 exponet,

706 5613 1057 5669 peccatorum
1119 5608 1448 5665 solutionem
1502 5614 1846 5680 upportarint
1891 5614 2287 5683 prccesjusti?

2475 5432 2582 5482 Καὶ
2612 5430 2662 5482 τί
2703 5431 2846 5498 λέγω
2889 5433 3019 5500 περὶ
3063 5433 3276 5500 ἀνδρῶν
3305 5405 3576 5496 εὐσεσιῦν,
3620 5435 3764 5487 ὅπου
3799 5454 3867 5503 γε
3899 5443 3988 5489 καὶ

2400 5521 2656 5575 θανοῦσιν
2695 5523 2920 5576 ἀσεϐέσι
2959 5524 3126 5589 τισὶν,
3162 5522 3239 5586 ὡς
3288 5525 3316 5575 6
3348 5523 3526 5590 λόγος,
3580 5525 3684 5596 ἤδη
3719 5532 3986 5598 γνωρίσει

2400 5632 2481 5666 σοι
2525 5616 2678 5669 λύσιν
2710 5617 3176 5687 ἀμπλακημάτων
3210 5619 3487 5688 ἐπήνεγκε
3539 5619 3766 5675 δικαίου
3808 5627 3983 5695 εὐχῆς

781 5765 854 5830 il)
898 5768 1047 5834 Apud
1075 5767 1327 5824 Allalium
1387 5773 1457 5825 De
1504 5773 1648 5824 libris
1684 5776 2050 5827 ecclesiaincis
2089 5777 2414 5834 (.‘ra'rorum,
2457 5792 2506 5844 p.
2551 5778 2668 5829 H7.
