4168 6434
757 359 3962 412 W

703 373 742 413 τ.
757 373 2116 412 εει-ΡΜ

1346 587 2252 771 JOANNIS
2383 582 3298 762 DIACONI

1771 906 2877 1000 llADIllANOPOLEOS

1107 1131 1253 1243 IN
1337 1126 1919 1244 LAUDEM
2003 1122 2615 1239 JOANNIS
2705 1119 3542 1238 PALZEOLOGI

1922 1343 2248 1404 CARMEN
2294 1343 2757 1404 POLITICL'M.

1261 1511 1451 1574 (lidadtt
1474 1514 1580 1573 Aug
1637 1510 1755 1558 Mar.
1783 1507 2050 1564 Bandinius
2075 1507 2347 1557 Florentia:
2377 1505 2509 1564 1763,
2535 1505 2604 1566 i',
2626 1516 2737 1552 cum
2761 1505 2872 1552 a'iis
2895 1504 3148 1565 opusculis
3175 1501 3402 1559 Gracis.)

2284 1688 2352 1698 υ·-

1895 1832 2782 1929 ΑΠΟΟΜΙΞΝἸἪΜ.

776 2039 1031 2094 Coliccm
1068 2037 1260 2101 XXIII,
1331 2036 1500 2106 plotei
1528 2051 1648 2100 vm,
1691 2033 2038 2089 bibliotheca:
2075 2029 2762 2093 Medicem-qurentianm,
2810 2028 2950 2082 varii
2988 2026 3206 2096 generis
3233 2022 3516 2094 opuscula,
3558 2037 3620 2073 uc
3661 2019 3978 2090 prxsenim

709 2134 1016 2199 theologica
1049 2131 1446 2188 continentem,
1477 2127 1684 2180 claudit
1725 2140 1917 2194 poema
1965 2125 2096 2178 satis
2135 2126 2384 2192 longum,
2424 2122 2677 2176 versibus
2711 2121 2954 2190 politicis
2983 2134 3328 2188 expressum,
3373 2120 3426 2169 in
3471 2116 3713 2176 laudem,
3778 2115 3862 2166 uti
3900 2116 3981 2165 ii-

707 2222 886 2286 detur,
932 2223 1126 2290 imper.
1163 2220 1388 2275 Joannis
1428 2216 1733 2284 l’alzeologi,
1764 2217 1908 2269 illius
1940 2215 2204 2269 nimirum
2240 2215 2356 2284 qui,
2396 2213 2642 2284 Eugenio
2677 2211 2743 2266 IV
2780 2211 2940 2266 Pont.
2973 2211 3114 2264 Max.
3151 2209 3426 2273 hortante,
3465 2217 3545 2274 ut,
3595 2206 3907 2262 Orientalis
3925 2217 3980 2258 et

706 2295 1076 2370 ()t'cidentalis
1113 2315 1369 2368 Ecclesia:
1393 2313 1635 2367 dissidiis
1681 2313 1905 2364 tandem
1935 2310 2190 2376 sublatis,
2230 2319 2467 2379 utraque
2495 2324 2605 2363 uno
2638 2307 3160 2364 veluti-dilectionis
3203 2305 3424 2360 vinculo
3459 2305 3737 2373 colligata,
3777 2308 3978 2359 eadem

708 2409 934 2460 sentiret
975 2421 1034 2458 ac
1075 2405 1306 2461 coleret.
1351 2403 1403 2455 in
1449 2402 1659 2457 Italiam
1706 2403 1772 2452 ad
1819 2399 2117 2453 concilium
2157 2397 2442 2466 profectus
2491 2406 2578 2452 est
2607 2399 2722 2466 (an.
2766 2397 2951 2468 1439).
2979 2399 3185 2451 Auctor
3227 2396 3516 2466 poematis,
3555 2406 3614 2448 ut
3671 2414 3739 2452 ex
3809 2401 3978 2455 titulo

706 2499 951 2564 ('jliatlclll
1000 2499 1129 2554 item
1163 2499 1394 2551 metrico
1427 2498 1660 2549 eruitur.
1691 2502 1775 2545 est
1799 2490 2042 2545 Joannes
2081 2491 2307 2560 quidam
2341 2504 2665 2547 meonomus
2727 2501 2784 2544 et
2817 2491 3087 2556 diaconus
3115 2490 3364 2546 ecclesia:
3420 2491 3980 2563 lladrianoliolitanz

709 2597 802 2659 (uti
841 2590 988 2642 enim
1030 2588 1368 2657 Ἦριστιάδος
1399 2601 1585 2640 vocem
1621 2587 2088 2653 interpretamur).
2135 2583 2231 2637 llic
2253 2585 2448 2654 igitur,
2484 2594 2542 2640 ut
2570 2584 2871 2654 Polyearpo
2917 2585 3164 2654 ejusdem
3211 2584 3455 2639 ecclesia:
3485 2588 3719 2640 antistiti
3758 2603 3979 2642 morem

708 2695 947 2754 gereret,
1015 2700 1042 2736 a
1085 2700 1192 2752 quo
1224 2683 1272 2736 id
1300 2681 1404 2736 sibi
1435 2696 1632 2734 mimus
1653 2677 2041 2732 demandatum
2083 2677 2282 2743 fuerat,
2328 2679 2680 2746 imperatoris
2713 2677 2900 2741 Iaudes
2929 2677 3002 2730 ita
3045 2678 3290 2733 carmine
3324 2681 3704 2746 prosequitur,
3745 2689 3813 2736 ut
3858 2697 3982 2736 om-

711 2791 811 2830 una
852 2777 1051 2844 ingenii
1086 2778 1227 2830 vires
1256 2773 1647 2842 industriteque
1688 2786 1799 2825 sua:
1835 2785 2033 2825 nervos
2077 2771 2129 2825 in
2159 2771 2262 2828 hac
2298 2769 2583 2840 provincia
2605 2773 2827 2827 naviter
2849 2771 3105 2827 obeunda
3141 2773 3464 2832 intenderit.
3493 2776 3539 2838 Α
3565 2775 3794 2844 generis
3819 2791 3983 2831 nam-

710 2887 816 2938 quo
852 2867 1133 2921 nobilitate
1167 2867 1543 2936 majorumque
1577 2866 1742 2936 regali
1774 2865 2070 2934 splendore
2123 2865 2392 2935 poematis
2423 2866 2639 2922 initium
2673 2868 3015 2934 auspicatus,
3050 2867 3115 2920 ad
3147 2866 3318 2934 ipsius
3342 2868 3596 2937 proprias
3620 2868 3814 2930 dotes.
3853 2880 3973 2924 tum

711 2959 980 3027 corporis,
1028 2969 1139 3010 tum
1171 2957 1360 3020 anitni,
1392 2956 1753 3016 celebrandas
1784 2956 2170 3026 progreditur;
2210 2971 2374 3025 quem
2403 2966 2689 3027 propterea
2720 2957 2791 3010 ab
2826 2959 2942 3011 oris
2971 2961 3145 3011 forma
3179 2974 3242 3014 ac
3271 2959 3492 3021 decore,
3531 2959 3782 3024 incessu,
3822 2973 3980 3020 motu

711 3061 763 3104 et
793 3051 1032 3120 alloquio
1067 3050 1436 3115 commendat,
1469 3050 1707 3120 Josepbo
1734 3051 1830 3112 illi,
1868 3053 2024 3117 cujus
2053 3051 2105 3104 in
2140 3051 2310 3104 sacris
2353 3049 2576 3105 Litteris
2608 3051 2958 3120 pulchritudo
2994 3064 3351 3117 memoratur,
3390 3055 3730 3106 sinnlzimum
3773 3060 3980 3122 praedi-

713 3163 865 3202 cans.
897 3146 1075 3202 Animi
1115 3161 1240 3201 vero
1268 3147 1386 3216 ejus
1424 3145 1796 3215 praestantiam
1854 3144 1922 3199 iis
1947 3145 2104 3198 ellert
2138 3144 2414 3209 laudibus,
2455 3144 2866 3199 utlortitudine
2902 3144 3285 3214 Sampsonem,
3321 3162 3530 3201 morum
3571 3150 3853 3204 suavitate
3877 3155 3984 3208 Da-

714 3239 920 3304 videm,
965 3239 1235 3307 sapientia
1272 3237 1635 3291 Salomouem
1671 3233 1739 3286 ab
1775 3233 1892 3302 ipso
1919 3233 2112 3286 relerri
2146 3233 2485 3301 pronuntiet.
2541 3231 2597 3286 ln
2635 3232 2880 3302 ejusdem
2920 3243 3106 3301 postea
3138 3236 3510 3288 muniﬁcentia
3539 3253 3668 3306 erga
3715 3240 3983 3304 subditos

712 3345 776 3396 ac.
803 3331 1020 3400 profusa
1059 3329 1386 3384 liberalitate
1407 3325 1748 3384 decantanda
1787 3325 1992 3377 multus
2031 3325 2380 3386 immoratur,
2416 3340 2577 3395 quem
2613 3323 2736 3379 Tito
2766 3325 3135 3380 ilmuanorum
3171 3327 3430 3406 principi,
3455 3345 3518 3396 ac
3536 3333 3759 3397 poi-lico
3798 3349 3979 3396 more,

715 3424 938 3482 l’actolo
980 3422 1230 3491 Niloque,
1266 3435 1402 3476 auro
1443 3418 1798 3474 manantibus
1823 3416 2026 3481 ﬂuviis,
2059 3432 2380 3487 comparare
2405 3416 2630 3474 minime
2658 3416 2894 3472 dubitat.
2933 3417 3176 3487 Magnam
3197 3435 3417 3489 quoque
3451 3427 3723 3489 poematis
3751 3437 3980 3494 partem

711 3517 1155 3586 complectuntur
1178 3530 1239 3569 ea
1278 3529 1400 3585 quae
1439 3514 1555 3583 ipse
1591 3527 1693 3596 pro
1723 3512 1899 3566 salute
1955 3524 2010 3566 et
2046 3511 2422 3566 incolumitate
2457 3509 2788 3579 populorum
2824 3510 3068 3579 suscepit
3101 3509 3297 3564 itinera
3338 3527 3401 3566 ac
3434 3512 3848 3592 navigationes,
3890 3533 3984 3589 pc—

713 3610 884 3666 ricula
950 3622 1071 3678 quas
1109 3606 1264 3673 adiit,
1288 3605 1499 3662 labores
1531 3590 1672 3675 quos
1690 3603 2010 3667 exantlavit,
2044 3601 2185 3656 bella
2219 3617 2340 3670 qua:
2371 3602 2578 3671 gessit;
2617 3616 2728 3671 quo
2753 3601 2971 3671 quidem
3004 3603 3058 3655 in
3089 3604 3212 3659 loco
3249 3605 3354 3659 sub
3377 3613 3570 3677 oculos
3613 3589 3783 3678 ponit
3841 3630 3983 3683 quo.

715 3703 878 3756 modo
911 3711 1113 3756 estertu
1145 3702 1418 3764 nationes,
1444 3700 1568 3769 ejus
1600 3697 1943 3752 humanitate
1974 3696 2274 3761 devinctte,
2319 3705 2514 3764 sponte
2549 3709 2670 3748 sese
2702 3694 2780 3748 illi
2841 3695 3184 3758 dediderint,
3252 3712 3518 3769 regesque
3582 3703 3708 3768 ipsi,
3768 3722 3979 3762 novam

716 3793 848 3852 tanti
889 3793 1238 3863 imperatoris
1265 3794 1548 3855 virtutem,
1584 3789 1911 3860 sapientiam
1945 3789 2500 3858 moderationemque
2525 3785 2886 3850 admirantes,
2933 3791 3054 3860 ejus
3084 3806 3190 3846 non
3241 3793 3405 3847 modo
3450 3797 3980 3856 consiliis‘cmuti-

715 3892 921 3959 busque
948 3905 1055 3942 non
1093 3888 1428 3952 obstiterint,
1467 3890 1562 3942 sed
1613 3885 1807 3941 libenti
1841 3885 2025 3939 animo
2056 3899 2278 3953 operam
2297 3900 2450 3938 suain
2505 3891 2784 3957 prtestare,
2826 3869 3149 3960 obsequium
3179 3889 3444 3950 exhibere
3497 3894 3850 3958 studuerint,
3898 3900 3979 3953 Ad

715 3986 850 4053 lia-c,
879 4004 1060 4043 rerum
1088 3999 1303 4056 quoque
1339 3987 1551 4039 ratione
1582 3984 1889 4042 carentium
1927 3996 2264 4050 propensum
2303 3981 2715 4052 quodammodo
2743 3985 2988 4044 studium
3017 4001 3144 4055 erga
3172 3989 3371 4055 ipsum,
3436 3999 3494 4043 et
3529 3994 3836 4059 quamdam
3881 3997 3981 4048 be-

716 4081 1038 4143 ιιιτνοιυιιιίιι·
1065 4080 1300 4147 speciem
1331 4077 1605 4144 adjungit,
1629 4081 1699 4132 ita
1732 4082 1814 4137 ut,
1847 4073 2312 4142 quemadmodum
2345 4074 2412 4126 de
2469 4090 2666 4144 magno
2721 4075 2982 4146 Pompeio
3031 4078 3258 4131 aliirmat
3284 4081 3499 4141 Cicero.
3531 4084 3651 4152 ejus
3687 4098 3745 4139 ut
3780 4091 3858 4141 ita
3891 4094 3978 4143 di.

711 4189 830 4236 cam
870 4173 1126 4226 cursibus
1155 4170 1301 4226 venti
1363 4167 1824 4233 obsecundarint,
1868 4169 2066 4223 ﬂuctus
2103 4167 2436 4239 obedierint,
2476 4172 2646 4224 maria
2673 4171 3128 4238 obtemperarint.
3157 4171 3370 4237 Quibus
3398 4176 3670 4242 expositis
3699 4179 3976 4236 Daiidem

711 4272 779 4324 ab
811 4265 1000 4319 inferis
1032 4263 1255 4323 excitat,
1298 4270 1349 4315 et
1383 4260 1449 4314 ad
1475 4260 1816 4320 conciuenda
1839 4264 2096 4330 praeclara
2139 4261 2282 4328 regis
2319 4259 2563 4315 facinora
2596 4261 2792 4316 invitat
2827 4270 3008 4330 poeta,
3038 4277 3258 4330 unaque
3293 4264 3520 4319 lioiuam
3560 4269 3734 4334 ipsam
3777 4284 3794 4337 ί
3825 4272 3979 4327 Con-

709 4358 1134 4426 stantinopolim
1167 4356 1459 4426 intellige),
1499 4365 1555 4408 ut
1581 4355 1758 4422 ipsum
1799 4352 1966 4406 veluti
1996 4366 2156 4404 suum
2181 4350 2448 4408 libertatis
2481 4351 2748 4406 vindicem
2779 4367 2842 4406 ac.
2886 4352 3236 4406 liberatorem
3273 4352 3556 4423 plausibus
3575 4359 3846 4427 excipiat.
3883 4378 3978 4414 co-

714 4455 986 4516 hortatur.
1024 4449 1265 4504 Tandem
1302 4449 1365 4502 ad
1405 4448 1573 4500 Deum
1605 4447 1872 4513 optimum
1920 4444 2221 4510 maximum
2282 4457 2473 4513 preces
2503 4443 2760 4506 cﬂ'undit,
2790 4453 2845 4497 et
2870 4445 3047 4518 ipsum
3114 4444 3443 4508 incolumem
3477 4445 3680 4502 multos
3703 4450 3759 4501 in
3798 4465 3980 4505 annos

711 4567 773 4616 ac
807 4551 1065 4618 sospitem
1098 4546 1260 4607 tueri,
1303 4545 1533 4613 ejusque
1568 4541 1858 4609 imperium
1889 4548 2084 4594 contra
2117 4552 2311 4596 omnes
2337 4537 2688 4596 inimicorum
2725 4547 2957 4592 conatus
2983 4538 3205 4592 firmum
3242 4555 3307 4592 ac
3339 4547 3518 4604 tutum
3552 4553 3828 4609 pressare
3885 4562 3976 4599 τε.

710 4642 795 4707 lit,
826 4643 917 4695 ubi
945 4642 1055 4695 iere.
1089 4638 1273 4693 omnia
1309 4652 1372 4689 ea
1397 4635 1545 4687 divin
1571 4649 1597 4687 s
1629 4631 1856 4688 Litteris
1894 4631 2100 4694 hausit,
2132 4645 2196 4683 ac
2232 4631 2505 4699 praecipue
2533 4645 2597 4683 ex
2639 4631 2774 4700 regii
2809 4632 2950 4684 vatis
2981 4631 3273 4695 Psalterio,
3308 4647 3375 4694 es
3415 4647 3554 4702 quo,
3592 4645 3802 4702 praeter
3871 4639 3978 4691 alia

713 4737 902 4796 ninlta.
937 4745 1108 4789 totum
1143 4734 1410 4803 psalmum
1442 4745 1573 4784 cvm
1605 4728 1719 4783 fere
1749 4727 1816 4780 ad
1857 4726 2084 4780 verbum
2120 4724 2175 4777 in
2222 4740 2384 4778 suum
2419 4738 2608 4792 poema
2630 4725 2938 4790 derivavit:
2973 4728 3133 4797 cujus
3165 4726 3219 4784 in
3253 4726 3360 4782 line
3390 4730 3656 4783 nonnulla
3690 4732 3870 4786 etiam
3920 4736 3972 4790 iu

712 4828 993 4897 l‘nlyt‘arpi
1050 4826 1268 4878 laudem
1315 4824 1613 4890 attingens,
1644 4817 1981 4888 singularem
2009 4818 2129 4887 ejus
2167 4816 2425 4886 pietatem
2455 4818 2510 4870 in
2569 4817 2741 4872 Deum
2765 4859 2782 4882 ,
2817 4819 3131 4886 mirumque
3182 4834 3283 4886 pro
3313 4819 3575 4886 secundis
3611 4822 3980 4891 imperatoris

714 4922 874 4974 rebus
904 4918 1148 4970 studiqu
1193 4917 1264 4970 ita
1305 4916 1484 4972 en‘ert.
1513 4927 1571 4967 ut
1605 4915 1781 4969 illum.
1818 4925 2022 4980 novujm
2055 4909 2219 4963 veluti
2265 4908 2483 4980 Moysen
2522 4911 2766 4966 extensis
2796 4913 3053 4965 manibus
3089 4928 3188 4978 pro
3236 4912 3544 4966 Israelitico
3581 4920 3792 4984 populo
3853 4932 3975 4974 rota

709 5017 1024 5074 facientem,
1058 5012 1218 5073 nobis
1240 5013 1520 5074 exhibeat,
1554 5025 1616 5064 ac.
1645 5011 1905 5080 graphice
1939 5005 2352 5079 quodammodo
2383 5006 2664 5084 depingat.
2684 5009 2812 5063 Haec
2835 5009 3006 5064 tosius
3028 5009 3213 5078 operis
3237 5024 3453 5065 summa
3483 5021 3566 5066 est
3620 5023 3794 5084 atque
3815 5034 3977 5075 eo.

710 5107 994 5178 pendium.
3285 5107 3289 5110 ’

779 5199 934 5253 Nunc.
964 5199 1238 5252 sermonis
1281 5197 1422 5248 ratio
1453 5194 1774 5263 postularet,
1809 5201 1870 5245 ut
1899 5191 2107 5260 aliquid
2137 5192 2204 5247 de
2234 5192 2410 5262 ipsius
2441 5201 2666 5248 auctore
2700 5193 3047 5250 diceremus:
3079 5195 3172 5250 sed
3220 5212 3345 5260 cum
3377 5197 3522 5252 nulla
3548 5198 3730 5269 ipsius
3763 5207 3973 5261 mentio

706 5296 848 5364 apud
877 5303 1193 5361 scriptorcs.
1241 5289 1504 5348 Caveum,
1533 5287 1810 5344 Oudinum
1846 5303 1908 5341 ac
1940 5287 2256 5349 Fabricium
2296 5299 2555 5341 occurrat
2587 5287 2737 5355 (quo
2763 5288 3024 5344 libentius
3049 5290 3293 5345 auctoris
3332 5302 3491 5346 antea
3521 5295 3694 5363 ignoti
3731 5313 3882 5368 opus
3917 5303 3968 5354 in

707 5388 945 5440 tttcdiutu
986 5393 1226 5454 proterre
1272 5384 1514 5435 animum
1543 5379 1909 5445 indusimus),
1942 5391 2113 5446 pauca
2141 5375 2392 5446 quaedam
2419 5377 2488 5430 de
2513 5378 2778 5448 dignitate
2807 5392 2915 5445 qua
2947 5378 3001 5431 in
3035 5377 3275 5434 Ecclesia
3303 5379 3838 5450 ilad‘riauopolitaaa
3868 5390 3968 5440 lul~

705 5484 888 5551 gebat,
928 5480 1313 5532 delibabimus.
1348 5473 1650 5530 (Economi
1684 5473 1852 5543 igitur
1877 5455 1973 5526 seu
2007 5472 2419 5540 dispensatoris
2453 5469 2711 5524 Ecclesia:
2739 5485 2940 5525 rnuuus
2965 5480 3109 5534 erat,
3141 5473 3649 5529 ecclesiasticarum
3684 5493 3886 5534 rerum
3909 5495 3967 5533 κ

706 5577 1063 5646 pccuuiarttltl
1089 5585 1366 5625 sacrarum
1394 5569 1932 5622 adiuinistrationem
1967 5565 2198 5628 habere,
2230 5579 2435 5634 easque
2464 5564 2775 5619 secundum
2810 5565 3020 5632 proprii
3044 5564 3290 5636 episcopi
3319 5571 3654 5624 sententiain
3690 5573 3750 5626 iu
3778 5577 3966 5644 singu-

707 5671 788 5729 los
818 5669 1018 5723 libristi
1051 5663 1599 5736 tidelcsdistribucrc
1626 5673 1789 5734 atquc
1813 5676 2064 5735 erogare,
2095 5675 2274 5736 caque
2308 5660 2489 5714 omnia
2527 5675 2790 5732 peragere
2817 5677 2938 5732 qur
2971 5660 3215 5720 Isidorus
3275 5663 3330 5719 iu
3357 5668 3597 5737 quadarn
3623 5672 3866 5742 epistola
3896 5669 3958 5726 ad
