4168 6434
225 403 334 465 989
1141 401 1484 462 JOANNES
1518 399 1820 460 ARGYRO

1924 401 2103 461 [ωε.
2135 426 2202 435 -
2232 401 2566 463 ΝΟΤΙΤΙΛ.
3373 393 3481 455 990

224 512 509 567 rissimum
543 527 669 566 eum
701 522 857 567 vocat
884 511 1276 582 philosophum
1304 549 1320 574 ,
1351 518 1407 565 et
1436 510 1691 564 eumdem
1726 511 1904 563 virum
1930 511 2466 579 eloquentissimum,
2509 520 2672 578 atque
2716 507 2864 561 omni
2934 506 3347 574 disciplinarum
3392 521 3482 576 ge‘

225 618 360 657 nere
388 605 812 672 praestantiaque
847 603 1240 671 pollentem,et
1267 602 1374 655 hoc
1400 616 1511 654 uno
1543 600 1819 654 neminem
1850 600 1904 652 in
1941 600 2201 652 universo
2228 598 2547 653 Graecorum
2581 612 2785 668 genere
2822 611 2999 666 neque
3034 596 3358 655 doctiorem.
3383 610 3481 648 nee.

223 699 613 767 sapientiorem
640 711 761 751 esse
797 696 1108 750 conﬁrmat.
1138 696 1400 750 Eamdem
1435 696 1489 749 in
1545 694 1875 749 sententiam
1908 694 1975 747 de
2016 693 2111 748 illo
2146 693 2210 747 ad
2250 693 2521 747 Donatum
2561 692 2896 747 Acciainlum
2928 690 3122 747 scribit
3147 691 3282 761 (25),
3312 692 3484 743 hunc-

228 809 338 863 que
367 803 423 848 et
453 793 718 861 reliquam
746 793 1092 861 iuventutem
1122 791 1498 846 Florentinam
1529 790 1739 851 laudat,
1776 790 1924 858 quod
1947 789 2020 842 in
2066 789 2191 842 talis
2228 789 2477 857 tantique
2508 797 2565 842 et
2596 788 2834 842 oratoris
2877 796 2931 841 et
2969 785 3278 855 philosophi
3307 783 3479 838 Gra-ei

222 904 349 943 sese
384 887 714 941 tradiderint
742 886 1111 955 disciplinam.
1145 888 1195 941 ls
1225 888 1341 956 ipse
1363 894 1547 939 autem
1580 885 1913 946 Acciaiolus,
1958 893 2349 953 praeceptorem
2384 884 2531 936 hunc
2571 898 2731 937 suum
2765 880 3083 935 collaudans
3113 876 3252 945 (26),
3283 877 3482 930 Plures

224 977 367 1046 jam,
398 978 596 1045 inquit,
638 993 835 1037 anuos,
873 978 1177 1030 doctrinam
1206 976 1434 1030 tradidit
1465 974 1649 1040 uob's,
1682 984 1831 1029 tanta
1864 976 2040 1044 copia,
2082 987 2189 1029 tam
2248 973 2645 1043 multiplicibus
2680 973 2957 1041 variisque
3001 971 3351 1026 sermonibus
3379 1008 3393 1029 .
3420 982 3485 1027 ut

227 1073 382 1127 visus
420 1074 511 1135 sit,
545 1062 887 1142 temporibus
913 1072 1138 1134 nostris,
1172 1079 1425 1125 veterum
1460 1068 1913 1138 phil030pbornm
1956 1070 2274 1133 memoriam
2308 1083 2597 1122 renovare.
2624 1068 2667 1121 Α
2712 1066 2965 1121 Cortesio
3011 1067 3124 1135 (Ἦ)
3161 1078 3330 1133 prope
3360 1078 3484 1131 per-

223 1164 404 1219 fectus
435 1166 640 1220 dicitur
668 1165 1061 1235 peripateticus
1090 1173 1147 1216 et
1175 1177 1307 1217 sane
1343 1161 1650 1215 tolerabilis
1684 1160 1956 1228 scriptor;
1994 1161 2062 1214 ab
2097 1160 2360 1229 Alcyonio
2392 1159 2526 1229 (‘28),
2562 1159 3012 1228 philosophorum
3054 1173 3167 1213 sua:
3204 1158 3484 1212 memoria:

223 1258 389 1314 facile
423 1261 699 1328 princeps.
731 1259 902 1324 Quam
934 1259 1073 1313 bene
1104 1257 1171 1312 de
1210 1259 1426 1322 eodem,
1463 1266 1800 1326 praeceptore
1831 1270 1953 1317 suo,
1992 1256 2395 1309 existimaverit
2437 1258 2576 1324 Aug.
2622 1255 2923 1315 Politianus
2949 1293 2964 1318 ,
3011 1271 3175 1319 supra
3220 1253 3481 1322 exposui-

222 1364 371 1404 mus.
405 1351 567 1406 Plura
601 1352 840 1405 virorum
871 1348 1163 1403 doctorum
1202 1355 1357 1401 taceo
1409 1345 1725 1402 testimonia
1753 1383 1768 1408 ,
1822 1344 2026 1414 quibus
2056 1344 2123 1399 de
2160 1345 2359 1414 insigni
2410 1345 2719 1413 eximieque
2756 1344 2904 1398 illius
2936 1345 3252 1398 eruditione
3289 1341 3484 1412 ιιι-ετξ(ιί-

224 1452 442 1496 carnnt.

306 1536 459 1599 Quod
491 1534 675 1589 multis
710 1534 888 1588 doctis
922 1534 1243 1588 hominibus
1283 1546 1575 1586 commune
1601 1539 1686 1585 est
1714 1531 1936 1593 vitium,
1964 1539 2025 1584 ut
2059 1530 2374 1601 arrogantia
2416 1529 2683 1589 scientiae,
2726 1543 2833 1596 qua
2863 1527 3094 1596 pollent,
3119 1526 3266 1581 socia
3296 1526 3366 1579 sit
3391 1540 3486 1578 co-

226 1643 457 1695 mesque
483 1668 499 1691 ,
548 1635 603 1681 et
664 1628 765 1681 hac
802 1626 976 1681 tntlati
1015 1626 1162 1681 solos
1219 1639 1339 1680 sese
1374 1639 1564 1693 sapere
1610 1632 1827 1693 putent,
1859 1624 2105 1693 aliosque
2135 1638 2249 1692 prae
2287 1636 2345 1677 se
2379 1629 2753 1685 contemnant,
2787 1622 2855 1673 ab
2890 1621 2995 1673 hoc
3027 1620 3165 1675 adeo
3211 1634 3321 1672 non
3353 1618 3487 1671 liber

232 1719 343 1772 fuit
367 1718 760 1789 Argyropulus,
789 1731 851 1773 ut
883 1720 1072 1788 potius
1100 1719 1148 1774 is
1176 1717 1353 1772 videri
1384 1718 1643 1781 voluerit,
1680 1718 1774 1785 qui
1806 1732 1999 1771 omnes
2042 1717 2188 1771 inter
2216 1717 2270 1769 in
2302 1716 2451 1770 omni
2478 1714 2743 1769 doctrina:
2769 1728 2967 1783 genere
2998 1727 3140 1766 unus
3178 1712 3443 1765 emineret
3463 1751 3476 1770 ,

228 1820 292 1867 et
323 1811 658 1867 insolentius
692 1828 1034 1866 summorum
1065 1813 1231 1867 etiam
1267 1814 1513 1866 virorum
1545 1813 1859 1881 despexerit
1890 1812 2278 1866 eruditionem.
2318 1809 2488 1865 Totus
2523 1810 2661 1864 adeo
2704 1809 2757 1862 in
2791 1825 2857 1863 co
2889 1809 3144 1862 diversus
3174 1806 3277 1860 fuit
3324 1822 3353 1861 a
3386 1821 3483 1860 ve—

226 1918 349 1965 tere
379 1907 557 1962 sodali
599 1923 719 1971 suo,
754 1892 1049 1963 Theodoro
1077 1908 1245 1969 Gaza,
1281 1908 1370 1975 qui
1412 1909 1695 1962 modestia:
1738 1922 1852 1961 suae
1903 1922 2030 1978 erga
2087 1908 2237 1961 illum
2293 1905 2473 1975 ipsum
2524 1905 2811 1973 singulare
2862 1902 3016 1955 dedit
3070 1904 3486 1955 documentum-

225 2001 474 2069 Etenim,
515 2017 640 2057 cum
675 2001 989 2057 Aristotelis
1018 2002 1306 2056 Naturalia
1338 2012 1503 2071 atque
1539 2000 1761 2056 Moralia
1792 2000 2171 2071 Argyropulus
2202 2000 2395 2055 Latine
2427 1999 2799 2054 convertisset
2826 2039 2840 2062 ,
2871 1984 3015 2052 Gaza
3047 1996 3295 2065 quaedam
3323 2037 3337 2061 ,
3374 2010 3400 2045 a
3432 2009 3488 2046 se

224 2098 436 2168 pariter
484 2097 766 2164 translata,
817 2098 1151 2160 combussit,
1193 2113 1285 2161 ne,
1341 2108 1399 2153 ut
1450 2097 1644 2152 Jovius
1696 2098 1793 2164 ait,
1841 2098 2160 2152 amicissimi
2205 2097 2446 2152 hominis
2484 2096 2753 2152 crescenti
2804 2095 2963 2149 famae
2997 2094 3316 2169 ofﬁcerent,
3349 2091 3392 2145 si
3424 2090 3489 2144 ad

222 2192 639 2247 aemulationem
676 2190 864 2246 odiosa
911 2193 1324 2262 comparatione
1356 2199 1684 2246 certaretur.
1737 2191 1931 2245 Latina
1975 2194 2121 2246 enim
2153 2232 2168 2257 ,
2201 2190 2384 2252 addit.
2425 2192 2676 2245 ubertate
2712 2191 3002 2245 facundior
3031 2231 3045 2255 ,
3090 2198 3145 2243 et
3175 2188 3514 2242 Grmeiirum.

223 2282 670 2337 modestissimus
705 2283 806 2338 hoc
852 2283 1013 2338 facile
1063 2283 1227 2338 dabat
1276 2282 1419 2337 elate
1466 2283 1760 2337 ambitioso
1808 2293 1863 2339 et
1908 2284 2195 2353 amplioris
2258 2284 2562 2353 percupido
2615 2282 2866 2338 fortunas.
2919 2266 3257 2353 Arrogantiae
3310 2282 3483 2350 ipsius

221 2375 568 2430 luculentqu
627 2375 939 2444 exemplum
971 2384 1244 2429 memorat
1282 2374 1613 2439 Politianus,
1643 2376 1759 2441 ubi,
1792 2386 2188 2445 prtrceptorem
2237 2375 2391 2429 illum
2423 2392 2606 2448 suum,
2644 2376 2968 2431 Ciceronem
3001 2374 3361 2443 philosophia:
3395 2389 3491 2441 pa-

226 2467 367 2522 riter
402 2477 562 2538 atque
594 2467 917 2525 Graecarum
956 2470 1266 2523 litterarum
1302 2469 1591 2538 imperitia:
1624 2469 1896 2539 arguisse,
1932 2470 2138 2537 refert;
2174 2480 2228 2526 et
2260 2485 2384 2524 eum
2417 2470 2664 2522 omnium
2700 2469 3005 2522 acerrimus
3037 2478 3180 2521 esqrt
3213 2467 3265 2520 in
3302 2468 3491 2536 dispu-

229 2554 406 2609 tando
439 2566 603 2624 atque
639 2549 827 2610 aurem
856 2557 1026 2627 (quod
1059 2557 1136 2610 ait
1172 2556 1443 2624 Persius).
1480 2557 1728 2613 mordaci
1764 2559 1909 2614 lotus
1939 2569 2116 2623 aceto,
2149 2559 2304 2613 facile
2332 2559 2383 2611 id
2409 2559 2512 2612 sibi
2544 2559 2892 2628 caeterisque,
2920 2570 3030 2612 tuin
3064 2558 3286 2627 quidem
3317 2567 3493 2613 serta-

223 2648 445 2703 toribus
479 2647 594 2701 suis
642 2648 979 2715 persuasisse
1033 2648 1108 2702 ait
1163 2657 1243 2712 ut,
1277 2647 1424 2717 quod
1486 2662 1623 2717 pene
1649 2649 1804 2703 dictu
1844 2665 2063 2719 quoque
2087 2652 2242 2704 nefas
2271 2650 2362 2713 sit,
2400 2665 2497 2717 pro
2527 2664 2794 2704 concesso
2827 2651 2969 2704 inter
2996 2652 3144 2720 ipsos
3173 2651 3491 2711 haberetur,

222 2753 339 2793 nec
372 2739 757 2807 philosophum
794 2738 967 2794 fuisse
996 2739 1068 2794 Μ.
1096 2737 1340 2793 Tullium
1373 2753 1479 2793 nec
1512 2739 1726 2795 litteras
1769 2740 1987 2796 Graecas
2020 2741 2276 2795 calluisse
2310 2742 2447 2808 (‘29).

303 2830 408 2887 Sed
439 2840 495 2885 et
525 2831 843 2886 ebriositate
876 2847 939 2886 ac
969 2833 1271 2886 voracitate
1306 2830 1466 2886 famte
1507 2846 1619 2886 sua:
1672 2832 1941 2887 maculam
1991 2835 2223 2900 aspersit
2255 2833 2631 2903 Argyropulus
2656 2874 2669 2897 ,
2706 2834 2751 2885 si
2784 2833 3005 2902 quidem
3048 2832 3203 2887 Jovio
3238 2833 3371 2889 tiles
3402 2848 3486 2891 est

229 2921 505 2989 habenda,
542 2924 657 2994 qui,
694 2924 804 2977 vini
831 2931 886 2978 et
913 2922 1022 2978 cibi
1048 2937 1205 2992 aeque
1236 2922 1460 2977 avidum
1490 2932 1547 2976 et
1576 2937 1855 2990 capacem,
1902 2931 1957 2977 et
2010 2925 2181 2977 multo
2229 2923 2525 2978 abdomine
2569 2923 2945 2977 ventricosum
2981 2940 3107 2978 eum
3136 2924 3328 2989 fuisse,
3366 2936 3477 2979 tra-

232 3020 319 3074 dit
353 3020 487 3091 (30).
525 3018 730 3074 Eodem
778 3026 1006 3073 auctore
1032 3059 1047 3085 ,
1084 3018 1274 3072 Romae
1322 3017 1395 3071 ita
1443 3017 1645 3086 opimis
1677 3018 1971 3088 stipendiis
2000 3020 2168 3072 vitam
2223 3020 2503 3084 traduxit,
2536 3026 2598 3071 ut
2632 3026 2744 3073 tota
2789 3020 3096 3075 substantia
3146 3023 3486 3090 quotidianis

231 3114 556 3184 sumptibus
589 3121 923 3184 aequaretur,
954 3122 1012 3167 et
1043 3111 1098 3166 in
1129 3121 1379 3166 extremo
1408 3110 1537 3166 vitae
1564 3123 1687 3167 actu
1718 3114 1959 3184 jocatus,
1991 3112 2223 3167 ditiores
2253 3114 2485 3175 amicos,
2512 3112 2639 3167 aeris
2667 3112 2852 3180 alieni,
2888 3114 3112 3170 condito
3143 3125 3493 3179 testamento,

230 3207 484 3264 hzeredes
519 3207 877 3277 relinqueret.

308 3300 588 3369 Praecipua
631 3298 960 3371 Argyropuli
990 3297 1256 3353 doctrina:
1304 3299 1623 3368 ingeniique
1676 3309 2028 3354 monumenta
2078 3311 2207 3354 sunt
2240 3300 2444 3353 Latina:
2477 3302 2846 3370 complurium
2884 3304 3198 3369 Aristotelis
3230 3307 3497 3363 librorum

252 3396 742 3463 nterpretationes.
770 3408 907 3463 quas
935 3392 1229 3446 Florentia:
1255 3391 1531 3456 confecit,
1569 3396 1820 3462 gratique
1859 3394 1944 3446 sui
1981 3409 2111 3463 erga
2149 3408 2295 3446 verae
2334 3393 2557 3446 virtutis
2600 3393 2847 3450 altricem
2892 3397 3115 3452 domum
3165 3400 3486 3465 Mediceam,

237 3484 408 3539 animi
439 3495 660 3540 exstare
697 3485 872 3540 voluit
904 3493 1091 3539 testes.
1124 3484 1197 3536 Ex
1228 3484 1418 3537 Graeco
1451 3482 1717 3535 nimirum
1762 3482 1955 3535 Latine
1991 3482 2263 3535 COIH'ellil
2291 3484 2610 3538 Aristotelis
2636 3484 3095 3552 Pra'dicameuta;
3137 3488 3209 3542 De
3242 3493 3501 3561 interpre-

234 3577 443 3630 tatione
483 3576 719 3642 librum;
760 3576 1172 3646 Analyticorum
1214 3578 1568 3646 posteriorum
1613 3577 1825 3640 libros;
1863 3575 2102 3646 Physica:
2149 3576 2557 3631 auscultationis
2608 3580 2781 3634 libros
2829 3593 2990 3642 ncto;
3039 3582 3114 3635 De
3157 3584 3282 3637 cmlo
3326 3585 3500 3641 libros

232 3682 509 3738 quatuor;
559 3671 634 3724 De
671 3674 853 3726 anima
885 3672 1059 3726 libros
1095 3680 1247 3736 tres;
1297 3672 1791 3743 Metaphysicerum
1829 3672 2003 3726 libios
2054 3670 2393 3738 duodecim;
2448 3673 2758 3727 Ethicorum
2795 3676 2864 3729 ad
2902 3676 3277 3733 Nicomachum
3327 3680 3501 3737 libros

233 3762 464 3829 decem;
502 3772 556 3817 et
590 3763 941 3817 Politicorum
972 3763 1146 3817 libros
1175 3775 1324 3818 octo.
1362 3763 1658 3818 Versioues
1707 3765 1790 3818 ha:
1837 3764 2249 3831 antiquioribus
2279 3764 2593 3821 Aristotelis
2640 3782 2870 3835 Operum
2906 3770 3245 3825 editionibus
3292 3772 3502 3829 Latinis

234 3869 304 3909 ac
338 3857 617 3912 nonnulla:
647 3858 813 3912 etiam
845 3859 900 3912 in
925 3858 1360 3914 Graeco-Latinis
1386 3859 1721 3928 quibusdam
1749 3860 2031 3929 leguntur.
2056 3858 2181 3914 Mss.
2208 3859 2262 3913 in
2295 3858 2632 3915 biblimheca
2658 3862 3021 3917 Laurentiano
3052 3864 3294 3921 Medicea
3321 3884 3498 3924 asser-

236 3956 465 4008 vantur,
500 3947 711 4017 hasque
747 3949 1098 4003 continentes
1130 3950 1183 4003 in
1221 3950 1317 4003 illa
1351 3959 1570 4004 exstant
1599 3950 1822 4005 codices
1855 3935 2529 4019 aliquot'membranacei,
2561 3952 2989 4020 elegantissimis
3010 3954 3222 4007 COSIIHI.‘
3244 3965 3301 4007 et
3326 3957 3494 4021 Petri,

241 4038 637 4107 Mediceornm,
681 4042 967 4112 ipsiusque
1016 4043 1359 4113 interpretis,
1387 4044 1640 4099 iconiLus
1668 4045 1925 4097 exornati
1964 4044 2101 4113 (3i).
2134 4042 2358 4097 Diversa
2393 4054 2442 4095 et
2481 4046 2759 4099 contraria
2801 4046 2943 4099 inter
2978 4063 3037 4101 se
3075 4049 3142 4102 de
3166 4049 3493 4119 Argympuli

244 4134 597 4188 versionibus
638 4134 886 4189 virorum
927 4135 1217 4191 doctorum
1253 4144 1382 4190 sunt
1406 4137 1613 4207 judicia
1665 4137 1801 4207 (52).
1836 4139 1902 4194 Β.
1933 4135 2329 4191 Volaterranos
2374 4136 2511 4205 (55),
2541 4137 2822 4205 eleganter
2862 4141 3034 4208 magis
3062 4156 3226 4209 quam
3268 4142 3502 4196 fideliter

236 4228 552 4287 Aristotelis
583 4228 755 4282 libros
778 4242 902 4281 eum
944 4229 1282 4283 convertisse
1313 4238 1524 4285 censet.
1554 4229 1755 4284 Contra
1790 4246 1851 4284 ea
1889 4229 2081 4285 Joaeh.
2106 4230 2393 4283 Perionlus
2425 4228 2560 4295 (δι),
2606 4229 2841 4283 ﬁdeliter
2873 4232 3043 4299 magis
3079 4246 3240 4298 quam
3305 4243 3497 4290 ornate

238 4322 635 4389 eleganterque
671 4320 793 4375 illos
824 4321 974 4389 ipsos
1007 4321 1301 4375 translatos
1333 4322 1403 4376 ab
1446 4336 1513 4376 eo
1566 4322 1735 4377 fuisse
1766 4324 1865 4379 ait.
1906 4324 2099 4378 Petrus
2136 4322 2386 4376 Nannius
2418 4322 2533 4391 (35)
2579 4330 2785 4386 autem,
2836 4325 2901 4376 ad
2944 4331 3106 4377 verba
3138 4327 3310 4395 magis
3338 4345 3500 4397 quant

236 4415 306 4468 ad
340 4428 561 4467 sensum
588 4412 994 4483 Argympulum
1025 4413 1351 4479 attendisse,
1387 4414 1673 4484 ipsiusque
1707 4415 1846 4471 adeo
1882 4415 2370 4485 interpretationes
2401 4429 2504 4468 nec
2530 4414 2742 4479 ﬁdeles,
2767 4429 2868 4468 nec
2896 4415 3175 4485 elegantes
3197 4433 3339 4485 esse,
3370 4436 3497 4489 pro-

313 4591 426 4658 (33)
458 4588 657 4643 Eodem
690 4590 824 4657 Epp.
854 4589 1017 4651 libro,
1052 4590 1281 4657 cpistola
1305 4590 1374 4644 25
1395 4609 1408 4655 ;
1430 4606 1495 4645 ex
1525 4607 1628 4657 qua
1652 4592 1819 4647 etiam

241 4660 511 4714 discimus
551 4658 919 4730 Mediolanum
970 4676 1029 4730 a.
1080 4660 1213 4713 H56
1266 4662 1666 4730 Argyropnlnm
1724 4679 1821 4716 ve-

237 4733 415 4789 nisse,
446 4740 501 4782 et
550 4744 579 4781 a
621 4729 867 4801 principe
920 4729 1334 4797 perhumaniter
1378 4729 1821 4801 perbeniaueqne

236 4810 560 4858 tractatum,
606 4800 672 4851 ait
711 4796 1106 4868 Transalpinos
1172 4796 1481 4863 transiisse,
1519 4796 1819 4856 redittts'ad

233 4869 606 4925 constitutum
641 4880 859 4936 tempus
893 4884 988 4936 Spe
1016 4872 1179 4924 facta.

317 4938 433 5006 (εδ)
474 4939 708 4992 Promm.
762 4940 814 4991 in
878 4941 1277 5006 expositionem
1323 4938 1451 4994 libr.
1514 4938 1820 4995 Ethicorum

234 5008 575 5067 Aristotelis.
607 5008 672 5059 ad
702 5008 918 5061 rlariss.
953 5010 1151 5067 virum.
1177 5009 1430 5063 Cosmum
1458 5011 1747 5065 Medicem.

316 5079 433 5213 (27?
465 5077 609 5130 Dial.
645 5078 709 5131 de
734 5078 899 5131 docti:
921 5079 1238 5144 Iwnaiuibus,
1266 5095 1389 5148 pag.
1421 5080 1513 5134 45.

316 5148 405 5213 [28
472 5146 531 5201 ι.
564 5164 609 5201 ε.
642 5165 689 5202 c.
1352 5195 1361 5203 .

342 5156 426 5203 28}
472 5156 531 5201 L.
564 5164 609 5201 ε.
642 5165 689 5202 c.
1352 5195 1361 5203 .

634 5165 958 5280 Politianus,
994 5218 1215 5274 Miscell.
1252 5234 1301 5273 c.
1334 5195 1396 5274 t:
1428 5234 1539 5289 quo
1584 5220 1702 5289 ipso
1732 5236 1822 5278 ca-

237 5287 380 5361 pite,
401 5287 727 5361 Ciceronem
763 5290 992 5361 ejusque
1019 5291 1420 5361 expositionem
1441 5287 1690 5345 vocab—uti
1735 5294 1822 5346 ὲν-

238 5356 496 5427 ῖεελέχεια
528 5399 544 5423 ,
599 5356 809 5412 Τιιεαιιζ
874 5356 1169 5423 ρααιδιξι,
1205 5360 1293 5421 lt),
1347 5376 1454 5428 qua
1510 5361 1818 5417 Tullianam

237 5429 449 5484 Graecae
474 5428 673 5493 linguae
705 5429 1070 5498 ignorantiam
1099 5432 1462 5497 comprobare
1506 5431 1820 5487 instituerat

236 5499 645 5570 Argyropulus,
678 5514 708 5552 a
754 5500 1028 5570 calumnia
1083 5500 1352 5569 ejusdem,
1395 5501 1552 5569 cujus
1596 5505 1818 5570 quidem

237 5569 385 5624 alias
413 5568 557 5636 apud
582 5584 640 5621 se
656 5584 763 5621 non
794 5569 973 5638 exigui
1004 5568 1261 5634 ponderis
1284 5568 1669 5625 auctoritatem
1698 5588 1821 5627 esse

243 5638 562 5713 profitetur,
592 5653 657 5692 ex
688 5640 951 5713 iustitmo
968 5640 1211 5694 defendit
1232 5642 1550 5713 Conineuus
1576 5644 1822 5713 Papado—

244 5707 386 5780 poli,
421 5707 461 5761 ι.
496 5724 641 5781 με..
682 5710 778 5781 ubi
810 5709 955 5764 Jovii
1008 5712 1206 5781 repetit
1247 5707 1820 5781 narrationem.'qnod

238 5778 645 5849 Argyropnius,
670 5778 995 5838 Ciceroneni
1020 5778 1235 5837 Graues
1276 5781 1486 5837 litteras
1544 5778 1820 5853 ignorasse

1928 4591 2325 4671 prtedjcaverit,
2354 4592 2553 4671 additi
2580 4592 2807 4671 Qua__iu_
2827 4609 2888 4671 se
2913 4610 3019 4648 non
3057 4599 3303 4671 omnino,
3330 4601 3498 4671 Argy-
3531 4580 3537 4586 l

1928 4664 2155 4728 ropnlus
2189 4662 2480 4718 delirabat.
2522 4663 2766 4717 Perbelle
2796 4666 2807 4717 l
2850 4664 3073 4733 Nempe,
3108 4676 3165 4721 ut
3194 4662 3500 4725 Politianus

1924 4733 1991 4785 de
2036 4731 2238 4785 Graecis
2263 4748 2374 4785 sua:
2405 4736 2582 4786 relatis
2615 4734 2934 4786 hominibus
2968 4746 3220 4795 testatur.
3270 4737 3501 4795 Latinos

1968 4754 1991 4785 Ε
2036 4754 2238 4785 UI'EBCIS
2263 4754 2374 4785 sua:
2405 4754 2582 4786 ECUHIS
2616 4754 2934 4786 llUlllllllllllS
2968 4754 3220 4801 tcsmtur,
3270 4754 3429 4792 Lall"

1925 4802 1977 4854 in
2012 4804 2393 4875 participatnni
2423 4803 2767 4875 sumlinguae
2792 4804 3167 4875 doctrinaeque
3193 4822 3301 4861 nou
3325 4810 3501 4864 liben-

1928 4881 2009 4924 ter
2040 4871 2285 4924 admittit
2316 4874 2419 4926 ista
2455 4874 2622 4927 natio.

1998 4943 2109 5007 ('50)
2153 4941 2309 4995 Conf.
2361 4943 2657 5017 llaylel.ic.
2699 4944 3066 5017 Argympulo,
3101 4947 3245 5014 quod
3275 4946 3499 5002 Cicrro-

1924 5028 2047 5066 nent
2085 5027 2190 5065 non
2228 5014 2406 5082 magni
2440 5016 2650 5074 iecerit,
2682 5014 2988 5069 subirattint
3034 5017 3251 5071 Jovittnt
3288 5017 3401 5073 hinc
3434 5022 3501 5077 de

1922 5084 2013 5135 illo
2040 5084 2325 5151 scripsisse
2359 5083 2615 5149 opinatur
2638 5084 2843 5138 Hodius
2872 5087 2911 5141 ι.
2949 5103 3021 5149 c.,
3060 5103 3111 5151 ιι.
3150 5086 3274 5141 till.

1997 5153 2106 5221 (3t)
2147 5150 2279 5207 Vide
2299 5153 2472 5210 Calai.
2506 5153 2766 5210 Biblioth.
2796 5150 3289 5210 Laurent.i-Medic.
3314 5174 3342 5211 a
3369 5159 3502 5212 Ber-

1923 5223 2083 5277 nard.
2121 5221 2189 5286 de
2240 5222 2592 5279 Montl'aucou
2648 5226 2701 5279 in
2760 5225 3014 5280 Biblioth.
3064 5227 3498 5283 bibliothecarum

1923 5309 2048 5347 mss.
2068 5307 2211 5363 notia
2241 5295 2490 5363 vulgatus
2523 5310 2575 5361 p.
2610 5297 2735 5358 579,
2771 5298 2895 5361 402,
2925 5298 3049 5351 542.
3077 5298 3182 5348 405
3211 5307 3266 5350 et
3298 5300 3421 5352 418.

1980 5362 2106 5433 ,(52)
2138 5362 2392 5419 Pluribus
2428 5366 2520 5417 illa
2567 5376 2785 5419 enarrat
2838 5368 2893 5422 P.
2931 5367 3109 5431 Bayle.
3152 5367 3205 5420 iu
3266 5368 3498 5426 Diction.

1921 5434 2043 5488 hist.
2074 5445 2121 5487 et
2154 5436 2294 5496 crit.,
2334 5444 2463 5487 lOItl.
2496 5433 2537 5495 I,
2573 5452 2689 5506 pag.
2723 5438 2846 5491 508.

1999 5507 2110 5574 (55)
2149 5507 2352 5560 Comm.
2385 5506 2501 5557 urb.
2538 5506 2636 5559 litt.
2674 5524 2784 5571 XXI,
2822 5523 2942 5575 pag.
2976 5506 3099 5560 776.
3178 5544 3185 5550 -

2021 5578 2108 5645 54)
2140 5578 2302 5630 Teste
2331 5576 2581 5633 Tltuano.
2612 5576 2747 5631 Hist.
2778 5580 2812 5631 Ι.
2850 5594 3000 5637 xxtu.
3036 5596 3087 5641 p.
3121 5593 3193 5632 m.
3233 5579 3390 5635 1057.

2019 5650 2108 5717 33)
2168 5648 2501 5715 Συμμίκτων
2550 5649 2647 5700 lib.
2704 5666 2741 5710 ι,
2797 5659 2916 5716 Cap.
2980 5650 3033 5701 ὅ.
3068 5666 3188 5717 pag.
3236 5652 3288 5703 6.
3335 5651 3498 5709 (Ioni.

1926 5717 2134 5789 Bailiet,
2165 5719 2371 5790 lugent.
2423 5718 2511 5771 des
2532 5717 2793 5785 Spavems,
2819 5730 2948 5774 toni.
2986 5718 3073 5782 iV,
3106 5736 3226 5791 pag.
3263 5721 3391 5777 535.
