4168 6434
181 443 291 508 993
318 492 323 498 .

1118 427 1213 486 DE
1250 414 1773 484 PIlOCESSlt'mE
1816 409 2177 472 SPiR'tTUS
2216 406 2506 466 SANCTI.

3335 394 3446 456 913i

188 506 427 628 στηκότα
477 548 686 620 χρόνον,
717 545 775 608 ὃς
815 545 948 613 ημῖν
978 541 1118 608 ἀγαν
1171 534 1513 607 βραχύτατος
1568 532 1758 628 ξυγκε-
1790 579 1795 590 ι

1901 524 2028 576 crha
2055 521 2309 588 virosque
2376 512 2635 570 deficient
2685 524 2792 564 non
2829 517 3035 562 tantum
3063 506 3167 560 hoc
3194 507 3450 574 pruenti

2037 627 2044 628 ,
2100 627 2106 628 ,
2190 627 2195 628 ,
2239 609 2324 628 ,__|
2370 606 2526 628 --μμ
2553 617 2711 628 ...η-υ.
2752 600 3138 628 ιι-Λινῖηηῖωιιινι
3191 599 3415 628 ΑΛηηηΑΙΞ

186 620 461 718 χώρηται,
494 639 609 695 ἀλλ’
640 635 748 690 οὐδ’
781 636 871 689 ὅτε
924 631 1119 718 καιρὸς
1146 628 1257 681 τῶν
1291 626 1401 718 σῷν
1445 620 1757 718 ἐγκωμίων,

186 709 550 792 ἔθ’τὺπόθεσιν
577 726 973 797 λαμπροτάτην
994 717 1149 789 οἶμαι
1177 718 1263 779 ⁴τά
1300 717 1369 769 σά
1399 709 1761 783 ποιησόμεθα,

186 831 289 899 οὐχ
316 818 478 897 ἦττον
534 821 592 873 δὲ
640 820 734 872 καὶ
781 820 869 887 τῇ,
910 814 979 885 ἠν
1044 814 1186 881 ἔχεις
1223 808 1353 879 περὶ
1392 807 1516 899 τοὺς
1575 803 1766 870 λόγους

191 896 451 987 σπουδὴν,
483 913 579 977 οὒς
606 912 715 965 τῶν
749 912 808 963 ἐν
860 908 997 980 ἡμῖν
1020 903 1278 958 ἁπάντων
1305 897 1540 969 νομίζων
1588 896 1649 947 τὸ
1688 911 1767 946 τι-

195 1010 490 1081 μιώτατον,
529 1005 625 1059 νῦν
679 1004 781 1074 μὲν
810 999 1075 1070 ἱστορίαις
1124 995 1341 1067 χαίρεις
1391 990 1487 1044 καὶ
1519 989 1666 1081 άπερ
1684 987 1769 1081 Δέν

192 1077 538 1170 ξυγγραφαϊς
568 1094 909 1163 περιέχεται,
938 1088 1035 1144 νῦν
1056 1088 1114 1141 δὲ
1147 1084 1462 1155 φιλοσοφεῖς
1501 1077 1769 1170 ἀκριϐᾦς,

190 1169 387 1261 ὥσπερ
414 1208 505 1253 τις
548 1194 605 1242 ὲν
651 1183 962 1254 Ἀκαδημίᾳ
999 1180 1252 1251 τραφεὶς,
1300 1176 1334 1247 ἢ
1376 1172 1581 1233 πλοκὰς
1615 1169 1772 1231 εἰδὼς

192 1287 394 1354 λόγων,
429 1282 524 1345 οὒς
575 1279 740 1343 αὐτὸς
776 1276 1006 1343 ἔπλεξεν
1057 1275 1086 1326 ὀ
1116 1269 1454 1342 Περίπατος.
1516 1264 1772 1354 Μάλιστα

193 1377 241 1429 δ’
272 1350 353 1429 δτι
383 1374 543 1444 μόνος
582 1371 771 1440 σχεδὸν
806 1367 875 1420 τὰ
905 1365 1141 1434 δημόσια
1182 1359 1462 1429 πράττων,
1495 1354 1591 1408 καὶ
1621 1350 1766 1405 τοῦτ’

196 1468 466 1537 ὑπάρχων
495 1465 554 1515 ὲν
616 1462 791 1527 πόλει,
829 1461 970 1529 ὅπερ
1020 1458 1079 1509 ὲν
1115 1454 1333 1523 σώματι
1375 1450 1547 1519 δήπου
1601 1445 1772 1515 ψυχὴ,

197 1562 295 1615 καὶ
320 1561 457 1631 ὅπερ
484 1555 609 1631 νοῦς
643 1554 701 1606 ὲν
742 1550 931 1617 παντὶ,
961 1549 1082 1602 οὐδὲ
1110 1548 1221 1603 τῶν
1254 1542 1586 1613 θεολογικῶν
1614 1540 1778 1608 ἄμοι-

203 1670 298 1721 ρος
328 1628 508 1717 ἐγίνου
528 1628 843 1714 δογμάτων.
878 1639 1024 1696 Ἀλλ’
1046 1637 1192 1692 οὕτω
1212 1654 1294 1691 τοι
1319 1635 1501 1697 καλῶς
1526 1632 1620 1687 καὶ
1647 1628 1779 1683 τού-

200 1762 315 1798 των
340 1742 399 1795 τὸ
424 1740 676 1793 πλεῖστον
729 1735 1065 1806 ἐξήσκησας,
1129 1731 1269 1785 ὥστε
1326 1729 1536 1799 μηδένα
1579 1722 1780 1796 ῥᾳδίως

202 1836 507 1898 πιστεύειν,
534 1835 618 1887 ὄτι
652 1849 735 1884 σοι
783 1829 878 1882 καὶ
911 1829 1042 1896 ’περί⁹
1103 1823 1280 1878 ἀλλων
1340 1819 1532 1888 γέγονε
1596 1816 1774 1883 λόγος.

1873 623 2145 683 tempore,
2179 609 2326 680 quod
2368 606 2528 662 nobis
2549 617 2712 674 quam
2752 600 3140 655 brevissimum
3190 599 3447 653 concedi-

1871 715 1981 772 tur,
2011 704 2108 759 sed
2158 702 2321 757 etiam
2349 712 2473 754 cum
2505 705 2630 751 tuas
2673 690 2968 748 enarrandi
2999 688 3191 744 laudes
3234 689 3453 742 occasio

1870 814 1993 854 sese
2026 796 2233 859 tulerit,
2268 802 2324 847 et
2356 787 2761 845 nobilissimum
2790 792 3175 854 argumentum
3211 780 3450 833 orationi

1874 904 2007 943 meae
2046 888 2186 942 facta
2217 895 2309 940 tua
2343 884 2674 939 constituam
2714 897 2726 933 :
2761 891 2873 932 non
2925 877 3110 930 minus
3144 888 3278 928 vero
3307 884 3361 925 ct
3388 888 3455 924 co

1872 997 1984 1052 quo
2010 982 2077 1035 ad
2119 993 2406 1035 sermones
2433 973 2729 1030 concitaris
2758 969 2964 1035 studio,
2997 982 3135 1038 quos
3179 967 3321 1019 inter
3366 978 3453 1016 res

1875 1076 2142 1127 humanas
2181 1067 2611 1139 pretiosissimos
2669 1071 2970 1133 reputans,
3024 1075 3169 1113 nunc
3222 1058 3275 1111 in
3327 1071 3454 1108 ver-

1876 1165 2062 1219 sandis
2108 1161 2379 1226 historiis,
2410 1170 2464 1213 et
2494 1172 2614 1228 qua:
2666 1156 2720 1209 i-n
2770 1156 2999 1208 aliorum
3034 1147 3459 1204 Commentariis

1875 1257 2252 1319 continentur,
2292 1264 2440 1305 nunc
2467 1256 2728 1304 accurate
2766 1242 3172 1315 philosophicis
3208 1239 3463 1308 Specula~

1879 1348 2143 1407 tionibus.
2176 1344 2404 1413 perinde
2441 1358 2504 1397 ac
2528 1343 2575 1396 si
2615 1342 2668 1394 in
2704 1336 3019 1393 Academia
3070 1332 3370 1396 enutritus,
3409 1338 3466 1382 ut

1878 1439 2343 1511 disputationibus
2403 1436 2655 1491 difficiles
2715 1433 3025 1502 explicatus
3084 1426 3460 1487 habentibus,

1878 1549 2016 1604 quas
2047 1533 2167 1602 ipse
2188 1532 2469 1599 Pcripatus
2499 1529 2704 1598 plexuit
2729 1567 2744 1592 ,
2794 1523 3068 1581 exercitus
3095 1535 3281 1582 esses,
3314 1532 3459 1586 ope—

1880 1638 1995 1680 ram
2032 1638 2220 1678 navas.
2277 1622 2381 1677 Sed
2430 1622 2572 1675 inter
2621 1619 2731 1672 alia
2785 1615 3081 1686 prrecipue,
3116 1611 3264 1682 quod
3312 1610 3463 1665 solus

1883 1718 1999 1773 fere
2037 1732 2126 1772 res
2174 1717 2423 1786 publicas
2470 1714 2889 1773 administrans,
2924 1718 2981 1765 et
3036 1711 3089 1765 in
3138 1706 3361 1764 civitate
3411 1704 3465 1758 id

1884 1827 2139 1881 cperans,
2169 1810 2317 1880 quod
2364 1810 2417 1864 in
2450 1823 2681 1878 corpore
2708 1808 2916 1871 anima,
2965 1815 3020 1860 et
3072 1818 3227 1859 mens
3262 1802 3316 1856 in
3348 1800 3471 1855 uni-

202 1931 441 2001 Σημεῐον
481 1893 539 1992 δε
588 1924 671 1978 ὅτι
718 1922 825 1983 πᾶς
872 1893 1125 1971 ὁστισοῦν
1179 1910 1461 1980 θεολογίαν
1512 1907 1571 1962 εὖ
1608 1908 1780 1977 ὴσκη-

1901 1920 2113 1971 rerso,a
2138 1902 2463 1975 theologicis
2492 1900 2755 1967 decretis,
2787 1901 2867 1955 uti
2898 1914 3088 1954 eorum
3114 1912 3330 1968 expers.
3358 1910 3469 1948 non

205 1999 345 2085 κὼς,
384 2021 583 2089 πεῖραν
615 2014 801 2075 διδοὺς
857 2012 949 2064 καὶ
985 2006 1303 2076 λαμϐάνων,
1353 2004 1539 2057 ἄπεισι
1584 1999 1786 2071 μᾶλλον

208 2113 534 2185 θαυμάζων,
563 2111 614 2181 ’ἢ
663 2104 1103 2174 θαυμαζόμενος.
1164 2098 1323 2153 Οὖτω
1385 2095 1635 2185 περίεστί
1703 2110 1787 2185 σοι

208 2182 469 2278 μελέτης,
499 2202 590 2255 καὶ
621 2196 794 2254 ταῦτα
822 2196 919 2265 τῆς
947 2192 1057 2245 τῶν
1112 2187 1308 2244 κοινῶν
1350 2184 1640 2272 φροντίδος.
1669 2182 1788 2251 ἑχό-

210 2317 400 2372 μενος,
430 2299 527 2351 καὶ
566 2294 603 2348 ἀ
657 2293 851 2356 σώζειν
907 2288 1082 2343 ὲθέλει
1122 2286 1224 2355 τὴν
1271 2283 1551 2372 ἡμετέραν
1599 2278 1789 2372 ἄλλοτε

208 2370 407 2453 ἀλλαις
434 2390 628 2460 τύχαις
655 2387 757 2439 οὐκ
785 2385 891 2448 ἔξω
922 2379 1268 2453 πραγμάτων
1299 2371 1486 2441 οὖσαν,
1532 2372 1647 2426 ἀλλ’
1680 2370 1791 2423 αἰεὶ

209 2487 559 2557 θνήσκουσαν
583 2480 663 2550 τῷ
692 2479 803 2533 δέει
835 2478 964 2538 τοὺς
1006 2475 1146 2544 αὐτῇ
1204 2469 1522 2557 πολεμίους.
1584 2464 1793 2535 Χάριεν

210 2579 274 2637 δέ
305 2553 421 2631 ’σου
453 2576 697 2637 κάκεῖνο,
736 2572 817 2635 ὅτι
876 2568 1033 2639 μόνος
1094 2564 1257 2626 αὐτὸς
1314 2553 1427 2623 οἷός
1455 2575 1516 2611 τε
1550 2557 1625 2609 ὢν
1678 2558 1792 2615 τοῖς

209 2669 487 2737 δόγμασιν
517 2662 858 2733 ὲφιστάνειν,
917 2655 1040 2710 οὐδὲ
1081 2654 1181 2724 τὴν
1225 2652 1325 2720 σὴν
1372 2649 1504 2720 ἡμῖν
1542 2643 1796 2709 ἀπαξιοῖς

214 2760 481 2831 θεωρίαν,
515 2756 650 2813 ἀλλὰ
678 2755 859 2823 λέγεις
884 2750 983 2821 μὲν
1016 2747 1199 2811 αὐτὸς,
1244 2745 1281 2800 ἆ
1342 2760 1425 2796 σοι
1461 2740 1589 2811 περ)⁵
1639 2738 1794 2831 ἐνίων

215 2829 392 2915 δοκεῖ,
444 2845 666 2909 ἀκούεις
698 2846 756 2899 δὲ.
785 2843 881 2896 καὶ
936 2840 1117 2913 ἡμῶν,
1148 2839 1176 2891 ὃ
1209 2855 1263 2890 τι
1312 2832 1615 2906 φρονοῦμεν
1667 2829 1797 2898 περὶ

220 2938 426 3005 αὐτῶν,
456 2936 531 2999 ὡς
562 2936 661 3005 οὐχ
697 2928 810 2985 οἷόν
839 2946 901 2984 τε
939 2928 999 2981 ὃν
1054 2928 1155 2997 τὴν
1219 2924 1347 2994 περὶ
1401 2920 1582 2974 αὐτῶν
1637 2916 1798 2981 δόξαν

219 3032 527 3105 ἐρρῶσθαι,
560 3028 628 3081 ἂν
659 3029 732 3099 μὴ
761 3026 858 3079 καὶ
891 3025 1002 3086 τοῖς
1030 3024 1195 3075 εἰδόσι
1236 3019 1410 3074 ταυτά
1438 3018 1591 3087 δοκῇ.
1624 3015 1797 3076 Αὗτὸς

225 3125 328 3197 μὲν
348 3121 442 3176 οὖν
477 3120 748 3191 μηδέποτε
780 3115 1023 3169 παύσαιο
1052 3111 1320 3173 τοιούτοις
1346 3107 1526 3174 συζῶν
1550 3106 1794 3177 ἀγαθοῖς,

1892 1998 2161 2061 abstines,
2230 1996 2327 2050 sed
2382 1994 2436 2049 in
2473 1994 2560 2048 his
2600 1993 2764 2047 etiam
2801 1991 2942 2045 adeo
2993 1995 3246 2059 prompte
3279 1984 3470 2040 sedula

1889 2090 2302 2153 exercitatione,
2330 2104 2396 2143 ea
2423 2088 2759 2143 incrementa
2791 2084 3011 2153 cepisti,
3067 2090 3129 2137 ut
3177 2095 3340 2135 nemo
3387 2080 3468 2159 fa-

1891 2182 1996 2236 cile
2039 2181 2374 2244 crediderit,
2410 2181 2657 2236 animum
2706 2178 2905 2234 studiis
2964 2177 3087 2231 aliis
3137 2174 3468 2244 applicasse.

1893 2273 2102 2327 Iudicio
2133 2283 2217 2327 est
2243 2313 2258 2339 ,
2292 2273 2439 2342 quod
2488 2276 2806 2343 quicunque
2830 2310 2846 2334 ,
2898 2272 2956 2325 in
3001 2267 3477 2339 speculationibus

1897 2365 2217 2435 [heologicis
2247 2366 2671 2432 versatissimus,
2734 2365 2864 2435 quid
2899 2363 3071 2433 possit
3105 2374 3338 2433 uterque
3381 2376 3478 2415 ve-

1896 2470 2070 2514 strum
2104 2460 2345 2515 vicissim
2368 2461 2681 2531 experiens,
2711 2460 2959 2514 abscedit
2990 2458 3269 2512 admirans
3294 2455 3476 2525 potius

1897 2553 2054 2621 ipse,
2103 2570 2267 2624 quam
2304 2556 2388 2609 sui
2439 2554 2859 2608 admirationem
2912 2552 3201 2622 injicicns,
3240 2551 3319 2606 sic
3373 2550 3471 2605 tibi

1900 2650 2280 2719 hujuscemodi
2312 2648 2724 2704 exercitationis
2758 2663 2942 2702 rerum
2976 2646 3321 2716 publicarum
3374 2659 3470 2699 cu-

1900 2743 1977 2796 ris
2031 2743 2157 2797 licet
2215 2743 2482 2811 implicito
2518 2758 2531 2795 :
2565 2751 2621 2796 et
2656 2754 2777 2810 qua:
2830 2740 3017 2810 patriae
3044 2746 3266 2805 nostras,
3310 2738 3478 2792 variis

1899 2836 2133 2889 fortunae
2186 2835 2406 2889 casrbus
2461 2844 2517 2890 ct
2556 2834 2960 2890 calamitatibus
3002 2832 3233 2887 nimium
3278 2833 3480 2886 misere

1901 2928 2121 2997 fractaa,
2159 2939 2213 2982 et
2247 2938 2457 2982 tantum
2497 2944 2604 2982 non
2638 2944 2750 2998 pra:
2781 2928 3023 2983 hosﬁum
3071 2927 3479 2984 imminentium

1902 3020 2007 3076 sibi
2041 3029 2186 3075 metu
2240 3022 2503 3075 continuo
2534 3022 2859 3090 exspiranti,
2893 3037 3053 3092 opem
3085 3021 3226 3076 ferre
3252 3032 3481 3092 possent

1903 3114 2339 3179 comminiscenti
2370 3153 2383 3176 ,
2437 3115 2657 3177 abunde
2691 3125 2793 3170 est.
2827 3115 2979 3171 Litas
3007 3131 3228 3188 quoque
3260 3116 3476 3187 gratiis,

222 3221 260 3272 ἆ
292 3235 352 3270 τε
383 3216 560 3269 οικεϊά
594 3206 757 3282 ῲασιν
787 3208 1085 3278 ἀνθρώπῳ,
1115 3208 1209 3260 καὶ
1238 3199 1320 3268 οἷς
1350 3203 1525 3256 ἐθέλει
1583 3202 1642 3254 τὸ
1696 3218 1795 3266 μα-

1905 3205 2051 3275 quod
2091 3220 2214 3260 eum
2242 3206 2391 3259 solus
2427 3206 2542 3275 ipse
2592 3220 2781 3275 posses
2809 3208 3095 3263 edicendis
3131 3209 3487 3278 dogmatibus

221 3310 416 3380 κάριον
440 3305 847 3375 περιγίνεσθαι.
892 3301 1086 3369 Ἡμεῖς
1116 3299 1177 3352 δὲ
1229 3298 1417 3358 διττὰς
1466 3295 1666 3356 εἰδότες
1714 3309 1796 3345 aut

220 3402 314 3457 διὰ
343 3400 513 3455 ταῦτα
542 3398 640 3458 τὰς
684 3399 937 3466 χάριτας,
990 3386 1064 3446 ὧν
1100 3408 1161 3444 τε
1184 3392 1337 3461 ἡμᾶς
1370 3389 1559 3453 ἀξιοῖς,
1592 3390 1687 3442 καὶ
1724 3381 1798 3442 ὧν

222 3491 480 3547 ιντεῢθεν
516 3492 675 3559 κοινῇ
701 3485 957 3558 χρηστῶν
1014 3483 1385 3553 ἀπολαύομεν,
1449 3480 1819 3551 περιεργότε-⁵

224 3603 326 3660 ι-)ν
366 3586 465 3656 μὲν
500 3586 555 3637 ἐν
582 3585 784 3644 ἄλλοις,
818 3580 912 3635 σοῦ
938 3580 1442 3649 ξυνετραπτομένου,
1482 3576 1800 3645 θεολογήσο-

225 3700 331 3752 μεν
355 3680 565 3733 πολλῶν
596 3696 653 3731 τε
707 3678 882 3730 ἄλλων
916 3674 1045 3746 πέρι
1106 3675 1198 3728 καὶ
1255 3676 1319 3744 δὴ
1351 3674 1477 3741 περὶ
1536 3666 1595 3724 οὗ
1646 3671 1801 3737 λόγος

225 3776 362 3843 ἡμῖν
410 3773 629 3839 ἐγένετο
693 3768 981 3839 πρότριτα’
1039 3772 1159 3821 νυνὶ
1208 3767 1264 3819 δὲ
1299 3766 1454 3834 ὀλίγα
1511 3766 1665 3833 ἄττα,
1701 3764 1802 3832 σὴν

222 3870 393 3937 χάριν
427 3868 556 3936 περὶ
584 3866 681 3935 τῆς
706 3862 799 3915 τοῦ
832 3862 987 3929 ἁγίου
1023 3861 1162 3913 Πνεύ
1173 3877 1342 3929 ματος
1377 3858 1605 3928 προόδου
1657 3858 1805 3925 φιλο-

224 3962 566 4027 σοφήσομεν.
616 3956 940 4016 Ἐκέλευσας
968 3954 1100 4023 γὰρ,
1164 3956 1255 4005 καὶ
1286 3952 1387 4005 οὐκ
1433 3948 1502 4022 ἦν
1559 3948 1807 4003 ἀπειθεῖν

232 4053 484 4125 τοσαύτῃ
508 4051 759 4121 δυνάμει.

1909 3313 2160 3368 pra'esse,
2194 3313 2373 3367 neque
2406 3308 2525 3353 tuas
2570 3299 2729 3377 nobis
2759 3301 3161 3371 speculationes
3191 3317 3482 3372 pernegas,

1907 3392 1999 3446 sed
2029 3393 2286 3447 edisseris
2316 3401 2372 3445 tu
2404 3394 2624 3461 quidem
2657 3396 2725 3449 de
2767 3396 2832 3450 iis
2860 3396 3062 3465 quibus
3101 3397 3200 3450 tibi
3248 3398 3464 3451 videtur

1909 3486 2072 3540 verba
2112 3487 2356 3551 faciens,
2414 3487 2573 3541 audis
2625 3503 2754 3542 vero
2802 3498 2858 3543 et
2892 3499 3134 3544 nostram
3181 3490 3248 3544 de
3289 3491 3486 3545 iisdem

1910 3584 2274 3645 sententiam,
2315 3586 2469 3651 quasi
2508 3580 2823 3651 Opinionem
2858 3582 2926 3637 de
2980 3583 3047 3635 iis
3103 3584 3312 3639 [inuam
3363 3601 3488 3640 esse

1911 3692 2018 3731 non
2055 3692 2214 3746 posee
2248 3678 2548 3743 existimes,
2585 3678 2687 3731 nisi
2734 3686 2789 3732 et
2819 3679 3084 3731 seitorum
3116 3681 3328 3734 calculo
3368 3696 3491 3734 ror-

1913 3768 2225 3821 roboretur.
2259 3767 2339 3819 Tu
2376 3766 2540 3834 igitur
2565 3782 2843 3836 nunquam
2870 3782 2994 3821 cum
3026 3768 3185 3821 bouis
3212 3767 3488 3820 similibus

1910 3859 2077 3912 vitam
2131 3860 2325 3929 agendi
2363 3859 2523 3914 finem
2564 3878 2758 3931 ponas,
2791 3876 2912 3928 qua:
2947 3862 3170 3929 propria
3221 3876 3342 3915 esse
3396 3861 3493 3913 ho-

1913 3952 2077 4006 minis
2118 3954 2429 4019 traduntur,
2460 3967 2517 4008 et
2561 3957 2761 4025 quibus
2786 3956 3017 4010 beatitas
3056 3956 3172 4024 ipsa
3209 3971 3494 4023 compara-

1916 4054 2023 4100 tur.
2057 4044 2169 4099 Nos
2202 4061 2365 4114 porro
2418 4046 2512 4100 tibi
2562 4047 2808 4114 duplices
2840 4050 3044 4118 gratias
3092 4057 3336 4118 agentes,
3373 4057 3489 4101 tum

222 4148 301 4202 ob
333 4160 398 4200 ea
434 4161 555 4214 qua:
585 4144 745 4198 nobis
795 4140 1043 4211 impertis
1069 4179 1084 4206 ,
1126 4147 1240 4192 tum
1290 4138 1361 4193 ob
1400 4153 1462 4192 ea
1521 4151 1640 4207 quae
1715 4136 1843 4192 inde
1883 4138 2024 4193 bona
2078 4141 2446 4193 communiter
2481 4141 2867 4210 possidemus,
2939 4142 3214 4197 curiosius
3258 4145 3311 4196 in
3344 4142 3491 4207 aliis,

227 4250 284 4295 te
311 4252 471 4307 opem
504 4234 738 4299 ferente,
773 4232 841 4287 de
871 4232 1036 4287 rebus
1065 4231 1185 4285 aliis
1226 4230 1415 4284 multis
1461 4229 1662 4285 divinis
1724 4231 2035 4285 orationem
2103 4230 2478 4297 instituemus,
2514 4242 2569 4288 et
2592 4232 2661 4289 de
2684 4248 2751 4288 eo
2794 4250 3035 4306 quoque,
3069 4237 3137 4289 de
3189 4251 3300 4305 quo
3361 4246 3495 4290 ante

227 4332 483 4390 triduum
519 4342 833 4385 sermonem
867 4326 1224 4381 contulimus.
1274 4325 1435 4381 Nunc
1504 4341 1631 4381 vero
1701 4340 1874 4396 pauca
1918 4327 2166 4395 qua'dam
2202 4328 2253 4383 in
2294 4330 2369 4383 tui
2413 4330 2643 4401 gratiam
2678 4331 2744 4385 de
2771 4329 3012 4401 Spiritus
3052 4332 3228 4387 sancti
3278 4347 3498 4400 proces-

225 4436 391 4488 sione
435 4424 969 4498 philosophabimur.
1040 4422 1329 4493 lmperasti
1370 4422 1641 4493 siquidem
1671 4464 1685 4487 ,
1744 4432 2019 4493 tantaque
2056 4427 2315 4495 potestati
2361 4443 2569 4482 morem
2607 4443 2717 4482 non
2748 4442 2978 4499 gerere,
3044 4427 3187 4480 haud
3250 4426 3333 4483 fas
3386 4437 3495 4483 est.

306 4549 375 4620 β’.
408 4546 589 4615 Τριῶν
622 4542 716 4600 οὖν
773 4546 944 4599 ὄντων
983 4546 1042 4599 ἐν
1086 4547 1201 4606 τοῖς
1264 4545 1431 4608 θείοις
1496 4545 1795 4616 προσώπωι

1981 4547 2036 4602 2.
2078 4546 2215 4601 Cum
2251 4548 2435 4618 itaque
2468 4549 2522 4603 in
2554 4548 2758 4605 divinis
2802 4551 2913 4606 sint
2950 4559 3064 4606 tres
3096 4566 3366 4621 persona},
3404 4569 3496 4607 sc-
3588 4602 3594 4608 .

228 4644 379 4698 κατὰ
430 4642 527 4703 τὰς
566 4637 886 4705 θεολογικὰς
919 4636 1307 4699 ὑποτυπώσεις
1359 4654 1418 4689 τε
1472 4641 1565 4690 καὶ
1620 4640 1815 4708 ἀρχὰς,

236 4735 474 4803 Πατρδς,
515 4732 640 4785 Υίοῡ
682 4747 741 4783 τε
798 4732 895 4784 καὶ
931 4731 1078 4782 θείου
1128 4731 1471 4805 Πνεύματος,
1518 4732 1821 4799 ἡνωμένων

234 4828 340 4899 μὲν
375 4829 440 4895 τῇ
484 4825 663 4895 οὐσίᾳ,
700 4823 1129 4893 διακρινομένων
1158 4821 1215 4874 δὲ
1255 4827 1376 4885 ταῖς
1406 4823 1629 4892 ἰδιότησι
1687 4826 1823 4893 χρη-

232 4937 398 4994 ματι,
426 4917 666 4989 παράγει
706 4916 805 4984 μὲν
834 4915 892 4968 τὸ
920 4914 978 4968 ἐν
1006 4916 1033 4967 ὁ
1058 4915 1275 4986 Πατὴρ,
1310 4917 1624 4985 παράγεται
1670 4915 1725 4968 δὲ
1756 4917 1821 4967 τὰ

232 5013 332 5067 δύο
364 5012 491 5075 Υἱός
520 5028 579 5064 τε
602 5010 696 5062 καὶ
723 5009 946 5078 Πνεῦμα
989 5010 1165 5076 ἀγιον.
1211 5006 1348 5060 Οὔτε
1396 5012 1503 5077 γὰρ
1557 5009 1650 5075 ἀφ’
1685 5010 1815 5060 ἑαυ-

232 5107 348 5163 τῶν
380 5107 487 5158 ἔδει
512 5102 664 5158 ταῦτ’
695 5100 860 5166 εἶναι,
895 5102 980 5153 ἵνα
1010 5103 1083 5171 μη
1134 5101 1392 5171 ἑτερότης
1442 5103 1654 5168 γένοιτο
1714 5103 1813 5168 φύ-

237 5218 403 5266 σεως,
451 5196 574 5251 οὔτε
608 5197 666 5263 ἐξ
701 5196 950 5264 ἀλλήλων
974 5195 1348 5263 παράγεσθαι,
1382 5188 1464 5255 οἷς
1498 5193 1630 5246 αὐτὸ
1656 5194 1816 5246 ἑαυτό

238 5310 298 5350 τι
352 5292 625 5360 παράγειν
681 5288 989 5358 ἀμήχανον.
1046 5287 1140 5338 Ἕν
1169 5285 1262 5338 οὖν
1294 5284 1382 5338 διὰ
1456 5284 1615 5337 τοῦτο
1662 5286 1724 5338 τό
1754 5303 1817 5354 γε

239 5386 518 5455 παράγον,
549 5382 616 5436 τὰ
664 5381 721 5433 δὲ
764 5380 929 5433 λοιπά
995 5379 1379 5449 παραγόμενα.
1452 5379 1729 5451 Παράγων
1762 5380 1818 5433 δὲ

237 5482 270 5534 ὁ
310 5477 496 5547 Πατὴρ
515 5473 827 5546 πρακτικὰς
851 5472 1121 5543 δήπουθεν
1156 5472 1266 5537 ἔξει
1288 5472 1571 5542 δυνάμεις,
1608 5473 1819 5544 διακρι-

240 5572 480 5641 νομένας
506 5584 620 5630 πως
645 5568 739 5620 καὶ
772 5567 960 5630 αὑτὰς,
1007 5559 1088 5628 οἷς
1116 5564 1183 5617 δι’
1209 5565 1388 5617 αὐτῶν
1424 5564 1818 5635 διακρινόμενα

241 5664 557 5733 παράγεται
585 5659 854 5729 πρόσωπα
886 5698 901 5723 ,
936 5658 1035 5725 τὴν
1061 5660 1160 5727 μὲν
1253 5657 1343 5709 τὸν
1374 5656 1520 5725 Υίὸν,
1560 5659 1658 5727 τὴν
1687 5660 1733 5711 δ’
1752 5659 1821 5712 αὖ

242 5758 437 5817 πάλιν,
537 5751 780 5823 παράγει
811 5752 872 5803 τὺ
903 5750 1134 5816 Πνεῦμα
1157 5750 1216 5802 τὸ
1246 5750 1422 5819 ἅγιον,
1448 5751 1620 5820 ἀρχὰς
1654 5749 1821 5814 οὔσας

244 5868 306 5905 τε
336 5852 427 5903 καὶ
456 5850 736 5915 δυνάμεις,
789 5843 881 5897 καὶ
916 5844 1301 5913 γονιμότητας,
1326 5842 1412 5911 αἷς
1445 5849 1581 5919 μήτε
1644 5863 1819 5916 παρα-

498 5948 770 6004 Part-.01..
814 5944 930 6001 (in.
981 5939 1267 6003 CLVIII;

1917 4642 2161 4697 cundum
2198 4640 2503 4711 theologica
2539 4642 2734 4711 placita
2763 4652 2821 4697 et
2868 4643 3162 4713 principia,
3198 4644 3397 4711 Patris,
3447 4656 3503 4700 ct

1919 4734 2066 4799 Filii,
2104 4743 2161 4788 et
2191 4733 2431 4803 Spiritus
2454 4736 2649 4798 sancti,
2676 4737 2915 4791 essentia
2948 4737 3171 4806 quidem
3228 4742 3415 4802 unita),
3445 4755 3503 4790 re

1919 4842 2049 4881 vero
2088 4825 2361 4880 distinctae
2417 4826 2872 4895 proprietatibus,
2915 4843 3043 4890 una,
3093 4828 3253 4882 Pater
3304 4844 3501 4898 nempe

1917 4919 2192 4988 producit,
2235 4919 2355 4972 duae
2385 4934 2535 4980 vero,
2560 4917 2728 4973 Filius
2749 4930 2803 4974 et
2828 4919 3065 4989 Spiritus
3098 4922 3497 4989 producuntur.

1923 5010 2111 5080 Neque
2157 5011 2304 5065 enim
2356 5013 2455 5065 has
2495 5026 2525 5063 a
2564 5013 2875 5080 semetipsis
2905 5000 3027 5066 esse
3078 5014 3398 5077 addceebat,
3434 5032 3502 5069 ne

1925 5117 2137 5161 natura:
2168 5106 2459 5161 diversitas
2511 5105 2999 5173 introduceretur,
3056 5123 3233 5176 neque
3281 5127 3387 5165 una
3436 5127 3502 5165 ex

1926 5201 2028 5256 alia
2065 5200 2288 5271 produci
2316 5217 2332 5267 ;
2366 5216 2533 5254 unum
2557 5199 2704 5253 enim
2730 5199 2972 5269 seipsum
3021 5202 3327 5271 producere
3363 5206 3504 5258 haut

1924 5293 2069 5361 potis
2100 5302 2202 5347 est.
2226 5292 2586 5362 'QuaprOpter
2627 5307 2797 5346 unum
2826 5302 2910 5348 est
2939 5293 3269 5362 prolucens,
3304 5308 3500 5351 czetcra

1928 5387 2217 5456 producta.
2243 5385 2306 5439 Et
2337 5384 2497 5441 Pater
2523 5376 3222 5457 producensproductiras
3243 5390 3501 5459 equidem

1928 5478 2217 5533 facultates
2263 5479 2503 5544 habebit,
2539 5490 2595 5533 et
2637 5480 2783 5549 ipsas
2830 5480 2973 5535 inter
3011 5496 3069 5535 se
3094 5482 3505 5551 quodammodo

1930 5571 2240 5634 distinctas,
2277 5562 2482 5639 quibus
2508 5570 2781 5626 distinctae
2824 5588 3070 5641 persona:
3101 5576 3503 5644 producuntur,

1930 5663 2157 5717 alteram
2190 5665 2433 5735 quidem,
2466 5680 2571 5733 qua
2608 5664 2827 5731 Filium,
2861 5667 3086 5720 alteram
3126 5682 3364 5730 rursum,
3398 5682 3502 5736 qua

1930 5754 2196 5826 Spiritum
2246 5766 2496 5811 sanctum
2548 5758 2839 5826 producat,
2872 5776 2993 5829 qua:
3045 5760 3313 5828 principia
3354 5772 3504 5819 sunt,

1929 5860 1983 5904 et
2038 5848 2361 5912 facultates,
2417 5863 2468 5904 et
2534 5850 2934 5917 fecunditates,
2995 5866 3172 5919 neque
3228 5851 3507 5921 quippiam

3118 5943 3189 5987 σε)

3118 5988 3188 6005 υ-
