  <div class='ocr_page' id='page_1' title='image "/cluster/home/n/w/nwhite01/storage/ocr_20150623/158/nnc1.0046980636/519.png"; bbox 0 0 4168 6434; ppageno 0'>
   <div class='ocr_carea' id='block_1_1' title="bbox 678 403 782 464">
    <p class='ocr_par' dir='ltr' id='par_1_1' title="bbox 678 403 782 464">
     <span class='ocr_line' id='line_1_1' title="bbox 678 403 782 464; baseline -0.058 0"><span class='ocrx_word' id='word_1_1' title='bbox 678 403 782 464; x_wconf 68' lang='lat'><strong>993</strong></span> 
     </span>
    </p>
   </div>
   <div class='ocr_carea' id='block_1_2' title="bbox 1888 367 2737 437">
    <p class='ocr_par' dir='ltr' id='par_1_2' title="bbox 1888 367 2737 437">
     <span class='ocr_line' id='line_1_2' title="bbox 1888 367 2737 437; baseline -0.012 0"><span class='ocrx_word' id='word_1_2' title='bbox 1888 375 2208 437; x_wconf 73' lang='lat' dir='ltr'><strong>JOANNIS</strong></span> <span class='ocrx_word' id='word_1_3' title='bbox 2242 367 2737 432; x_wconf 78' lang='lat' dir='ltr'><strong>ARGYROPULI</strong></span> 
     </span>
    </p>
   </div>
   <div class='ocr_carea' id='block_1_3' title="bbox 3845 357 3955 424">
    <p class='ocr_par' dir='ltr' id='par_1_3' title="bbox 3845 357 3955 424">
     <span class='ocr_line' id='line_1_3' title="bbox 3845 357 3955 424; baseline -0.018 1"><span class='ocrx_word' id='word_1_4' title='bbox 3845 357 3955 424; x_wconf 78' lang='lat'><strong>996</strong></span> 
     </span>
    </p>
   </div>
   <div class='ocr_carea' id='block_1_4' title="bbox 682 473 2287 581">
    <p class='ocr_par' dir='ltr' id='par_1_4' title="bbox 682 484 2251 581">
     <span class='ocr_line' id='line_1_4' title="bbox 682 484 2251 581; baseline -0.013 -16"><span class='ocrx_word' id='word_1_5' title='bbox 682 508 1053 581; x_wconf 87' lang='lat' dir='ltr'><strong>producentes</strong></span> <span class='ocrx_word' id='word_1_6' title='bbox 1081 546 1096 572; x_wconf 96' lang='lat'><strong>,</strong></span> <span class='ocrx_word' id='word_1_7' title='bbox 1131 516 1309 573; x_wconf 83' lang='lat' dir='ltr'><strong>neque</strong></span> <span class='ocrx_word' id='word_1_8' title='bbox 1355 499 1637 571; x_wconf 83' lang='lat' dir='ltr'><strong>productae</strong></span> <span class='ocrx_word' id='word_1_9' title='bbox 1674 513 1689 553; x_wconf 90' lang='lat'><strong>:</strong></span> <span class='ocrx_word' id='word_1_10' title='bbox 1724 494 1776 549; x_wconf 84' lang='lat' dir='ltr'><strong>id</strong></span> <span class='ocrx_word' id='word_1_11' title='bbox 1825 494 1971 548; x_wconf 89' lang='lat' dir='ltr'><strong>enim</strong></span> <span class='ocrx_word' id='word_1_12' title='bbox 2023 501 2109 547; x_wconf 88' lang='lat' dir='ltr'><strong>est</strong></span> <span class='ocrx_word' id='word_1_13' title='bbox 2152 484 2251 559; x_wconf 70' lang='grc' dir='ltr'>τιγ-</span> 
     </span>
    </p>
   </div>
   <div class='ocr_carea' id='block_1_5' title="bbox 2391 473 3958 581">
    <p class='ocr_par' dir='ltr' id='par_1_5' title="bbox 2391 473 3958 554">
     <span class='ocr_line' id='line_1_5' title="bbox 2391 473 3958 554; baseline -0.01 -14"><span class='ocrx_word' id='word_1_14' title='bbox 2391 487 2596 548; x_wconf 79' lang='grc' dir='ltr'>ὀύσας,</span> <span class='ocrx_word' id='word_1_15' title='bbox 2617 484 2755 554; x_wconf 86' lang='grc' dir='ltr'>μήτε</span> <span class='ocrx_word' id='word_1_16' title='bbox 2778 480 2886 553; x_wconf 79' lang='grc' dir='ltr'>μὴν</span> <span class='ocrx_word' id='word_1_17' title='bbox 2908 475 3299 549; x_wconf 79' lang='grc' dir='ltr'>παραγομένας</span> <span class='ocrx_word' id='word_1_18' title='bbox 3312 474 3502 537; x_wconf 82' lang='grc' dir='ltr'>αὐτάς.</span> <span class='ocrx_word' id='word_1_19' title='bbox 3520 473 3828 544; x_wconf 75' lang='grc' dir='ltr'>Ἑκάτερον</span> <span class='ocrx_word' id='word_1_20' title='bbox 3847 475 3958 542; x_wconf 69' lang='grc' dir='ltr'>γὶρ</span> 
     </span>
    </p>
   </div>
   <div class='ocr_carea' id='block_1_6' title="bbox 679 581 2257 670">
    <p class='ocr_par' dir='ltr' id='par_1_6' title="bbox 679 581 2257 670">
     <span class='ocr_line' id='line_1_6' title="bbox 679 581 2257 670; baseline -0.011 -16"><span class='ocrx_word' id='word_1_21' title='bbox 679 602 912 670; x_wconf 76' lang='lat' dir='ltr'><strong>postasis</strong></span> <span class='ocrx_word' id='word_1_22' title='bbox 940 597 1256 669; x_wconf 81' lang='lat' dir='ltr'><strong>proprium;</strong></span> <span class='ocrx_word' id='word_1_23' title='bbox 1296 607 1400 647; x_wconf 89' lang='lat' dir='ltr'><strong>non</strong></span> <span class='ocrx_word' id='word_1_24' title='bbox 1432 591 1576 645; x_wconf 91' lang='lat' dir='ltr'><strong>enim</strong></span> <span class='ocrx_word' id='word_1_25' title='bbox 1606 586 2031 658; x_wconf 86' lang='lat' dir='ltr'><strong>perfectiouum,</strong></span> <span class='ocrx_word' id='word_1_26' title='bbox 2059 591 2155 637; x_wconf 90' lang='lat' dir='ltr'><strong>aut</strong></span> <span class='ocrx_word' id='word_1_27' title='bbox 2179 581 2257 637; x_wconf 86' lang='lat' dir='ltr'><strong>fa-</strong></span> 
     </span>
    </p>
   </div>
   <div class='ocr_carea' id='block_1_7' title="bbox 680 678 2256 758">
    <p class='ocr_par' dir='ltr' id='par_1_7' title="bbox 680 678 2256 758">
     <span class='ocr_line' id='line_1_7' title="bbox 680 678 2256 758; baseline -0.012 -13"><span class='ocrx_word' id='word_1_28' title='bbox 680 695 946 747; x_wconf 62' lang='lat' dir='ltr'><strong>cultatum</strong></span> <span class='ocrx_word' id='word_1_29' title='bbox 975 731 988 755; x_wconf 93' lang='lat'><strong>,</strong></span> <span class='ocrx_word' id='word_1_30' title='bbox 1020 702 1258 758; x_wconf 84' lang='lat' dir='ltr'><strong>namque</strong></span> <span class='ocrx_word' id='word_1_31' title='bbox 1294 686 1412 739; x_wconf 64' lang='lat' dir='ltr'><strong>hate</strong></span> <span class='ocrx_word' id='word_1_32' title='bbox 1446 684 1501 737; x_wconf 89' lang='lat' dir='ltr'><strong>iu</strong></span> <span class='ocrx_word' id='word_1_33' title='bbox 1530 678 1806 751; x_wconf 82' lang='lat' dir='ltr'><strong>hypostasi</strong></span> <span class='ocrx_word' id='word_1_34' title='bbox 1862 682 1994 730; x_wconf 89' lang='lat' dir='ltr'><strong>sunt</strong></span> <span class='ocrx_word' id='word_1_35' title='bbox 2034 682 2092 730; x_wconf 89' lang='lat' dir='ltr'><strong>et</strong></span> <span class='ocrx_word' id='word_1_36' title='bbox 2131 688 2256 728; x_wconf 92' lang='lat' dir='ltr'><strong>eum</strong></span> 
     </span>
    </p>
   </div>
   <div class='ocr_carea' id='block_1_8' title="bbox 686 771 2260 858">
    <p class='ocr_par' dir='ltr' id='par_1_8' title="bbox 686 771 2260 858">
     <span class='ocr_line' id='line_1_8' title="bbox 686 771 2260 858; baseline -0.015 -19"><span class='ocrx_word' id='word_1_37' title='bbox 686 783 962 858; x_wconf 86' lang='lat' dir='ltr'><strong>hypostasi</strong></span> <span class='ocrx_word' id='word_1_38' title='bbox 987 828 1001 848; x_wconf 82' lang='grc'><strong>,</strong></span> <span class='ocrx_word' id='word_1_39' title='bbox 1036 789 1415 847; x_wconf 81' lang='lat' dir='ltr'><strong>vocanturquc</strong></span> <span class='ocrx_word' id='word_1_40' title='bbox 1456 792 1486 829; x_wconf 88' lang='lat' dir='ltr'><strong>a</strong></span> <span class='ocrx_word' id='word_1_41' title='bbox 1521 772 1790 843; x_wconf 82' lang='lat' dir='ltr'><strong>theologis</strong></span> <span class='ocrx_word' id='word_1_42' title='bbox 1817 813 1830 836; x_wconf 95' lang='lat'><strong>,</strong></span> <span class='ocrx_word' id='word_1_43' title='bbox 1860 771 1978 827; x_wconf 72' lang='lat' dir='ltr'><strong>lucc</strong></span> <span class='ocrx_word' id='word_1_44' title='bbox 2032 779 2260 836; x_wconf 78' lang='lat' dir='ltr'><strong>genera-</strong></span> 
     </span>
    </p>
   </div>
   <div class='ocr_carea' id='block_1_9' title="bbox 686 868 2259 944">
    <p class='ocr_par' dir='ltr' id='par_1_9' title="bbox 686 868 2259 944">
     <span class='ocr_line' id='line_1_9' title="bbox 686 868 2259 944; baseline -0.015 -12"><span class='ocrx_word' id='word_1_45' title='bbox 686 880 816 943; x_wconf 89' lang='lat' dir='ltr'><strong>tiva,</strong></span> <span class='ocrx_word' id='word_1_46' title='bbox 859 876 944 930; x_wconf 85' lang='lat' dir='ltr'><strong>illa</strong></span> <span class='ocrx_word' id='word_1_47' title='bbox 981 873 1303 944; x_wconf 79' lang='lat' dir='ltr'><strong>produrtiva</strong></span> <span class='ocrx_word' id='word_1_48' title='bbox 1335 869 1564 923; x_wconf 83' lang='lat' dir='ltr'><strong>facultas</strong></span> <span class='ocrx_word' id='word_1_49' title='bbox 1589 906 1602 931; x_wconf 95' lang='lat'><strong>,</strong></span> <span class='ocrx_word' id='word_1_50' title='bbox 1649 869 1984 935; x_wconf 79' lang='lat' dir='ltr'><strong>quapropter</strong></span> <span class='ocrx_word' id='word_1_51' title='bbox 2025 868 2081 914; x_wconf 88' lang='lat' dir='ltr'><strong>et</strong></span> <span class='ocrx_word' id='word_1_52' title='bbox 2130 872 2259 926; x_wconf 87' lang='lat' dir='ltr'><strong>pro-</strong></span> 
     </span>
    </p>
   </div>
   <div class='ocr_carea' id='block_1_10' title="bbox 686 952 2259 1034">
    <p class='ocr_par' dir='ltr' id='par_1_10' title="bbox 686 952 2259 1034">
     <span class='ocr_line' id='line_1_10' title="bbox 686 952 2259 1034; baseline -0.016 -9"><span class='ocrx_word' id='word_1_53' title='bbox 686 974 979 1025; x_wconf 88' lang='lat' dir='ltr'><strong>ductorum</strong></span> <span class='ocrx_word' id='word_1_54' title='bbox 1019 969 1109 1020; x_wconf 89' lang='lat' dir='ltr'><strong>hic</strong></span> <span class='ocrx_word' id='word_1_55' title='bbox 1170 963 1394 1034; x_wconf 78' lang='lat' dir='ltr'><strong>quidem</strong></span> <span class='ocrx_word' id='word_1_56' title='bbox 1447 959 1591 1014; x_wconf 87' lang='lat' dir='ltr'><strong>fetus</strong></span> <span class='ocrx_word' id='word_1_57' title='bbox 1638 967 1694 1011; x_wconf 84' lang='lat' dir='ltr'><strong>et</strong></span> <span class='ocrx_word' id='word_1_58' title='bbox 1744 954 1956 1016; x_wconf 85' lang='lat' dir='ltr'><strong>Filius,</strong></span> <span class='ocrx_word' id='word_1_59' title='bbox 1989 952 2079 1004; x_wconf 85' lang='lat' dir='ltr'><strong>ille</strong></span> <span class='ocrx_word' id='word_1_60' title='bbox 2131 963 2259 1019; x_wconf 90' lang='lat' dir='ltr'><strong>pro-</strong></span> 
     </span>
    </p>
   </div>
   <div class='ocr_carea' id='block_1_11' title="bbox 687 1041 2262 1128">
    <p class='ocr_par' dir='ltr' id='par_1_11' title="bbox 687 1041 2262 1128">
     <span class='ocr_line' id='line_1_11' title="bbox 687 1041 2262 1128; baseline -0.013 -16"><span class='ocrx_word' id='word_1_61' title='bbox 687 1062 874 1116; x_wconf 74' lang='lat' dir='ltr'><strong>.luctio</strong></span> <span class='ocrx_word' id='word_1_62' title='bbox 906 1068 960 1115; x_wconf 90' lang='lat' dir='ltr'><strong>et</strong></span> <span class='ocrx_word' id='word_1_63' title='bbox 1011 1058 1249 1128; x_wconf 78' lang='lat' dir='ltr'><strong>Spiritus</strong></span> <span class='ocrx_word' id='word_1_64' title='bbox 1281 1063 1654 1122; x_wconf 79' lang='lat' dir='ltr'><strong>nuncupatur.</strong></span> <span class='ocrx_word' id='word_1_65' title='bbox 1700 1047 1933 1117; x_wconf 90' lang='lat' dir='ltr'><strong>Oportet</strong></span> <span class='ocrx_word' id='word_1_66' title='bbox 1962 1041 2108 1096; x_wconf 88' lang='lat' dir='ltr'><strong>enim</strong></span> <span class='ocrx_word' id='word_1_67' title='bbox 2153 1056 2217 1094; x_wconf 84' lang='lat' dir='ltr'><strong>ea</strong></span> <span class='ocrx_word' id='word_1_68' title='bbox 2247 1079 2262 1104; x_wconf 94' lang='lat'><strong>,</strong></span> 
     </span>
    </p>
   </div>
   <div class='ocr_carea' id='block_1_12' title="bbox 687 1134 2265 1223">
    <p class='ocr_par' dir='ltr' id='par_1_12' title="bbox 687 1134 2265 1223">
     <span class='ocr_line' id='line_1_12' title="bbox 687 1134 2265 1223; baseline -0.014 -14"><span class='ocrx_word' id='word_1_69' title='bbox 687 1170 806 1223; x_wconf 76' lang='lat' dir='ltr'><strong>quae</strong></span> <span class='ocrx_word' id='word_1_70' title='bbox 838 1168 904 1207; x_wconf 80' lang='lat' dir='ltr'><strong>ex</strong></span> <span class='ocrx_word' id='word_1_71' title='bbox 934 1148 1223 1222; x_wconf 80' lang='lat' dir='ltr'><strong>principiis</strong></span> <span class='ocrx_word' id='word_1_72' title='bbox 1248 1159 1396 1206; x_wconf 90' lang='lat' dir='ltr'><strong>sunt,</strong></span> <span class='ocrx_word' id='word_1_73' title='bbox 1429 1148 1482 1200; x_wconf 90' lang='lat' dir='ltr'><strong>iu</strong></span> <span class='ocrx_word' id='word_1_74' title='bbox 1526 1146 1591 1199; x_wconf 92' lang='lat' dir='ltr'><strong>iis</strong></span> <span class='ocrx_word' id='word_1_75' title='bbox 1616 1158 1736 1213; x_wconf 70' lang='lat' dir='ltr'><strong>qua:</strong></span> <span class='ocrx_word' id='word_1_76' title='bbox 1764 1140 2013 1212; x_wconf 85' lang='lat' dir='ltr'><strong>ejusdem</strong></span> <span class='ocrx_word' id='word_1_77' title='bbox 2045 1134 2265 1206; x_wconf 78' lang='lat' dir='ltr'><strong>generis</strong></span> 
     </span>
    </p>
   </div>
   <div class='ocr_carea' id='block_1_13' title="bbox 691 1230 2263 1313">
    <p class='ocr_par' dir='ltr' id='par_1_13' title="bbox 691 1230 2263 1313">
     <span class='ocr_line' id='line_1_13' title="bbox 691 1230 2263 1313; baseline -0.013 -13"><span class='ocrx_word' id='word_1_78' title='bbox 691 1257 838 1309; x_wconf 89' lang='lat' dir='ltr'><strong>sunt,</strong></span> <span class='ocrx_word' id='word_1_79' title='bbox 882 1244 1121 1313; x_wconf 84' lang='lat' dir='ltr'><strong>propriis</strong></span> <span class='ocrx_word' id='word_1_80' title='bbox 1158 1240 1273 1294; x_wconf 84' lang='lat' dir='ltr'><strong>suis</strong></span> <span class='ocrx_word' id='word_1_81' title='bbox 1315 1238 1603 1307; x_wconf 85' lang='lat' dir='ltr'><strong>principiis</strong></span> <span class='ocrx_word' id='word_1_82' title='bbox 1647 1250 1757 1289; x_wconf 89' lang='lat' dir='ltr'><strong>non</strong></span> <span class='ocrx_word' id='word_1_83' title='bbox 1795 1230 2084 1287; x_wconf 79' lang='lat' dir='ltr'><strong>dissimilia</strong></span> <span class='ocrx_word' id='word_1_84' title='bbox 2117 1242 2263 1290; x_wconf 84' lang='lat' dir='ltr'><strong>esse,</strong></span> 
     </span>
    </p>
   </div>
   <div class='ocr_carea' id='block_1_14' title="bbox 688 1327 1859 1405">
    <p class='ocr_par' dir='ltr' id='par_1_14' title="bbox 688 1327 1859 1405">
     <span class='ocr_line' id='line_1_14' title="bbox 688 1327 1859 1405; baseline -0.015 -12"><span class='ocrx_word' id='word_1_85' title='bbox 688 1349 740 1393; x_wconf 79' lang='lat' dir='ltr'><strong>et</strong></span> <span class='ocrx_word' id='word_1_86' title='bbox 773 1352 838 1391; x_wconf 74' lang='lat' dir='ltr'><strong>ex</strong></span> <span class='ocrx_word' id='word_1_87' title='bbox 872 1337 938 1390; x_wconf 88' lang='lat' dir='ltr'><strong>iis</strong></span> <span class='ocrx_word' id='word_1_88' title='bbox 964 1348 1181 1405; x_wconf 85' lang='lat' dir='ltr'><strong>quoque</strong></span> <span class='ocrx_word' id='word_1_89' title='bbox 1204 1332 1306 1385; x_wconf 77' lang='lat' dir='ltr'><strong>sibi</strong></span> <span class='ocrx_word' id='word_1_90' title='bbox 1339 1345 1537 1384; x_wconf 79' lang='lat' dir='ltr'><strong>nomen</strong></span> <span class='ocrx_word' id='word_1_91' title='bbox 1571 1327 1859 1381; x_wconf 74' lang='lat' dir='ltr'><strong>aSciscere.</strong></span> 
     </span>
    </p>
   </div>
   <div class='ocr_carea' id='block_1_15' title="bbox 762 1468 2267 1537">
    <p class='ocr_par' dir='ltr' id='par_1_15' title="bbox 762 1468 2267 1537">
     <span class='ocr_line' id='line_1_15' title="bbox 762 1468 2267 1537; baseline -0.013 -9"><span class='ocrx_word' id='word_1_92' title='bbox 762 1476 813 1527; x_wconf 82' lang='grc'><strong>5.</strong></span> <span class='ocrx_word' id='word_1_93' title='bbox 855 1472 992 1527; x_wconf 91' lang='lat' dir='ltr'><strong>Cum</strong></span> <span class='ocrx_word' id='word_1_94' title='bbox 1027 1485 1157 1525; x_wconf 72' lang='lat' dir='ltr'><strong>vero</strong></span> <span class='ocrx_word' id='word_1_95' title='bbox 1203 1468 1595 1537; x_wconf 88' lang='lat' dir='ltr'><strong>productorum</strong></span> <span class='ocrx_word' id='word_1_96' title='bbox 1643 1471 1938 1529; x_wconf 89' lang='lat' dir='ltr'><strong>utrumque</strong></span> <span class='ocrx_word' id='word_1_97' title='bbox 1976 1474 2042 1511; x_wconf 86' lang='lat' dir='ltr'><strong>cx</strong></span> <span class='ocrx_word' id='word_1_98' title='bbox 2078 1471 2267 1511; x_wconf 85' lang='lat' dir='ltr'><strong>essen-</strong></span> 
     </span>
    </p>
   </div>
   <div class='ocr_carea' id='block_1_16' title="bbox 693 1558 2270 1629">
    <p class='ocr_par' dir='ltr' id='par_1_16' title="bbox 693 1558 2270 1629">
     <span class='ocr_line' id='line_1_16' title="bbox 693 1558 2270 1629; baseline -0.013 -10"><span class='ocrx_word' id='word_1_99' title='bbox 693 1567 765 1620; x_wconf 90' lang='lat' dir='ltr'><strong>tia</strong></span> <span class='ocrx_word' id='word_1_100' title='bbox 792 1564 1005 1618; x_wconf 76' lang='lat' dir='ltr'><strong>dicatur</strong></span> <span class='ocrx_word' id='word_1_101' title='bbox 1026 1562 1229 1624; x_wconf 82' lang='lat' dir='ltr'><strong>Patris,</strong></span> <span class='ocrx_word' id='word_1_102' title='bbox 1253 1560 1369 1629; x_wconf 86' lang='lat' dir='ltr'><strong>ipsa</strong></span> <span class='ocrx_word' id='word_1_103' title='bbox 1406 1567 1588 1611; x_wconf 89' lang='lat' dir='ltr'><strong>autem</strong></span> <span class='ocrx_word' id='word_1_104' title='bbox 1617 1568 1793 1621; x_wconf 87' lang='lat' dir='ltr'><strong>neque</strong></span> <span class='ocrx_word' id='word_1_105' title='bbox 1821 1558 2065 1620; x_wconf 80' lang='lat' dir='ltr'><strong>generat,</strong></span> <span class='ocrx_word' id='word_1_106' title='bbox 2092 1560 2270 1615; x_wconf 87' lang='lat' dir='ltr'><strong>neque</strong></span> 
     </span>
    </p>
   </div>
   <div class='ocr_carea' id='block_1_17' title="bbox 691 1635 2271 1723">
    <p class='ocr_par' dir='ltr' id='par_1_17' title="bbox 691 1635 2271 1723">
     <span class='ocr_line' id='line_1_17' title="bbox 691 1635 2271 1723; baseline -0.013 -15"><span class='ocrx_word' id='word_1_107' title='bbox 691 1663 986 1723; x_wconf 78' lang='lat' dir='ltr'><strong>generatur</strong></span> <span class='ocrx_word' id='word_1_108' title='bbox 1012 1691 1028 1717; x_wconf 95' lang='lat'><strong>,</strong></span> <span class='ocrx_word' id='word_1_109' title='bbox 1065 1663 1244 1718; x_wconf 87' lang='lat' dir='ltr'><strong>neque</strong></span> <span class='ocrx_word' id='word_1_110' title='bbox 1278 1645 1440 1701; x_wconf 90' lang='lat' dir='ltr'><strong>etiam</strong></span> <span class='ocrx_word' id='word_1_111' title='bbox 1478 1642 1750 1712; x_wconf 82' lang='lat' dir='ltr'><strong>producit,</strong></span> <span class='ocrx_word' id='word_1_112' title='bbox 1788 1654 1961 1707; x_wconf 89' lang='lat' dir='ltr'><strong>neque</strong></span> <span class='ocrx_word' id='word_1_113' title='bbox 2010 1635 2271 1706; x_wconf 87' lang='lat' dir='ltr'><strong>produci-</strong></span> 
     </span>
    </p>
   </div>
   <div class='ocr_carea' id='block_1_18' title="bbox 692 1728 2270 1810">
    <p class='ocr_par' dir='ltr' id='par_1_18' title="bbox 692 1728 2270 1810">
     <span class='ocr_line' id='line_1_18' title="bbox 692 1728 2270 1810; baseline -0.013 -10"><span class='ocrx_word' id='word_1_114' title='bbox 692 1759 823 1810; x_wconf 90' lang='lat' dir='ltr'><strong>tur,</strong></span> <span class='ocrx_word' id='word_1_115' title='bbox 875 1754 936 1798; x_wconf 91' lang='lat' dir='ltr'><strong>ut</strong></span> <span class='ocrx_word' id='word_1_116' title='bbox 982 1740 1220 1809; x_wconf 76' lang='lat' dir='ltr'><strong>theologi</strong></span> <span class='ocrx_word' id='word_1_117' title='bbox 1278 1738 1542 1798; x_wconf 87' lang='lat' dir='ltr'><strong>tradunt,</strong></span> <span class='ocrx_word' id='word_1_118' title='bbox 1576 1746 1802 1786; x_wconf 89' lang='lat' dir='ltr'><strong>necesse</strong></span> <span class='ocrx_word' id='word_1_119' title='bbox 1847 1737 1930 1784; x_wconf 88' lang='lat' dir='ltr'><strong>est</strong></span> <span class='ocrx_word' id='word_1_120' title='bbox 1976 1728 2270 1783; x_wconf 83' lang='lat' dir='ltr'><strong>essentiam</strong></span> 
     </span>
    </p>
   </div>
   <div class='ocr_carea' id='block_1_19' title="bbox 2363 566 3960 640">
    <p class='ocr_par' dir='ltr' id='par_1_19' title="bbox 2363 566 3960 640">
     <span class='ocr_line' id='line_1_19' title="bbox 2363 566 3960 640; baseline -0.011 -7"><span class='ocrx_word' id='word_1_121' title='bbox 2363 579 2719 638; x_wconf 65' lang='grc' dir='ltr'>ὑποστάσεως</span> <span class='ocrx_word' id='word_1_122' title='bbox 2745 575 2896 640; x_wconf 74' lang='grc' dir='ltr'>εδιον,</span> <span class='ocrx_word' id='word_1_123' title='bbox 2919 573 2979 626; x_wconf 90' lang='grc' dir='ltr'><strong>οὐ</strong></span> <span class='ocrx_word' id='word_1_124' title='bbox 3000 570 3374 639; x_wconf 80' lang='grc' dir='ltr'>τελειοτήτων,</span> <span class='ocrx_word' id='word_1_125' title='bbox 3390 568 3511 620; x_wconf 77' lang='grc' dir='ltr'>οὐδὲ</span> <span class='ocrx_word' id='word_1_126' title='bbox 3528 567 3848 637; x_wconf 76' lang='grc' dir='ltr'>δυνάμεων.</span> <span class='ocrx_word' id='word_1_127' title='bbox 3866 566 3960 619; x_wconf 74' lang='grc' dir='ltr'>Ἐν</span> 
     </span>
    </p>
   </div>
   <div class='ocr_carea' id='block_1_20' title="bbox 2362 654 3959 735">
    <p class='ocr_par' dir='ltr' id='par_1_20' title="bbox 2362 654 3959 735">
     <span class='ocr_line' id='line_1_20' title="bbox 2362 654 3959 735; baseline -0.01 -11"><span class='ocrx_word' id='word_1_128' title='bbox 2362 670 2658 725; x_wconf 76' lang='grc' dir='ltr'><strong>ὑποστάσει</strong></span> <span class='ocrx_word' id='word_1_129' title='bbox 2681 667 2793 735; x_wconf 82' lang='grc' dir='ltr'>γὰρ</span> <span class='ocrx_word' id='word_1_130' title='bbox 2819 664 2883 718; x_wconf 67' lang='grc' dir='ltr'>τὰ</span> <span class='ocrx_word' id='word_1_131' title='bbox 2903 660 3133 716; x_wconf 83' lang='grc' dir='ltr'>τοιαῦτα</span> <span class='ocrx_word' id='word_1_132' title='bbox 3158 660 3253 712; x_wconf 79' lang='grc' dir='ltr'>καὶ</span> <span class='ocrx_word' id='word_1_133' title='bbox 3276 657 3649 713; x_wconf 66' lang='lat' dir='ltr'><strong>twn-datura.</strong></span> <span class='ocrx_word' id='word_1_134' title='bbox 3675 654 3959 708; x_wconf 73' lang='grc' dir='ltr'>Καλεῖται</span> 
     </span>
    </p>
   </div>
   <div class='ocr_carea' id='block_1_21' title="bbox 2361 746 3959 829">
    <p class='ocr_par' dir='ltr' id='par_1_21' title="bbox 2361 746 3959 829">
     <span class='ocr_line' id='line_1_21' title="bbox 2361 746 3959 829; baseline -0.011 -16"><span class='ocrx_word' id='word_1_135' title='bbox 2361 760 2416 813; x_wconf 83' lang='grc' dir='ltr'><strong>δὲ</strong></span> <span class='ocrx_word' id='word_1_136' title='bbox 2439 759 2573 829; x_wconf 74' lang='grc' dir='ltr'>πρὸς</span> <span class='ocrx_word' id='word_1_137' title='bbox 2593 758 2703 810; x_wconf 84' lang='grc' dir='ltr'>τῶν</span> <span class='ocrx_word' id='word_1_138' title='bbox 2723 752 3119 822; x_wconf 83' lang='grc' dir='ltr'>Θεολογούντων</span> <span class='ocrx_word' id='word_1_139' title='bbox 3147 750 3324 804; x_wconf 85' lang='grc' dir='ltr'>αὐτῶν</span> <span class='ocrx_word' id='word_1_140' title='bbox 3344 750 3376 819; x_wconf 82' lang='grc' dir='ltr'><strong>ή</strong></span> <span class='ocrx_word' id='word_1_141' title='bbox 3399 750 3497 818; x_wconf 78' lang='grc' dir='ltr'>μέν</span> <span class='ocrx_word' id='word_1_142' title='bbox 3514 764 3599 810; x_wconf 75' lang='grc' dir='ltr'><strong>τις</strong></span> <span class='ocrx_word' id='word_1_143' title='bbox 3621 746 3959 815; x_wconf 64' lang='grc' dir='ltr'>γεννητικῇ,</span> 
     </span>
    </p>
   </div>
   <div class='ocr_carea' id='block_1_22' title="bbox 2364 839 3959 921">
    <p class='ocr_par' dir='ltr' id='par_1_22' title="bbox 2364 839 3959 921">
     <span class='ocr_line' id='line_1_22' title="bbox 2364 839 3959 921; baseline -0.011 -17"><span class='ocrx_word' id='word_1_144' title='bbox 2364 855 2397 921; x_wconf 82' lang='grc' dir='ltr'>ἠ</span> <span class='ocrx_word' id='word_1_145' title='bbox 2426 852 2470 904; x_wconf 80' lang='grc' dir='ltr'><strong>δ’</strong></span> <span class='ocrx_word' id='word_1_146' title='bbox 2494 848 2562 921; x_wconf 76' lang='grc' dir='ltr'>ἦν</span> <span class='ocrx_word' id='word_1_147' title='bbox 2592 845 2938 919; x_wconf 77' lang='grc' dir='ltr'>προσλητικὴ</span> <span class='ocrx_word' id='word_1_148' title='bbox 2971 844 3226 913; x_wconf 79' lang='grc' dir='ltr'>δύναμις.</span> <span class='ocrx_word' id='word_1_149' title='bbox 3277 843 3369 893; x_wconf 74' lang='grc' dir='ltr'><strong>Διὸ</strong></span> <span class='ocrx_word' id='word_1_150' title='bbox 3402 840 3497 893; x_wconf 84' lang='grc' dir='ltr'>καὶ</span> <span class='ocrx_word' id='word_1_151' title='bbox 3536 839 3648 891; x_wconf 80' lang='grc' dir='ltr'>τῶν</span> <span class='ocrx_word' id='word_1_152' title='bbox 3695 853 3959 906; x_wconf 72' lang='grc' dir='ltr'>παραγοο</span> 
     </span>
    </p>
   </div>
   <div class='ocr_carea' id='block_1_23' title="bbox 2369 930 3963 1015">
    <p class='ocr_par' dir='ltr' id='par_1_23' title="bbox 2369 930 3963 1015">
     <span class='ocr_line' id='line_1_23' title="bbox 2369 930 3963 1015; baseline -0.013 -15"><span class='ocrx_word' id='word_1_153' title='bbox 2369 947 2544 1015; x_wconf 85' lang='grc' dir='ltr'>μένων</span> <span class='ocrx_word' id='word_1_154' title='bbox 2575 943 2635 996; x_wconf 78' lang='grc' dir='ltr'>τὸ</span> <span class='ocrx_word' id='word_1_155' title='bbox 2671 944 2771 1012; x_wconf 77' lang='grc' dir='ltr'>μὶν</span> <span class='ocrx_word' id='word_1_156' title='bbox 2806 940 3054 1009; x_wconf 82' lang='grc' dir='ltr'><strong>γέννημα</strong></span> <span class='ocrx_word' id='word_1_157' title='bbox 3102 937 3199 990; x_wconf 77' lang='grc' dir='ltr'>καὶ</span> <span class='ocrx_word' id='word_1_158' title='bbox 3255 936 3407 999; x_wconf 74' lang='grc' dir='ltr'>Υἱὸς,</span> <span class='ocrx_word' id='word_1_159' title='bbox 3456 933 3596 986; x_wconf 66' lang='grc' dir='ltr'><strong>τὸδὲ</strong></span> <span class='ocrx_word' id='word_1_160' title='bbox 3650 930 3963 1000; x_wconf 68' lang='grc' dir='ltr'>πρόϐλημα</span> 
     </span>
    </p>
   </div>
   <div class='ocr_carea' id='block_1_24' title="bbox 2365 1021 3969 1103">
    <p class='ocr_par' dir='ltr' id='par_1_24' title="bbox 2365 1021 3969 1103">
     <span class='ocr_line' id='line_1_24' title="bbox 2365 1021 3969 1103; baseline -0.012 -13"><span class='ocrx_word' id='word_1_161' title='bbox 2365 1038 2458 1090; x_wconf 69' lang='grc' dir='ltr'>καὶ</span> <span class='ocrx_word' id='word_1_162' title='bbox 2489 1034 2709 1103; x_wconf 80' lang='grc' dir='ltr'>Πνεῦμα</span> <span class='ocrx_word' id='word_1_163' title='bbox 2744 1029 3237 1101; x_wconf 78' lang='grc' dir='ltr'>προσαγορεύεται.</span> <span class='ocrx_word' id='word_1_164' title='bbox 3261 1029 3351 1080; x_wconf 81' lang='grc' dir='ltr'>Δεῖ</span> <span class='ocrx_word' id='word_1_165' title='bbox 3381 1026 3492 1094; x_wconf 83' lang='grc' dir='ltr'>γὰρ</span> <span class='ocrx_word' id='word_1_166' title='bbox 3517 1024 3586 1076; x_wconf 83' lang='grc' dir='ltr'>τὰ</span> <span class='ocrx_word' id='word_1_167' title='bbox 3613 1027 3682 1075; x_wconf 79' lang='grc' dir='ltr'><strong>ἐκ</strong></span> <span class='ocrx_word' id='word_1_168' title='bbox 3708 1021 3828 1075; x_wconf 82' lang='grc' dir='ltr'>τῶν</span> <span class='ocrx_word' id='word_1_169' title='bbox 3866 1022 3969 1090; x_wconf 77' lang='grc' dir='ltr'><strong>ἅρ-</strong></span> 
     </span>
    </p>
   </div>
   <div class='ocr_carea' id='block_1_25' title="bbox 2367 1115 3968 1196">
    <p class='ocr_par' dir='ltr' id='par_1_25' title="bbox 2367 1115 3968 1196">
     <span class='ocr_line' id='line_1_25' title="bbox 2367 1115 3968 1196; baseline -0.007 -20"><span class='ocrx_word' id='word_1_170' title='bbox 2367 1130 2478 1196; x_wconf 78' lang='grc' dir='ltr'><strong>χῶν</strong></span> <span class='ocrx_word' id='word_1_171' title='bbox 2509 1128 2566 1178; x_wconf 82' lang='grc' dir='ltr'>ὲν</span> <span class='ocrx_word' id='word_1_172' title='bbox 2605 1128 2714 1186; x_wconf 81' lang='grc' dir='ltr'>τοῖς</span> <span class='ocrx_word' id='word_1_173' title='bbox 2739 1123 2834 1176; x_wconf 86' lang='grc' dir='ltr'><strong>τοῦ</strong></span> <span class='ocrx_word' id='word_1_174' title='bbox 2864 1122 3031 1175; x_wconf 88' lang='grc' dir='ltr'>αὐτοῦ</span> <span class='ocrx_word' id='word_1_175' title='bbox 3064 1121 3243 1182; x_wconf 72' lang='grc' dir='ltr'>εἴδους</span> <span class='ocrx_word' id='word_1_176' title='bbox 3268 1119 3391 1181; x_wconf 78' lang='grc' dir='ltr'>ταῖς</span> <span class='ocrx_word' id='word_1_177' title='bbox 3426 1119 3577 1186; x_wconf 82' lang='grc' dir='ltr'>σφῶν</span> <span class='ocrx_word' id='word_1_178' title='bbox 3614 1115 3809 1169; x_wconf 81' lang='grc' dir='ltr'>αὐτῶν</span> <span class='ocrx_word' id='word_1_179' title='bbox 3845 1131 3968 1173; x_wconf 79' lang='grc' dir='ltr'><strong>πως</strong></span> 
     </span>
    </p>
   </div>
   <div class='ocr_carea' id='block_1_26' title="bbox 2370 1205 3972 1289">
    <p class='ocr_par' dir='ltr' id='par_1_26' title="bbox 2370 1205 3972 1289">
     <span class='ocr_line' id='line_1_26' title="bbox 2370 1205 3972 1289; baseline -0.009 -16"><span class='ocrx_word' id='word_1_180' title='bbox 2370 1221 2563 1289; x_wconf 76' lang='grc' dir='ltr'>ἀρχαῖς</span> <span class='ocrx_word' id='word_1_181' title='bbox 2591 1217 2852 1278; x_wconf 72' lang='grc' dir='ltr'>ἑοικέναι,</span> <span class='ocrx_word' id='word_1_182' title='bbox 2915 1216 3009 1269; x_wconf 81' lang='grc' dir='ltr'><strong>καὶ</strong></span> <span class='ocrx_word' id='word_1_183' title='bbox 3060 1214 3121 1279; x_wconf 71' lang='grc' dir='ltr'>ἐξ</span> <span class='ocrx_word' id='word_1_184' title='bbox 3188 1212 3416 1266; x_wconf 78' lang='grc' dir='ltr'><strong>ἐκείνων</strong></span> <span class='ocrx_word' id='word_1_185' title='bbox 3475 1211 3620 1280; x_wconf 73' lang='grc' dir='ltr'>ἔχειν</span> <span class='ocrx_word' id='word_1_186' title='bbox 3673 1209 3772 1260; x_wconf 77' lang='grc' dir='ltr'>καὶ</span> <span class='ocrx_word' id='word_1_187' title='bbox 3843 1205 3972 1259; x_wconf 77' lang='grc' dir='ltr'>τοῦ-</span> 
     </span>
    </p>
   </div>
   <div class='ocr_carea' id='block_1_27' title="bbox 2371 1330 2529 1382">
    <p class='ocr_par' dir='ltr' id='par_1_27' title="bbox 2371 1330 2529 1382">
     <span class='ocr_line' id='line_1_27' title="bbox 2371 1330 2529 1382; baseline 0.013 -19"><span class='ocrx_word' id='word_1_188' title='bbox 2371 1330 2529 1382; x_wconf 79' lang='grc' dir='ltr'>νομα.</span> 
     </span>
    </p>
   </div>
   <div class='ocr_carea' id='block_1_28' title="bbox 2443 1436 3977 1511">
    <p class='ocr_par' dir='ltr' id='par_1_28' title="bbox 2443 1436 3977 1511">
     <span class='ocr_line' id='line_1_28' title="bbox 2443 1436 3977 1511; baseline -0.009 -12"><span class='ocrx_word' id='word_1_189' title='bbox 2443 1461 2512 1511; x_wconf 88' lang='grc' dir='ltr'>γ.</span> <span class='ocrx_word' id='word_1_190' title='bbox 2553 1444 2705 1497; x_wconf 75' lang='grc' dir='ltr'>Ἐπεὶ</span> <span class='ocrx_word' id='word_1_191' title='bbox 2726 1438 2783 1496; x_wconf 74' lang='grc' dir='ltr'><strong>δὲ</strong></span> <span class='ocrx_word' id='word_1_192' title='bbox 2830 1444 2941 1495; x_wconf 86' lang='grc' dir='ltr'>τοῖν</span> <span class='ocrx_word' id='word_1_193' title='bbox 2994 1439 3403 1510; x_wconf 77' lang='grc' dir='ltr'>παραγομένοιν</span> <span class='ocrx_word' id='word_1_194' title='bbox 3439 1439 3710 1507; x_wconf 76' lang='grc' dir='ltr'>ἑκάτερον</span> <span class='ocrx_word' id='word_1_195' title='bbox 3769 1439 3841 1488; x_wconf 77' lang='grc' dir='ltr'><strong>ἐκ</strong></span> <span class='ocrx_word' id='word_1_196' title='bbox 3879 1436 3977 1501; x_wconf 69' lang='grc' dir='ltr'><strong>τῆξ</strong></span> 
     </span>
    </p>
   </div>
   <div class='ocr_carea' id='block_1_29' title="bbox 2373 1529 3973 1605">
    <p class='ocr_par' dir='ltr' id='par_1_29' title="bbox 2373 1529 3973 1605">
     <span class='ocr_line' id='line_1_29' title="bbox 2373 1529 3973 1605; baseline -0.008 -14"><span class='ocrx_word' id='word_1_197' title='bbox 2373 1540 2563 1602; x_wconf 84' lang='grc' dir='ltr'>οὐσίας</span> <span class='ocrx_word' id='word_1_198' title='bbox 2611 1538 2829 1605; x_wconf 76' lang='grc' dir='ltr'>λέγεται</span> <span class='ocrx_word' id='word_1_199' title='bbox 2860 1534 2953 1589; x_wconf 89' lang='grc' dir='ltr'><strong>τοῦ</strong></span> <span class='ocrx_word' id='word_1_200' title='bbox 2988 1534 3224 1603; x_wconf 81' lang='grc' dir='ltr'>Πατρὸς,</span> <span class='ocrx_word' id='word_1_201' title='bbox 3279 1531 3418 1602; x_wconf 84' lang='grc' dir='ltr'>αὐτὴ</span> <span class='ocrx_word' id='word_1_202' title='bbox 3473 1532 3530 1583; x_wconf 76' lang='grc' dir='ltr'><strong>δὲ</strong></span> <span class='ocrx_word' id='word_1_203' title='bbox 3598 1530 3729 1582; x_wconf 83' lang='grc' dir='ltr'>οὐτε</span> <span class='ocrx_word' id='word_1_204' title='bbox 3776 1529 3973 1598; x_wconf 74' lang='grc' dir='ltr'>γεννᾷ,</span> 
     </span>
    </p>
   </div>
   <div class='ocr_carea' id='block_1_30' title="bbox 2375 1620 3977 1698">
    <p class='ocr_par' dir='ltr' id='par_1_30' title="bbox 2375 1620 3977 1698">
     <span class='ocr_line' id='line_1_30' title="bbox 2375 1620 3977 1698; baseline -0.009 -15"><span class='ocrx_word' id='word_1_205' title='bbox 2375 1633 2501 1683; x_wconf 84' lang='grc' dir='ltr'>οὐτε</span> <span class='ocrx_word' id='word_1_206' title='bbox 2534 1630 2818 1698; x_wconf 83' lang='grc' dir='ltr'>γεννᾶται,</span> <span class='ocrx_word' id='word_1_207' title='bbox 2849 1627 2972 1679; x_wconf 83' lang='grc' dir='ltr'>οὐτε</span> <span class='ocrx_word' id='word_1_208' title='bbox 3005 1626 3114 1695; x_wconf 75' lang='grc' dir='ltr'>μὴν</span> <span class='ocrx_word' id='word_1_209' title='bbox 3147 1623 3475 1695; x_wconf 73' lang='grc' dir='ltr'>προϐάλλει,</span> <span class='ocrx_word' id='word_1_210' title='bbox 3533 1622 3658 1673; x_wconf 81' lang='grc' dir='ltr'>οὐτε</span> <span class='ocrx_word' id='word_1_211' title='bbox 3726 1620 3977 1688; x_wconf 68' lang='grc' dir='ltr'>προϐάλ-</span> 
     </span>
    </p>
   </div>
   <div class='ocr_carea' id='block_1_31' title="bbox 2376 1712 3977 1792">
    <p class='ocr_par' dir='ltr' id='par_1_31' title="bbox 2376 1712 3977 1792">
     <span class='ocr_line' id='line_1_31' title="bbox 2376 1712 3977 1792; baseline -0.009 -15"><span class='ocrx_word' id='word_1_212' title='bbox 2376 1726 2548 1788; x_wconf 77' lang='grc' dir='ltr'>λεται,</span> <span class='ocrx_word' id='word_1_213' title='bbox 2585 1723 2843 1792; x_wconf 76' lang='grc' dir='ltr'>καθάπερ</span> <span class='ocrx_word' id='word_1_214' title='bbox 2876 1722 2923 1773; x_wconf 79' lang='grc' dir='ltr'>οἱ</span> <span class='ocrx_word' id='word_1_215' title='bbox 2969 1717 3349 1786; x_wconf 74' lang='grc' dir='ltr'>θεολογοῦντὲς</span> <span class='ocrx_word' id='word_1_216' title='bbox 3380 1733 3565 1785; x_wconf 61' lang='grc' dir='ltr'>φασιν,</span> <span class='ocrx_word' id='word_1_217' title='bbox 3613 1714 3850 1781; x_wconf 78' lang='grc' dir='ltr'>ἀνάγκη</span> <span class='ocrx_word' id='word_1_218' title='bbox 3878 1712 3977 1781; x_wconf 71' lang='grc' dir='ltr'><strong>τὴν</strong></span> 
     </span>
    </p>
   </div>
   <div class='ocr_carea' id='block_1_32' title="bbox 694 1803 2287 1914">
    <p class='ocr_par' dir='ltr' id='par_1_32' title="bbox 694 1825 2273 1904">
     <span class='ocr_line' id='line_1_32' title="bbox 694 1825 2273 1904; baseline -0.013 -11"><span class='ocrx_word' id='word_1_219' title='bbox 694 1839 978 1893; x_wconf 86' lang='lat' dir='ltr'><strong>amborum</strong></span> <span class='ocrx_word' id='word_1_220' title='bbox 1014 1833 1349 1904; x_wconf 86' lang='lat' dir='ltr'><strong>principium</strong></span> <span class='ocrx_word' id='word_1_221' title='bbox 1386 1845 1510 1885; x_wconf 87' lang='lat' dir='ltr'><strong>esse</strong></span> <span class='ocrx_word' id='word_1_222' title='bbox 1539 1826 1674 1890; x_wconf 90' lang='lat' dir='ltr'><strong>tale,</strong></span> <span class='ocrx_word' id='word_1_223' title='bbox 1723 1840 1832 1895; x_wconf 90' lang='lat' dir='ltr'><strong>quo</strong></span> <span class='ocrx_word' id='word_1_224' title='bbox 1863 1825 2023 1878; x_wconf 87' lang='lat' dir='ltr'><strong>Pater</strong></span> <span class='ocrx_word' id='word_1_225' title='bbox 2057 1830 2273 1874; x_wconf 88' lang='lat' dir='ltr'><strong>utrum-</strong></span> 
     </span>
    </p>
   </div>
   <div class='ocr_carea' id='block_1_33' title="bbox 2391 1803 3977 1914">
    <p class='ocr_par' dir='ltr' id='par_1_33' title="bbox 2391 1803 3977 1889">
     <span class='ocr_line' id='line_1_33' title="bbox 2391 1803 3977 1889; baseline -0.009 -17"><span class='ocrx_word' id='word_1_226' title='bbox 2391 1821 2569 1873; x_wconf 64' lang='lat' dir='ltr'><strong>n&#39;asiav</strong></span> <span class='ocrx_word' id='word_1_227' title='bbox 2593 1817 2767 1889; x_wconf 81' lang='grc' dir='ltr'>ἀρχὴν</span> <span class='ocrx_word' id='word_1_228' title='bbox 2793 1814 3072 1881; x_wconf 77' lang='grc' dir='ltr'><strong>ἑκατέρων</strong></span> <span class='ocrx_word' id='word_1_229' title='bbox 3102 1810 3244 1865; x_wconf 84' lang='grc' dir='ltr'>εἶναι</span> <span class='ocrx_word' id='word_1_230' title='bbox 3308 1809 3591 1877; x_wconf 78' lang='grc' dir='ltr'>τοιαύτην,</span> <span class='ocrx_word' id='word_1_231' title='bbox 3722 1807 3977 1877; x_wconf 75' lang='grc' dir='ltr'><strong>παράγει</strong></span> 
     </span>
    </p>
   </div>
   <div class='ocr_carea' id='block_1_34' title="bbox 694 1919 2270 1999">
    <p class='ocr_par' dir='ltr' id='par_1_34' title="bbox 694 1919 2270 1999">
     <span class='ocr_line' id='line_1_34' title="bbox 694 1919 2270 1999; baseline -0.011 -16"><span class='ocrx_word' id='word_1_232' title='bbox 694 1946 803 1999; x_wconf 83' lang='lat' dir='ltr'><strong>que</strong></span> <span class='ocrx_word' id='word_1_233' title='bbox 836 1928 1121 1999; x_wconf 82' lang='lat' dir='ltr'><strong>producat,</strong></span> <span class='ocrx_word' id='word_1_234' title='bbox 1182 1924 1377 1978; x_wconf 78' lang='lat' dir='ltr'><strong>Filium</strong></span> <span class='ocrx_word' id='word_1_235' title='bbox 1421 1933 1473 1975; x_wconf 90' lang='lat' dir='ltr'><strong>et</strong></span> <span class='ocrx_word' id='word_1_236' title='bbox 1523 1919 1786 1989; x_wconf 85' lang='lat' dir='ltr'><strong>Spiritum</strong></span> <span class='ocrx_word' id='word_1_237' title='bbox 1831 1924 2105 1977; x_wconf 83' lang='lat' dir='ltr'><strong>sanctum,</strong></span> <span class='ocrx_word' id='word_1_238' title='bbox 2148 1927 2270 1966; x_wconf 90' lang='lat' dir='ltr'><strong>eum</strong></span> 
     </span>
    </p>
   </div>
   <div class='ocr_carea' id='block_1_35' title="bbox 695 2006 2274 2086">
    <p class='ocr_par' dir='ltr' id='par_1_35' title="bbox 695 2006 2274 2086">
     <span class='ocr_line' id='line_1_35' title="bbox 695 2006 2274 2086; baseline -0.01 -16"><span class='ocrx_word' id='word_1_239' title='bbox 695 2019 830 2072; x_wconf 84' lang='lat' dir='ltr'><strong>alias</strong></span> <span class='ocrx_word' id='word_1_240' title='bbox 858 2017 1103 2086; x_wconf 85' lang='lat' dir='ltr'><strong>ejusdem</strong></span> <span class='ocrx_word' id='word_1_241' title='bbox 1145 2012 1399 2067; x_wconf 76' lang='lat' dir='ltr'><strong>essentia:</strong></span> <span class='ocrx_word' id='word_1_242' title='bbox 1433 2010 1541 2063; x_wconf 88' lang='lat' dir='ltr'><strong>sint</strong></span> <span class='ocrx_word' id='word_1_243' title='bbox 1591 2022 1714 2062; x_wconf 90' lang='lat' dir='ltr'><strong>cum</strong></span> <span class='ocrx_word' id='word_1_244' title='bbox 1761 2006 2098 2075; x_wconf 89' lang='lat' dir='ltr'><strong>producente</strong></span> <span class='ocrx_word' id='word_1_245' title='bbox 2151 2017 2274 2071; x_wconf 90' lang='lat' dir='ltr'><strong>pro-</strong></span> 
     </span>
    </p>
   </div>
   <div class='ocr_carea' id='block_1_36' title="bbox 695 2097 2272 2173">
    <p class='ocr_par' dir='ltr' id='par_1_36' title="bbox 695 2097 2272 2173">
     <span class='ocr_line' id='line_1_36' title="bbox 695 2097 2272 2173; baseline -0.011 -8"><span class='ocrx_word' id='word_1_246' title='bbox 695 2110 881 2172; x_wconf 88' lang='lat' dir='ltr'><strong>ducta,</strong></span> <span class='ocrx_word' id='word_1_247' title='bbox 906 2119 961 2161; x_wconf 81' lang='lat' dir='ltr'><strong>et</strong></span> <span class='ocrx_word' id='word_1_248' title='bbox 986 2108 1131 2160; x_wconf 87' lang='lat' dir='ltr'><strong>inter</strong></span> <span class='ocrx_word' id='word_1_249' title='bbox 1158 2120 1218 2159; x_wconf 87' lang='lat' dir='ltr'><strong>se</strong></span> <span class='ocrx_word' id='word_1_250' title='bbox 1249 2103 1517 2173; x_wconf 89' lang='lat' dir='ltr'><strong>producta</strong></span> <span class='ocrx_word' id='word_1_251' title='bbox 1542 2115 1651 2154; x_wconf 90' lang='lat' dir='ltr'><strong>non</strong></span> <span class='ocrx_word' id='word_1_252' title='bbox 1675 2099 1784 2153; x_wconf 83' lang='lat' dir='ltr'><strong>alio</strong></span> <span class='ocrx_word' id='word_1_253' title='bbox 1809 2097 1969 2151; x_wconf 90' lang='lat' dir='ltr'><strong>modo</strong></span> <span class='ocrx_word' id='word_1_254' title='bbox 1983 2098 2272 2160; x_wconf 75' lang='lat' dir='ltr'><strong>exsistant,</strong></span> 
     </span>
    </p>
   </div>
   <div class='ocr_carea' id='block_1_37' title="bbox 694 2185 2277 2269">
    <p class='ocr_par' dir='ltr' id='par_1_37' title="bbox 694 2185 2277 2269">
     <span class='ocr_line' id='line_1_37' title="bbox 694 2185 2277 2269; baseline -0.008 -18"><span class='ocrx_word' id='word_1_255' title='bbox 694 2214 859 2269; x_wconf 86' lang='lat' dir='ltr'><strong>quam</strong></span> <span class='ocrx_word' id='word_1_256' title='bbox 900 2213 968 2251; x_wconf 74' lang='lat' dir='ltr'><strong>cx</strong></span> <span class='ocrx_word' id='word_1_257' title='bbox 1001 2195 1180 2250; x_wconf 78' lang='lat' dir='ltr'><strong>Patris</strong></span> <span class='ocrx_word' id='word_1_258' title='bbox 1209 2191 1449 2248; x_wconf 74' lang='lat' dir='ltr'><strong>essentia</strong></span> <span class='ocrx_word' id='word_1_259' title='bbox 1488 2190 1658 2243; x_wconf 83' lang='lat' dir='ltr'><strong>veluti</strong></span> <span class='ocrx_word' id='word_1_260' title='bbox 1702 2188 1974 2258; x_wconf 88' lang='lat' dir='ltr'><strong>principio</strong></span> <span class='ocrx_word' id='word_1_261' title='bbox 2019 2196 2074 2241; x_wconf 87' lang='lat' dir='ltr'><strong>et</strong></span> <span class='ocrx_word' id='word_1_262' title='bbox 2107 2185 2277 2240; x_wconf 86' lang='lat' dir='ltr'><strong>facul—</strong></span> 
     </span>
    </p>
   </div>
   <div class='ocr_carea' id='block_1_38' title="bbox 694 2281 2278 2358">
    <p class='ocr_par' dir='ltr' id='par_1_38' title="bbox 694 2281 2278 2358">
     <span class='ocr_line' id='line_1_38' title="bbox 694 2281 2278 2358; baseline -0.009 -11"><span class='ocrx_word' id='word_1_263' title='bbox 694 2304 831 2356; x_wconf 88' lang='lat' dir='ltr'><strong>tate,</strong></span> <span class='ocrx_word' id='word_1_264' title='bbox 862 2304 982 2358; x_wconf 61' lang='lat' dir='ltr'><strong>qua:</strong></span> <span class='ocrx_word' id='word_1_265' title='bbox 1004 2301 1183 2357; x_wconf 86' lang='lat' dir='ltr'><strong>neque</strong></span> <span class='ocrx_word' id='word_1_266' title='bbox 1212 2283 1487 2354; x_wconf 86' lang='lat' dir='ltr'><strong>producit,</strong></span> <span class='ocrx_word' id='word_1_267' title='bbox 1514 2298 1692 2352; x_wconf 85' lang='lat' dir='ltr'><strong>neque</strong></span> <span class='ocrx_word' id='word_1_268' title='bbox 1719 2281 2067 2351; x_wconf 87' lang='lat' dir='ltr'><strong>producitur,</strong></span> <span class='ocrx_word' id='word_1_269' title='bbox 2096 2293 2278 2349; x_wconf 90' lang='lat' dir='ltr'><strong>neque</strong></span> 
     </span>
    </p>
   </div>
   <div class='ocr_carea' id='block_1_39' title="bbox 698 2370 2278 2449">
    <p class='ocr_par' dir='ltr' id='par_1_39' title="bbox 698 2370 2278 2449">
     <span class='ocr_line' id='line_1_39' title="bbox 698 2370 2278 2449; baseline -0.009 -13"><span class='ocrx_word' id='word_1_270' title='bbox 698 2386 751 2436; x_wconf 88' lang='lat' dir='ltr'><strong>in</strong></span> <span class='ocrx_word' id='word_1_271' title='bbox 785 2398 871 2445; x_wconf 86' lang='lat' dir='ltr'><strong>ca,</strong></span> <span class='ocrx_word' id='word_1_272' title='bbox 912 2394 1034 2449; x_wconf 70' lang='lat' dir='ltr'><strong>qua:</strong></span> <span class='ocrx_word' id='word_1_273' title='bbox 1062 2394 1127 2433; x_wconf 79' lang='lat' dir='ltr'><strong>ex</strong></span> <span class='ocrx_word' id='word_1_274' title='bbox 1160 2376 1346 2446; x_wconf 87' lang='lat' dir='ltr'><strong>aliquo</strong></span> <span class='ocrx_word' id='word_1_275' title='bbox 1386 2384 1489 2440; x_wconf 84' lang='lat' dir='ltr'><strong>est,</strong></span> <span class='ocrx_word' id='word_1_276' title='bbox 1535 2388 1713 2443; x_wconf 86' lang='lat' dir='ltr'><strong>neque</strong></span> <span class='ocrx_word' id='word_1_277' title='bbox 1741 2374 1796 2426; x_wconf 89' lang='lat' dir='ltr'><strong>in</strong></span> <span class='ocrx_word' id='word_1_278' title='bbox 1832 2388 1893 2426; x_wconf 87' lang='lat' dir='ltr'><strong>ea</strong></span> <span class='ocrx_word' id='word_1_279' title='bbox 1926 2387 2047 2441; x_wconf 73' lang='lat' dir='ltr'><strong>qua:</strong></span> <span class='ocrx_word' id='word_1_280' title='bbox 2078 2370 2143 2424; x_wconf 88' lang='lat' dir='ltr'><strong>ad</strong></span> <span class='ocrx_word' id='word_1_281' title='bbox 2182 2370 2278 2423; x_wconf 89' lang='lat' dir='ltr'><strong>ali-</strong></span> 
     </span>
    </p>
   </div>
   <div class='ocr_carea' id='block_1_40' title="bbox 697 2451 2277 2546">
    <p class='ocr_par' dir='ltr' id='par_1_40' title="bbox 697 2451 2277 2546">
     <span class='ocr_line' id='line_1_40' title="bbox 697 2451 2277 2546; baseline -0.009 -15"><span class='ocrx_word' id='word_1_282' title='bbox 697 2476 829 2546; x_wconf 88' lang='lat' dir='ltr'><strong>quid</strong></span> <span class='ocrx_word' id='word_1_283' title='bbox 870 2473 1190 2528; x_wconf 77' lang='lat' dir='ltr'><strong>deﬁnitione</strong></span> <span class='ocrx_word' id='word_1_284' title='bbox 1220 2480 1324 2531; x_wconf 90' lang='lat' dir='ltr'><strong>est,</strong></span> <span class='ocrx_word' id='word_1_285' title='bbox 1359 2483 1484 2524; x_wconf 90' lang='lat' dir='ltr'><strong>cum</strong></span> <span class='ocrx_word' id='word_1_286' title='bbox 1519 2470 1571 2522; x_wconf 91' lang='lat' dir='ltr'><strong>in</strong></span> <span class='ocrx_word' id='word_1_287' title='bbox 1604 2468 1764 2523; x_wconf 86' lang='lat' dir='ltr'><strong>Patre</strong></span> <span class='ocrx_word' id='word_1_288' title='bbox 1789 2466 2002 2520; x_wconf 91' lang='lat' dir='ltr'><strong>scilicet</strong></span> <span class='ocrx_word' id='word_1_289' title='bbox 2032 2451 2277 2531; x_wconf 78' lang='lat' dir='ltr'><strong>exsistat,</strong></span> 
     </span>
    </p>
   </div>
   <div class='ocr_carea' id='block_1_41' title="bbox 697 2558 2282 2633">
    <p class='ocr_par' dir='ltr' id='par_1_41' title="bbox 697 2558 2282 2633">
     <span class='ocr_line' id='line_1_41' title="bbox 697 2558 2282 2633; baseline -0.008 -10"><span class='ocrx_word' id='word_1_290' title='bbox 697 2578 754 2623; x_wconf 81' lang='lat' dir='ltr'><strong>et</strong></span> <span class='ocrx_word' id='word_1_291' title='bbox 800 2570 853 2623; x_wconf 92' lang='lat' dir='ltr'><strong>in</strong></span> <span class='ocrx_word' id='word_1_292' title='bbox 879 2568 1039 2630; x_wconf 83' lang='lat' dir='ltr'><strong>Filio,</strong></span> <span class='ocrx_word' id='word_1_293' title='bbox 1084 2564 1225 2621; x_wconf 87' lang='lat' dir='ltr'><strong>etin</strong></span> <span class='ocrx_word' id='word_1_294' title='bbox 1253 2563 1489 2633; x_wconf 84' lang='lat' dir='ltr'><strong>Spiritu,</strong></span> <span class='ocrx_word' id='word_1_295' title='bbox 1530 2568 1587 2615; x_wconf 89' lang='lat' dir='ltr'><strong>et</strong></span> <span class='ocrx_word' id='word_1_296' title='bbox 1626 2559 1796 2615; x_wconf 86' lang='lat' dir='ltr'><strong>veluti</strong></span> <span class='ocrx_word' id='word_1_297' title='bbox 1836 2558 2193 2629; x_wconf 89' lang='lat' dir='ltr'><strong>principium,</strong></span> <span class='ocrx_word' id='word_1_298' title='bbox 2226 2566 2282 2612; x_wconf 89' lang='lat' dir='ltr'><strong>et</strong></span> 
     </span>
    </p>
   </div>
   <div class='ocr_carea' id='block_1_42' title="bbox 698 2650 2281 2729">
    <p class='ocr_par' dir='ltr' id='par_1_42' title="bbox 698 2650 2281 2729">
     <span class='ocr_line' id='line_1_42' title="bbox 698 2650 2281 2729; baseline -0.004 -18"><span class='ocrx_word' id='word_1_299' title='bbox 698 2659 871 2715; x_wconf 86' lang='lat' dir='ltr'><strong>veluti</strong></span> <span class='ocrx_word' id='word_1_300' title='bbox 901 2658 1134 2729; x_wconf 82' lang='lat' dir='ltr'><strong>Species,</strong></span> <span class='ocrx_word' id='word_1_301' title='bbox 1172 2657 1227 2710; x_wconf 89' lang='lat' dir='ltr'><strong>in</strong></span> <span class='ocrx_word' id='word_1_302' title='bbox 1261 2666 1526 2725; x_wconf 88' lang='lat' dir='ltr'><strong>quantunt</strong></span> <span class='ocrx_word' id='word_1_303' title='bbox 1553 2650 2281 2707; x_wconf 74' lang='lat' dir='ltr'><strong>exhibetur.-Verumtamen</strong></span> 
     </span>
    </p>
   </div>
   <div class='ocr_carea' id='block_1_43' title="bbox 700 2744 2284 2821">
    <p class='ocr_par' dir='ltr' id='par_1_43' title="bbox 700 2744 2284 2821">
     <span class='ocr_line' id='line_1_43' title="bbox 700 2744 2284 2821; baseline -0.009 -14"><span class='ocrx_word' id='word_1_304' title='bbox 700 2752 879 2807; x_wconf 79' lang='lat' dir='ltr'><strong>Patris</strong></span> <span class='ocrx_word' id='word_1_305' title='bbox 909 2748 1216 2821; x_wconf 81' lang='lat' dir='ltr'><strong>hypostasis</strong></span> <span class='ocrx_word' id='word_1_306' title='bbox 1254 2761 1359 2800; x_wconf 85' lang='lat' dir='ltr'><strong>una</strong></span> <span class='ocrx_word' id='word_1_307' title='bbox 1395 2755 1451 2798; x_wconf 88' lang='lat' dir='ltr'><strong>et</strong></span> <span class='ocrx_word' id='word_1_308' title='bbox 1476 2744 1692 2803; x_wconf 77' lang='lat' dir='ltr'><strong>eadem,</strong></span> <span class='ocrx_word' id='word_1_309' title='bbox 1719 2757 1843 2796; x_wconf 89' lang='lat' dir='ltr'><strong>cum</strong></span> <span class='ocrx_word' id='word_1_310' title='bbox 1873 2754 2133 2809; x_wconf 84' lang='lat' dir='ltr'><strong>personas</strong></span> <span class='ocrx_word' id='word_1_311' title='bbox 2158 2754 2284 2807; x_wconf 87' lang='lat' dir='ltr'><strong>pro-</strong></span> 
     </span>
    </p>
   </div>
   <div class='ocr_carea' id='block_1_44' title="bbox 701 2831 2284 2908">
    <p class='ocr_par' dir='ltr' id='par_1_44' title="bbox 701 2831 2284 2908">
     <span class='ocr_line' id='line_1_44' title="bbox 701 2831 2284 2908; baseline -0.009 -11"><span class='ocrx_word' id='word_1_312' title='bbox 701 2834 894 2908; x_wconf 59' lang='lat' dir='ltr'><strong>dite-it,</strong></span> <span class='ocrx_word' id='word_1_313' title='bbox 947 2853 1248 2908; x_wconf 76' lang='lat' dir='ltr'><strong>rursusque</strong></span> <span class='ocrx_word' id='word_1_314' title='bbox 1288 2837 1528 2892; x_wconf 83' lang='lat' dir='ltr'><strong>essentia</strong></span> <span class='ocrx_word' id='word_1_315' title='bbox 1574 2848 1743 2887; x_wconf 88' lang='lat' dir='ltr'><strong>unum</strong></span> <span class='ocrx_word' id='word_1_316' title='bbox 1791 2843 1847 2885; x_wconf 86' lang='lat' dir='ltr'><strong>et</strong></span> <span class='ocrx_word' id='word_1_317' title='bbox 1878 2832 2020 2886; x_wconf 90' lang='lat' dir='ltr'><strong>idem</strong></span> <span class='ocrx_word' id='word_1_318' title='bbox 2072 2831 2284 2900; x_wconf 87' lang='lat' dir='ltr'><strong>princi-</strong></span> 
     </span>
    </p>
   </div>
   <div class='ocr_carea' id='block_1_45' title="bbox 701 2923 2284 3006">
    <p class='ocr_par' dir='ltr' id='par_1_45' title="bbox 701 2923 2284 3006">
     <span class='ocr_line' id='line_1_45' title="bbox 701 2923 2284 3006; baseline -0.008 -17"><span class='ocrx_word' id='word_1_319' title='bbox 701 2937 853 3006; x_wconf 85' lang='lat' dir='ltr'><strong>pium</strong></span> <span class='ocrx_word' id='word_1_320' title='bbox 903 2944 957 2989; x_wconf 89' lang='lat' dir='ltr'><strong>ct</strong></span> <span class='ocrx_word' id='word_1_321' title='bbox 1002 2932 1271 2996; x_wconf 71' lang='lat' dir='ltr'><strong>facultas,</strong></span> <span class='ocrx_word' id='word_1_322' title='bbox 1335 2930 1448 2999; x_wconf 84' lang='lat' dir='ltr'><strong>ipsa</strong></span> <span class='ocrx_word' id='word_1_323' title='bbox 1486 2930 1752 2996; x_wconf 85' lang='lat' dir='ltr'><strong>producta</strong></span> <span class='ocrx_word' id='word_1_324' title='bbox 1802 2925 1979 2979; x_wconf 85' lang='lat' dir='ltr'><strong>modis</strong></span> <span class='ocrx_word' id='word_1_325' title='bbox 2027 2923 2284 2978; x_wconf 77' lang='lat' dir='ltr'><strong>munibus</strong></span> 
     </span>
    </p>
   </div>
   <div class='ocr_carea' id='block_1_46' title="bbox 702 3017 2287 3090">
    <p class='ocr_par' dir='ltr' id='par_1_46' title="bbox 702 3017 2287 3090">
     <span class='ocr_line' id='line_1_46' title="bbox 702 3017 2287 3090; baseline -0.011 -7"><span class='ocrx_word' id='word_1_326' title='bbox 702 3028 894 3083; x_wconf 77' lang='lat' dir='ltr'><strong>eadem</strong></span> <span class='ocrx_word' id='word_1_327' title='bbox 929 3035 1116 3079; x_wconf 89' lang='lat' dir='ltr'><strong>essent</strong></span> <span class='ocrx_word' id='word_1_328' title='bbox 1141 3040 1155 3090; x_wconf 83' lang='lat'>;</span> <span class='ocrx_word' id='word_1_329' title='bbox 1185 3027 1292 3076; x_wconf 89' lang='lat' dir='ltr'><strong>imo</strong></span> <span class='ocrx_word' id='word_1_330' title='bbox 1322 3036 1487 3075; x_wconf 88' lang='lat' dir='ltr'><strong>unum</strong></span> <span class='ocrx_word' id='word_1_331' title='bbox 1512 3020 1769 3089; x_wconf 87' lang='lat' dir='ltr'><strong>equidem</strong></span> <span class='ocrx_word' id='word_1_332' title='bbox 1802 3017 1961 3086; x_wconf 89' lang='lat' dir='ltr'><strong>plane</strong></span> <span class='ocrx_word' id='word_1_333' title='bbox 1990 3024 2135 3069; x_wconf 87' lang='lat' dir='ltr'><strong>esset</strong></span> <span class='ocrx_word' id='word_1_334' title='bbox 2160 3028 2287 3083; x_wconf 89' lang='lat' dir='ltr'><strong>per-</strong></span> 
     </span>
    </p>
   </div>
   <div class='ocr_carea' id='block_1_47' title="bbox 704 3105 2288 3190">
    <p class='ocr_par' dir='ltr' id='par_1_47' title="bbox 704 3105 2288 3190">
     <span class='ocr_line' id='line_1_47' title="bbox 704 3105 2288 3190; baseline -0.013 -13"><span class='ocrx_word' id='word_1_335' title='bbox 704 3136 837 3177; x_wconf 80' lang='lat' dir='ltr'><strong>seua</strong></span> <span class='ocrx_word' id='word_1_336' title='bbox 873 3119 1160 3190; x_wconf 87' lang='lat' dir='ltr'><strong>producta,</strong></span> <span class='ocrx_word' id='word_1_337' title='bbox 1193 3116 1299 3170; x_wconf 88' lang='lat' dir='ltr'><strong>nisi</strong></span> <span class='ocrx_word' id='word_1_338' title='bbox 1337 3113 1594 3169; x_wconf 67' lang='lat' dir='ltr'><strong>essentne</strong></span> <span class='ocrx_word' id='word_1_339' title='bbox 1635 3118 1692 3164; x_wconf 86' lang='lat' dir='ltr'><strong>et</strong></span> <span class='ocrx_word' id='word_1_340' title='bbox 1725 3108 1831 3163; x_wconf 90' lang='lat' dir='ltr'><strong>alia</strong></span> <span class='ocrx_word' id='word_1_341' title='bbox 1861 3105 2110 3177; x_wconf 75' lang='lat' dir='ltr'><strong>quzedam</strong></span> <span class='ocrx_word' id='word_1_342' title='bbox 2145 3106 2288 3157; x_wconf 88' lang='lat' dir='ltr'><strong>ines-</strong></span> 
     </span>
    </p>
   </div>
   <div class='ocr_carea' id='block_1_48' title="bbox 2381 1899 3976 1982">
    <p class='ocr_par' dir='ltr' id='par_1_48' title="bbox 2381 1899 3976 1982">
     <span class='ocr_line' id='line_1_48' title="bbox 2381 1899 3976 1982; baseline -0.011 -17"><span class='ocrx_word' id='word_1_343' title='bbox 2381 1911 2570 1982; x_wconf 80' lang='grc' dir='ltr'>Πατὴρ</span> <span class='ocrx_word' id='word_1_344' title='bbox 2603 1911 2887 1981; x_wconf 75' lang='grc' dir='ltr'>ἑκάτερον,</span> <span class='ocrx_word' id='word_1_345' title='bbox 2917 1907 3046 1959; x_wconf 83' lang='grc' dir='ltr'>Υἱόν</span> <span class='ocrx_word' id='word_1_346' title='bbox 3068 1922 3125 1958; x_wconf 85' lang='grc' dir='ltr'><strong>τε</strong></span> <span class='ocrx_word' id='word_1_347' title='bbox 3157 1905 3253 1957; x_wconf 71' lang='grc' dir='ltr'>καὶ</span> <span class='ocrx_word' id='word_1_348' title='bbox 3285 1902 3511 1971; x_wconf 79' lang='grc' dir='ltr'>Πνεῦμα</span> <span class='ocrx_word' id='word_1_349' title='bbox 3540 1902 3724 1968; x_wconf 66' lang='grc' dir='ltr'>ἅγιον.</span> <span class='ocrx_word' id='word_1_350' title='bbox 3758 1899 3976 1958; x_wconf 69' lang='grc' dir='ltr'>Ἄλλως</span> 
     </span>
    </p>
   </div>
   <div class='ocr_carea' id='block_1_49' title="bbox 2380 1992 3973 2073">
    <p class='ocr_par' dir='ltr' id='par_1_49' title="bbox 2380 1992 3973 2073">
     <span class='ocr_line' id='line_1_49' title="bbox 2380 1992 3973 2073; baseline -0.01 -16"><span class='ocrx_word' id='word_1_351' title='bbox 2380 2022 2439 2057; x_wconf 88' lang='grc' dir='ltr'><strong>τε</strong></span> <span class='ocrx_word' id='word_1_352' title='bbox 2470 2004 2563 2056; x_wconf 68' lang='grc' dir='ltr'>καὶ</span> <span class='ocrx_word' id='word_1_353' title='bbox 2586 2003 2686 2073; x_wconf 80' lang='grc' dir='ltr'>τῆς</span> <span class='ocrx_word' id='word_1_354' title='bbox 2723 2001 2896 2069; x_wconf 78' lang='grc' dir='ltr'>αὐτῆς</span> <span class='ocrx_word' id='word_1_355' title='bbox 2920 1999 3113 2061; x_wconf 82' lang='grc' dir='ltr'>οὐσίας</span> <span class='ocrx_word' id='word_1_356' title='bbox 3165 1997 3319 2061; x_wconf 72' lang='grc' dir='ltr'>ὅντα,</span> <span class='ocrx_word' id='word_1_357' title='bbox 3360 1996 3429 2047; x_wconf 88' lang='grc' dir='ltr'><strong>τά</strong></span> <span class='ocrx_word' id='word_1_358' title='bbox 3462 2011 3520 2045; x_wconf 81' lang='grc' dir='ltr'><strong>τε</strong></span> <span class='ocrx_word' id='word_1_359' title='bbox 3586 1992 3973 2060; x_wconf 74' lang='grc' dir='ltr'>παραγόμενα</span> 
     </span>
    </p>
   </div>
   <div class='ocr_carea' id='block_1_50' title="bbox 2378 2076 3973 2167">
    <p class='ocr_par' dir='ltr' id='par_1_50' title="bbox 2378 2076 3973 2167">
     <span class='ocr_line' id='line_1_50' title="bbox 2378 2076 3973 2167; baseline -0.011 -16"><span class='ocrx_word' id='word_1_360' title='bbox 2378 2097 2454 2167; x_wconf 78' lang='grc' dir='ltr'>τῷ</span> <span class='ocrx_word' id='word_1_361' title='bbox 2484 2096 2813 2166; x_wconf 76' lang='grc' dir='ltr'>παράγοντι,</span> <span class='ocrx_word' id='word_1_362' title='bbox 2876 2095 2971 2145; x_wconf 77' lang='grc' dir='ltr'><strong>καὶ</strong></span> <span class='ocrx_word' id='word_1_363' title='bbox 3002 2089 3255 2159; x_wconf 79' lang='grc' dir='ltr'>ἀλλήλοις</span> <span class='ocrx_word' id='word_1_364' title='bbox 3312 2089 3381 2140; x_wconf 84' lang='grc' dir='ltr'>τὰ</span> <span class='ocrx_word' id='word_1_365' title='bbox 3412 2076 3807 2155; x_wconf 75' lang='grc' dir='ltr'>παραγόμενα,</span> <span class='ocrx_word' id='word_1_366' title='bbox 3872 2083 3973 2135; x_wconf 77' lang='grc' dir='ltr'><strong>οὐκ</strong></span> 
     </span>
    </p>
   </div>
   <div class='ocr_carea' id='block_1_51' title="bbox 2381 2176 3980 2256">
    <p class='ocr_par' dir='ltr' id='par_1_51' title="bbox 2381 2176 3980 2256">
     <span class='ocr_line' id='line_1_51' title="bbox 2381 2176 3980 2256; baseline -0.006 -12"><span class='ocrx_word' id='word_1_367' title='bbox 2381 2191 2446 2244; x_wconf 80' lang='grc' dir='ltr'><strong>ἂν</strong></span> <span class='ocrx_word' id='word_1_368' title='bbox 2470 2189 2644 2253; x_wconf 79' lang='grc' dir='ltr'>ἄλλως</span> <span class='ocrx_word' id='word_1_369' title='bbox 2673 2183 2780 2241; x_wconf 75' lang='grc' dir='ltr'>εἷεν</span> <span class='ocrx_word' id='word_1_370' title='bbox 2805 2187 2833 2256; x_wconf 78' lang='grc' dir='ltr'>ἢ</span> <span class='ocrx_word' id='word_1_371' title='bbox 2856 2187 2916 2238; x_wconf 84' lang='grc' dir='ltr'><strong>ὲκ</strong></span> <span class='ocrx_word' id='word_1_372' title='bbox 2944 2185 3042 2254; x_wconf 75' lang='grc' dir='ltr'>τῆς</span> <span class='ocrx_word' id='word_1_373' title='bbox 3074 2184 3166 2236; x_wconf 91' lang='grc' dir='ltr'><strong>τοῦ</strong></span> <span class='ocrx_word' id='word_1_374' title='bbox 3199 2180 3411 2252; x_wconf 51' lang='lat' dir='ltr'><strong>Harpe;</strong></span> <span class='ocrx_word' id='word_1_375' title='bbox 3443 2178 3653 2240; x_wconf 73' lang='grc' dir='ltr'>οὐσίας.</span> <span class='ocrx_word' id='word_1_376' title='bbox 3684 2176 3766 2239; x_wconf 78' lang='grc' dir='ltr'><strong>ὡς</strong></span> <span class='ocrx_word' id='word_1_377' title='bbox 3796 2177 3980 2244; x_wconf 63' lang='grc' dir='ltr'>ἀρχῆς</span> 
     </span>
    </p>
   </div>
   <div class='ocr_carea' id='block_1_52' title="bbox 2384 2267 3975 2351">
    <p class='ocr_par' dir='ltr' id='par_1_52' title="bbox 2384 2267 3975 2351">
     <span class='ocr_line' id='line_1_52' title="bbox 2384 2267 3975 2351; baseline -0.013 -16"><span class='ocrx_word' id='word_1_378' title='bbox 2384 2282 2796 2351; x_wconf 73' lang='grc' dir='ltr'>καὶδυνάμεως,</span> <span class='ocrx_word' id='word_1_379' title='bbox 2819 2280 2854 2350; x_wconf 81' lang='grc' dir='ltr'>ἢ</span> <span class='ocrx_word' id='word_1_380' title='bbox 2885 2277 3009 2330; x_wconf 84' lang='grc' dir='ltr'>οὐτε</span> <span class='ocrx_word' id='word_1_381' title='bbox 3035 2276 3300 2345; x_wconf 81' lang='grc' dir='ltr'><strong>παράγει,</strong></span> <span class='ocrx_word' id='word_1_382' title='bbox 3327 2270 3451 2323; x_wconf 81' lang='grc' dir='ltr'>οὐτε</span> <span class='ocrx_word' id='word_1_383' title='bbox 3485 2269 3833 2343; x_wconf 76' lang='grc' dir='ltr'>παράγεται,</span> <span class='ocrx_word' id='word_1_384' title='bbox 3863 2267 3975 2317; x_wconf 74' lang='grc' dir='ltr'>οὔτ’</span> 
     </span>
    </p>
   </div>
   <div class='ocr_carea' id='block_1_53' title="bbox 2383 2358 3981 2445">
    <p class='ocr_par' dir='ltr' id='par_1_53' title="bbox 2383 2358 3981 2445">
     <span class='ocr_line' id='line_1_53' title="bbox 2383 2358 3981 2445; baseline -0.013 -18"><span class='ocrx_word' id='word_1_385' title='bbox 2383 2378 2441 2427; x_wconf 87' lang='grc' dir='ltr'>ὲν</span> <span class='ocrx_word' id='word_1_386' title='bbox 2462 2374 2537 2445; x_wconf 82' lang='grc' dir='ltr'>τῷ</span> <span class='ocrx_word' id='word_1_387' title='bbox 2562 2374 2620 2439; x_wconf 74' lang='grc' dir='ltr'>ἐξ</span> <span class='ocrx_word' id='word_1_388' title='bbox 2645 2372 2729 2437; x_wconf 82' lang='grc' dir='ltr'>οὗ,</span> <span class='ocrx_word' id='word_1_389' title='bbox 2759 2370 2871 2422; x_wconf 76' lang='grc' dir='ltr'>οὐτ’</span> <span class='ocrx_word' id='word_1_390' title='bbox 2900 2371 2956 2422; x_wconf 75' lang='grc' dir='ltr'>ὲν</span> <span class='ocrx_word' id='word_1_391' title='bbox 2972 2367 3051 2438; x_wconf 85' lang='grc' dir='ltr'><strong>τῷ</strong></span> <span class='ocrx_word' id='word_1_392' title='bbox 3073 2365 3209 2438; x_wconf 79' lang='grc' dir='ltr'>πρὸς</span> <span class='ocrx_word' id='word_1_393' title='bbox 3234 2363 3294 2419; x_wconf 80' lang='grc' dir='ltr'>ὃν</span> <span class='ocrx_word' id='word_1_394' title='bbox 3321 2364 3453 2433; x_wconf 79' lang='grc' dir='ltr'>ὅρῳ,</span> <span class='ocrx_word' id='word_1_395' title='bbox 3478 2363 3534 2413; x_wconf 80' lang='grc' dir='ltr'>ἐν</span> <span class='ocrx_word' id='word_1_396' title='bbox 3562 2359 3641 2430; x_wconf 82' lang='grc' dir='ltr'><strong>τῷ</strong></span> <span class='ocrx_word' id='word_1_397' title='bbox 3672 2361 3859 2427; x_wconf 76' lang='lat' dir='ltr'><strong>Ilarp‘t</strong></span> <span class='ocrx_word' id='word_1_398' title='bbox 3886 2358 3981 2425; x_wconf 73' lang='grc' dir='ltr'><strong>δη-</strong></span> 
     </span>
    </p>
   </div>
   <div class='ocr_carea' id='block_1_54' title="bbox 2382 2453 3980 2536">
    <p class='ocr_par' dir='ltr' id='par_1_54' title="bbox 2382 2453 3980 2536">
     <span class='ocr_line' id='line_1_54' title="bbox 2382 2453 3980 2536; baseline -0.012 -16"><span class='ocrx_word' id='word_1_399' title='bbox 2382 2466 2515 2536; x_wconf 75' lang='grc' dir='ltr'><strong>λαδὴ</strong></span> <span class='ocrx_word' id='word_1_400' title='bbox 2546 2464 2679 2518; x_wconf 74' lang='grc' dir='ltr'>οὐσα</span> <span class='ocrx_word' id='word_1_401' title='bbox 2708 2466 2804 2517; x_wconf 79' lang='grc' dir='ltr'><strong>καὶ</strong></span> <span class='ocrx_word' id='word_1_402' title='bbox 2836 2464 2892 2515; x_wconf 79' lang='grc' dir='ltr'>ὲν</span> <span class='ocrx_word' id='word_1_403' title='bbox 2930 2460 3065 2530; x_wconf 83' lang='grc' dir='ltr'>Υἱῴ,</span> <span class='ocrx_word' id='word_1_404' title='bbox 3113 2459 3209 2511; x_wconf 74' lang='grc' dir='ltr'><strong>καὶ</strong></span> <span class='ocrx_word' id='word_1_405' title='bbox 3276 2455 3355 2526; x_wconf 79' lang='grc' dir='ltr'>τῷ</span> <span class='ocrx_word' id='word_1_406' title='bbox 3397 2455 3708 2521; x_wconf 81' lang='grc' dir='ltr'>Πνεῦματι,</span> <span class='ocrx_word' id='word_1_407' title='bbox 3765 2453 3865 2502; x_wconf 70' lang='grc' dir='ltr'><strong>καὶ</strong></span> <span class='ocrx_word' id='word_1_408' title='bbox 3906 2453 3980 2513; x_wconf 81' lang='grc' dir='ltr'>ὡς</span> 
     </span>
    </p>
   </div>
   <div class='ocr_carea' id='block_1_55' title="bbox 2384 2548 3982 2632">
    <p class='ocr_par' dir='ltr' id='par_1_55' title="bbox 2384 2548 3982 2632">
     <span class='ocr_line' id='line_1_55' title="bbox 2384 2548 3982 2632; baseline -0.013 -17"><span class='ocrx_word' id='word_1_409' title='bbox 2384 2562 2529 2632; x_wconf 80' lang='grc' dir='ltr'>ἁρχὴ</span> <span class='ocrx_word' id='word_1_410' title='bbox 2562 2561 2659 2613; x_wconf 80' lang='grc' dir='ltr'><strong>καὶ</strong></span> <span class='ocrx_word' id='word_1_411' title='bbox 2683 2559 2757 2622; x_wconf 83' lang='grc' dir='ltr'><strong>ὡς</strong></span> <span class='ocrx_word' id='word_1_412' title='bbox 2790 2552 2930 2619; x_wconf 84' lang='grc' dir='ltr'>εἶδος</span> <span class='ocrx_word' id='word_1_413' title='bbox 2977 2556 3037 2608; x_wconf 87' lang='grc' dir='ltr'><strong>τό</strong></span> <span class='ocrx_word' id='word_1_414' title='bbox 3068 2571 3132 2622; x_wconf 87' lang='grc' dir='ltr'><strong>γε</strong></span> <span class='ocrx_word' id='word_1_415' title='bbox 3158 2553 3460 2622; x_wconf 82' lang='grc' dir='ltr'>διδόμενον.</span> <span class='ocrx_word' id='word_1_416' title='bbox 3512 2548 3675 2601; x_wconf 77' lang='grc' dir='ltr'>Ἀλλά</span> <span class='ocrx_word' id='word_1_417' title='bbox 3712 2548 3825 2616; x_wconf 76' lang='grc' dir='ltr'><strong>μὴν</strong></span> <span class='ocrx_word' id='word_1_418' title='bbox 3886 2550 3939 2597; x_wconf 73' lang='lat'><strong>-.-.‘</strong></span> <span class='ocrx_word' id='word_1_419' title='bbox 3958 2566 3982 2605; x_wconf 76' lang='grc' dir='ltr'><strong>ς</strong></span> 
     </span>
    </p>
   </div>
   <div class='ocr_carea' id='block_1_56' title="bbox 2384 2640 3984 2722">
    <p class='ocr_par' dir='ltr' id='par_1_56' title="bbox 2384 2640 3984 2722">
     <span class='ocr_line' id='line_1_56' title="bbox 2384 2640 3984 2722; baseline -0.01 -16"><span class='ocrx_word' id='word_1_420' title='bbox 2384 2654 2479 2706; x_wconf 82' lang='grc' dir='ltr'><strong>τοῦ</strong></span> <span class='ocrx_word' id='word_1_421' title='bbox 2534 2652 2749 2722; x_wconf 83' lang='grc' dir='ltr'>Πατρὸς</span> <span class='ocrx_word' id='word_1_422' title='bbox 2783 2648 3137 2711; x_wconf 76' lang='grc' dir='ltr'>ὑποστάσεως</span> <span class='ocrx_word' id='word_1_423' title='bbox 3163 2646 3261 2713; x_wconf 80' lang='grc' dir='ltr'>τῆς</span> <span class='ocrx_word' id='word_1_424' title='bbox 3295 2642 3466 2713; x_wconf 81' lang='grc' dir='ltr'>αὐτῆς</span> <span class='ocrx_word' id='word_1_425' title='bbox 3498 2641 3693 2709; x_wconf 81' lang='grc' dir='ltr'>οὐσης,</span> <span class='ocrx_word' id='word_1_426' title='bbox 3721 2640 3815 2693; x_wconf 80' lang='grc' dir='ltr'>ὅτε</span> <span class='ocrx_word' id='word_1_427' title='bbox 3844 2656 3984 2707; x_wconf 66' lang='grc' dir='ltr'>παρα</span> 
     </span>
    </p>
   </div>
   <div class='ocr_carea' id='block_1_57' title="bbox 2388 2731 3984 2811">
    <p class='ocr_par' dir='ltr' id='par_1_57' title="bbox 2388 2731 3984 2811">
     <span class='ocr_line' id='line_1_57' title="bbox 2388 2731 3984 2811; baseline -0.011 -13"><span class='ocrx_word' id='word_1_428' title='bbox 2388 2748 2509 2811; x_wconf 84' lang='grc' dir='ltr'>ἁγει</span> <span class='ocrx_word' id='word_1_429' title='bbox 2534 2746 2601 2797; x_wconf 81' lang='grc' dir='ltr'>τὰ</span> <span class='ocrx_word' id='word_1_430' title='bbox 2624 2744 2911 2811; x_wconf 82' lang='grc' dir='ltr'>πρόσωπα,</span> <span class='ocrx_word' id='word_1_431' title='bbox 2946 2739 3041 2793; x_wconf 71' lang='grc' dir='ltr'><strong>καὶ</strong></span> <span class='ocrx_word' id='word_1_432' title='bbox 3070 2738 3168 2805; x_wconf 81' lang='grc' dir='ltr'>τῆς</span> <span class='ocrx_word' id='word_1_433' title='bbox 3198 2737 3388 2798; x_wconf 77' lang='grc' dir='ltr'>οὐσίας</span> <span class='ocrx_word' id='word_1_434' title='bbox 3426 2736 3557 2802; x_wconf 75' lang='grc' dir='ltr'>μιᾶς</span> <span class='ocrx_word' id='word_1_435' title='bbox 3599 2732 3697 2784; x_wconf 71' lang='grc' dir='ltr'>καὶ</span> <span class='ocrx_word' id='word_1_436' title='bbox 3748 2731 3856 2800; x_wconf 75' lang='grc' dir='ltr'>τῆς</span> <span class='ocrx_word' id='word_1_437' title='bbox 3888 2732 3984 2781; x_wconf 54' lang='grc' dir='ltr'><strong>αἱ-</strong></span> 
     </span>
    </p>
   </div>
   <div class='ocr_carea' id='block_1_58' title="bbox 2386 2828 3983 2909">
    <p class='ocr_par' dir='ltr' id='par_1_58' title="bbox 2386 2828 3983 2909">
     <span class='ocr_line' id='line_1_58' title="bbox 2386 2828 3983 2909; baseline -0.01 -17"><span class='ocrx_word' id='word_1_438' title='bbox 2386 2842 2484 2909; x_wconf 73' lang='grc' dir='ltr'>τῆς</span> <span class='ocrx_word' id='word_1_439' title='bbox 2520 2837 2587 2894; x_wconf 79' lang='grc' dir='ltr'><strong>αὖ</strong></span> <span class='ocrx_word' id='word_1_440' title='bbox 2609 2840 2772 2893; x_wconf 77' lang='grc' dir='ltr'>πάλιν</span> <span class='ocrx_word' id='word_1_441' title='bbox 2801 2838 2972 2907; x_wconf 84' lang='grc' dir='ltr'>οὐσης</span> <span class='ocrx_word' id='word_1_442' title='bbox 2999 2837 3174 2904; x_wconf 81' lang='grc' dir='ltr'>ἀρχῆς</span> <span class='ocrx_word' id='word_1_443' title='bbox 3202 2833 3295 2886; x_wconf 72' lang='grc' dir='ltr'><strong>καὶ</strong></span> <span class='ocrx_word' id='word_1_444' title='bbox 3324 2830 3633 2900; x_wconf 82' lang='grc' dir='ltr'>δυνάμεως,</span> <span class='ocrx_word' id='word_1_445' title='bbox 3666 2828 3741 2879; x_wconf 76' lang='grc' dir='ltr'>τὰ</span> <span class='ocrx_word' id='word_1_446' title='bbox 3802 2844 3983 2895; x_wconf 77' lang='grc' dir='ltr'>παρα-</span> 
     </span>
    </p>
   </div>
   <div class='ocr_carea' id='block_1_59' title="bbox 2389 2919 3989 3002">
    <p class='ocr_par' dir='ltr' id='par_1_59' title="bbox 2389 2919 3989 3002">
     <span class='ocr_line' id='line_1_59' title="bbox 2389 2919 3989 3002; baseline -0.012 -15"><span class='ocrx_word' id='word_1_447' title='bbox 2389 2935 2597 3002; x_wconf 80' lang='grc' dir='ltr'>γόμενα</span> <span class='ocrx_word' id='word_1_448' title='bbox 2618 2933 2684 2984; x_wconf 79' lang='grc' dir='ltr'>τὰ</span> <span class='ocrx_word' id='word_1_449' title='bbox 2716 2933 2855 2985; x_wconf 83' lang='grc' dir='ltr'>αὐτὰ</span> <span class='ocrx_word' id='word_1_450' title='bbox 2880 2929 2945 2983; x_wconf 81' lang='grc' dir='ltr'><strong>ἂν</strong></span> <span class='ocrx_word' id='word_1_451' title='bbox 2968 2924 3035 2999; x_wconf 84' lang='grc' dir='ltr'>ἦν</span> <span class='ocrx_word' id='word_1_452' title='bbox 3066 2927 3246 2994; x_wconf 81' lang='grc' dir='ltr'>πάντη</span> <span class='ocrx_word' id='word_1_453' title='bbox 3276 2924 3521 2985; x_wconf 80' lang='grc' dir='ltr'>πάντως.</span> <span class='ocrx_word' id='word_1_454' title='bbox 3552 2921 3787 2974; x_wconf 71' lang='grc' dir='ltr'>Μᾶλλον</span> <span class='ocrx_word' id='word_1_455' title='bbox 3818 2919 3885 2996; x_wconf 69' lang='grc' dir='ltr'><strong>ςὲ</strong></span> <span class='ocrx_word' id='word_1_456' title='bbox 3934 2919 3989 2970; x_wconf 65' lang='grc' dir='ltr'>ἓν</span> 
     </span>
    </p>
   </div>
   <div class='ocr_carea' id='block_1_60' title="bbox 2389 3014 3991 3097">
    <p class='ocr_par' dir='ltr' id='par_1_60' title="bbox 2389 3014 3991 3097">
     <span class='ocr_line' id='line_1_60' title="bbox 2389 3014 3991 3097; baseline -0.009 -17"><span class='ocrx_word' id='word_1_457' title='bbox 2389 3030 2454 3082; x_wconf 88' lang='grc' dir='ltr'><strong>ἂν</strong></span> <span class='ocrx_word' id='word_1_458' title='bbox 2483 3024 2550 3097; x_wconf 81' lang='grc' dir='ltr'>ἦν</span> <span class='ocrx_word' id='word_1_459' title='bbox 2587 3026 2663 3097; x_wconf 81' lang='grc' dir='ltr'>τῷ</span> <span class='ocrx_word' id='word_1_460' title='bbox 2688 3024 2883 3079; x_wconf 78' lang='grc' dir='ltr'>δντιτδ</span> <span class='ocrx_word' id='word_1_461' title='bbox 2912 3021 3297 3094; x_wconf 81' lang='grc' dir='ltr'>παραγόμενον</span> <span class='ocrx_word' id='word_1_462' title='bbox 3335 3018 3657 3088; x_wconf 84' lang='grc' dir='ltr'>πρόσωπον,</span> <span class='ocrx_word' id='word_1_463' title='bbox 3713 3014 3765 3065; x_wconf 73' lang='grc' dir='ltr'>εἰ</span> <span class='ocrx_word' id='word_1_464' title='bbox 3806 3015 3891 3082; x_wconf 76' lang='grc' dir='ltr'>μὴ</span> <span class='ocrx_word' id='word_1_465' title='bbox 3927 3015 3991 3080; x_wconf 70' lang='grc' dir='ltr'>τῇ</span> 
     </span>
    </p>
   </div>
   <div class='ocr_carea' id='block_1_61' title="bbox 2391 3103 3993 3190">
    <p class='ocr_par' dir='ltr' id='par_1_61' title="bbox 2391 3103 3993 3190">
     <span class='ocr_line' id='line_1_61' title="bbox 2391 3103 3993 3190; baseline -0.009 -18"><span class='ocrx_word' id='word_1_466' title='bbox 2391 3119 2547 3190; x_wconf 77' lang='grc' dir='ltr'>οὐσίᾳ</span> <span class='ocrx_word' id='word_1_467' title='bbox 2620 3118 2716 3171; x_wconf 81' lang='grc' dir='ltr'><strong>καὶ</strong></span> <span class='ocrx_word' id='word_1_468' title='bbox 2759 3115 2876 3171; x_wconf 76' lang='grc' dir='ltr'><strong>ἄλλ’</strong></span> <span class='ocrx_word' id='word_1_469' title='bbox 2904 3115 3042 3169; x_wconf 82' lang='grc' dir='ltr'>ἄττα</span> <span class='ocrx_word' id='word_1_470' title='bbox 3090 3110 3281 3179; x_wconf 81' lang='grc' dir='ltr'>ξυνῆν.</span> <span class='ocrx_word' id='word_1_471' title='bbox 3342 3109 3412 3163; x_wconf 84' lang='grc' dir='ltr'><strong>δι’</strong></span> <span class='ocrx_word' id='word_1_472' title='bbox 3450 3103 3525 3161; x_wconf 78' lang='grc' dir='ltr'>ὧν</span> <span class='ocrx_word' id='word_1_473' title='bbox 3558 3105 3822 3174; x_wconf 76' lang='grc' dir='ltr'>διάφοροί</span> <span class='ocrx_word' id='word_1_474' title='bbox 3870 3121 3993 3166; x_wconf 79' lang='grc' dir='ltr'><strong>πως</strong></span> 
     </span>
    </p>
   </div>
   <div class='ocr_carea' id='block_1_62' title="bbox 704 3198 2287 3282">
    <p class='ocr_par' dir='ltr' id='par_1_62' title="bbox 704 3200 2287 3280">
     <span class='ocr_line' id='line_1_62' title="bbox 704 3200 2287 3280; baseline -0.008 -14"><span class='ocrx_word' id='word_1_475' title='bbox 704 3223 865 3274; x_wconf 78' lang='lat' dir='ltr'><strong>sent,</strong></span> <span class='ocrx_word' id='word_1_476' title='bbox 915 3226 1014 3280; x_wconf 87' lang='lat' dir='ltr'><strong>per</strong></span> <span class='ocrx_word' id='word_1_477' title='bbox 1072 3224 1195 3277; x_wconf 68' lang='lat' dir='ltr'><strong>qua:</strong></span> <span class='ocrx_word' id='word_1_478' title='bbox 1252 3202 1657 3276; x_wconf 83' lang='lat' dir='ltr'><strong>quodammodo</strong></span> <span class='ocrx_word' id='word_1_479' title='bbox 1704 3202 1995 3257; x_wconf 78' lang='lat' dir='ltr'><strong>facultates</strong></span> <span class='ocrx_word' id='word_1_480' title='bbox 2054 3200 2287 3253; x_wconf 69' lang='lat' dir='ltr'><strong>diversa:</strong></span> 
     </span>
    </p>
   </div>
   <div class='ocr_carea' id='block_1_63' title="bbox 2391 3198 3995 3282">
    <p class='ocr_par' dir='ltr' id='par_1_63' title="bbox 2391 3198 3995 3282">
     <span class='ocr_line' id='line_1_63' title="bbox 2391 3198 3995 3282; baseline -0.011 -15"><span class='ocrx_word' id='word_1_481' title='bbox 2391 3211 2618 3282; x_wconf 76' lang='grc' dir='ltr'>γένοιντ’</span> <span class='ocrx_word' id='word_1_482' title='bbox 2648 3211 2714 3265; x_wconf 79' lang='grc' dir='ltr'>ἂν</span> <span class='ocrx_word' id='word_1_483' title='bbox 2739 3212 2795 3263; x_wconf 79' lang='grc' dir='ltr'>αἱ</span> <span class='ocrx_word' id='word_1_484' title='bbox 2816 3210 3102 3278; x_wconf 73' lang='grc' dir='ltr'>δυνάμεις,</span> <span class='ocrx_word' id='word_1_485' title='bbox 3148 3198 3236 3268; x_wconf 82' lang='grc' dir='ltr'>αἷς</span> <span class='ocrx_word' id='word_1_486' title='bbox 3268 3201 3399 3267; x_wconf 81' lang='grc' dir='ltr'>Υἱὸς</span> <span class='ocrx_word' id='word_1_487' title='bbox 3432 3205 3527 3257; x_wconf 75' lang='grc' dir='ltr'>καὶ</span> <span class='ocrx_word' id='word_1_488' title='bbox 3561 3200 3800 3269; x_wconf 79' lang='grc' dir='ltr'>Πνεῦμα</span> <span class='ocrx_word' id='word_1_489' title='bbox 3843 3215 3995 3268; x_wconf 58' lang='grc' dir='ltr'>περ.</span> 
     </span>
    </p>
   </div>
   <div class='ocr_carea' id='block_1_64' title="bbox 708 3287 2288 3369">
    <p class='ocr_par' dir='ltr' id='par_1_64' title="bbox 708 3287 2288 3369">
     <span class='ocr_line' id='line_1_64' title="bbox 708 3287 2288 3369; baseline -0.01 -12"><span class='ocrx_word' id='word_1_490' title='bbox 708 3304 928 3365; x_wconf 70' lang='lat' dir='ltr'><strong>fierent,</strong></span> <span class='ocrx_word' id='word_1_491' title='bbox 969 3300 1174 3369; x_wconf 87' lang='lat' dir='ltr'><strong>quibus</strong></span> <span class='ocrx_word' id='word_1_492' title='bbox 1223 3297 1392 3352; x_wconf 84' lang='lat' dir='ltr'><strong>Filius</strong></span> <span class='ocrx_word' id='word_1_493' title='bbox 1424 3306 1481 3350; x_wconf 91' lang='lat' dir='ltr'><strong>et</strong></span> <span class='ocrx_word' id='word_1_494' title='bbox 1515 3294 1753 3365; x_wconf 82' lang='lat' dir='ltr'><strong>Spiritus</strong></span> <span class='ocrx_word' id='word_1_495' title='bbox 1783 3296 2187 3362; x_wconf 89' lang='lat' dir='ltr'><strong>producuntur.</strong></span> <span class='ocrx_word' id='word_1_496' title='bbox 2220 3287 2288 3342; x_wconf 88' lang='lat' dir='ltr'><strong>Et</strong></span> 
     </span>
    </p>
   </div>
   <div class='ocr_carea' id='block_1_65' title="bbox 706 3380 2289 3451">
    <p class='ocr_par' dir='ltr' id='par_1_65' title="bbox 706 3380 2289 3451">
     <span class='ocr_line' id='line_1_65' title="bbox 706 3380 2289 3451; baseline -0.01 -2"><span class='ocrx_word' id='word_1_497' title='bbox 706 3398 821 3449; x_wconf 68' lang='lat' dir='ltr'><strong>time</strong></span> <span class='ocrx_word' id='word_1_498' title='bbox 872 3393 1078 3447; x_wconf 88' lang='lat' dir='ltr'><strong>fuerint</strong></span> <span class='ocrx_word' id='word_1_499' title='bbox 1124 3390 1441 3444; x_wconf 82' lang='lat' dir='ltr'><strong>intellectus</strong></span> <span class='ocrx_word' id='word_1_500' title='bbox 1483 3395 1538 3442; x_wconf 87' lang='lat' dir='ltr'><strong>et</strong></span> <span class='ocrx_word' id='word_1_501' title='bbox 1589 3386 1841 3439; x_wconf 84' lang='lat' dir='ltr'><strong>voluntas</strong></span> <span class='ocrx_word' id='word_1_502' title='bbox 1872 3422 1887 3446; x_wconf 92' lang='lat'><strong>,</strong></span> <span class='ocrx_word' id='word_1_503' title='bbox 1933 3383 2025 3436; x_wconf 88' lang='lat' dir='ltr'><strong>illa</strong></span> <span class='ocrx_word' id='word_1_504' title='bbox 2069 3380 2289 3451; x_wconf 86' lang='lat' dir='ltr'><strong>quidem</strong></span> 
     </span>
    </p>
   </div>
   <div class='ocr_carea' id='block_1_66' title="bbox 706 3474 2291 3551">
    <p class='ocr_par' dir='ltr' id='par_1_66' title="bbox 706 3474 2291 3551">
     <span class='ocr_line' id='line_1_66' title="bbox 706 3474 2291 3551; baseline -0.01 -9"><span class='ocrx_word' id='word_1_505' title='bbox 706 3488 870 3542; x_wconf 80' lang='lat' dir='ltr'><strong>simul</strong></span> <span class='ocrx_word' id='word_1_506' title='bbox 900 3500 1025 3541; x_wconf 89' lang='lat' dir='ltr'><strong>cum</strong></span> <span class='ocrx_word' id='word_1_507' title='bbox 1043 3484 1281 3539; x_wconf 87' lang='lat' dir='ltr'><strong>essentia</strong></span> <span class='ocrx_word' id='word_1_508' title='bbox 1315 3481 1643 3551; x_wconf 86' lang='lat' dir='ltr'><strong>principium</strong></span> <span class='ocrx_word' id='word_1_509' title='bbox 1668 3490 1724 3533; x_wconf 81' lang='lat' dir='ltr'><strong>et</strong></span> <span class='ocrx_word' id='word_1_510' title='bbox 1742 3477 1972 3532; x_wconf 72' lang='lat' dir='ltr'><strong>facultas</strong></span> <span class='ocrx_word' id='word_1_511' title='bbox 1997 3474 2291 3539; x_wconf 82' lang='lat' dir='ltr'><strong>exsistens,</strong></span> 
     </span>
    </p>
   </div>
   <div class='ocr_carea' id='block_1_67' title="bbox 709 3566 2293 3651">
    <p class='ocr_par' dir='ltr' id='par_1_67' title="bbox 709 3566 2293 3651">
     <span class='ocr_line' id='line_1_67' title="bbox 709 3566 2293 3651; baseline -0.011 -16"><span class='ocrx_word' id='word_1_512' title='bbox 709 3598 808 3651; x_wconf 85' lang='lat' dir='ltr'><strong>per</strong></span> <span class='ocrx_word' id='word_1_513' title='bbox 838 3581 1113 3633; x_wconf 84' lang='lat' dir='ltr'><strong>actionem</strong></span> <span class='ocrx_word' id='word_1_514' title='bbox 1170 3574 1544 3645; x_wconf 80' lang='lat' dir='ltr'><strong>generationis</strong></span> <span class='ocrx_word' id='word_1_515' title='bbox 1594 3570 1918 3651; x_wconf 89' lang='lat' dir='ltr'><strong>productiva</strong></span> <span class='ocrx_word' id='word_1_516' title='bbox 1965 3566 2129 3628; x_wconf 89' lang='lat' dir='ltr'><strong>Filii,</strong></span> <span class='ocrx_word' id='word_1_517' title='bbox 2164 3579 2293 3635; x_wconf 80' lang='lat' dir='ltr'><strong>pro-</strong></span> 
     </span>
    </p>
   </div>
   <div class='ocr_carea' id='block_1_68' title="bbox 712 3650 2294 3742">
    <p class='ocr_par' dir='ltr' id='par_1_68' title="bbox 712 3650 2294 3742">
     <span class='ocr_line' id='line_1_68' title="bbox 712 3650 2294 3742; baseline -0.009 -17"><span class='ocrx_word' id='word_1_518' title='bbox 712 3650 1010 3742; x_wconf 88' lang='lat' dir='ltr'><strong>ptcreaque</strong></span> <span class='ocrx_word' id='word_1_519' title='bbox 1043 3668 1283 3724; x_wconf 78' lang='lat' dir='ltr'><strong>Verbum</strong></span> <span class='ocrx_word' id='word_1_520' title='bbox 1323 3666 1416 3720; x_wconf 89' lang='lat' dir='ltr'><strong>Dei</strong></span> <span class='ocrx_word' id='word_1_521' title='bbox 1459 3650 1633 3719; x_wconf 78' lang='lat' dir='ltr'><strong>Filius</strong></span> <span class='ocrx_word' id='word_1_522' title='bbox 1662 3679 1691 3717; x_wconf 91' lang='lat' dir='ltr'><strong>a</strong></span> <span class='ocrx_word' id='word_1_523' title='bbox 1741 3661 2052 3731; x_wconf 78' lang='lat' dir='ltr'><strong>theologico</strong></span> <span class='ocrx_word' id='word_1_524' title='bbox 2087 3659 2294 3713; x_wconf 89' lang='lat' dir='ltr'><strong>tonitru</strong></span> 
     </span>
    </p>
   </div>
   <div class='ocr_carea' id='block_1_69' title="bbox 716 3749 2292 3829">
    <p class='ocr_par' dir='ltr' id='par_1_69' title="bbox 716 3749 2292 3829">
     <span class='ocr_line' id='line_1_69' title="bbox 716 3749 2292 3829; baseline -0.01 -13"><span class='ocrx_word' id='word_1_525' title='bbox 716 3772 1087 3829; x_wconf 78' lang='lat' dir='ltr'><strong>nuncupatur.</strong></span> <span class='ocrx_word' id='word_1_526' title='bbox 1138 3759 1301 3813; x_wconf 85' lang='lat' dir='ltr'><strong>Fetus</strong></span> <span class='ocrx_word' id='word_1_527' title='bbox 1351 3756 1497 3810; x_wconf 87' lang='lat' dir='ltr'><strong>enim</strong></span> <span class='ocrx_word' id='word_1_528' title='bbox 1543 3752 1856 3807; x_wconf 82' lang='lat' dir='ltr'><strong>intellectus</strong></span> <span class='ocrx_word' id='word_1_529' title='bbox 1900 3761 1985 3805; x_wconf 90' lang='lat' dir='ltr'><strong>est</strong></span> <span class='ocrx_word' id='word_1_530' title='bbox 2033 3749 2292 3802; x_wconf 81' lang='lat' dir='ltr'><strong>Verbum.</strong></span> 
     </span>
    </p>
   </div>
   <div class='ocr_carea' id='block_1_70' title="bbox 714 3840 2293 3917">
    <p class='ocr_par' dir='ltr' id='par_1_70' title="bbox 714 3840 2293 3917">
     <span class='ocr_line' id='line_1_70' title="bbox 714 3840 2293 3917; baseline -0.011 -7"><span class='ocrx_word' id='word_1_531' title='bbox 714 3858 979 3910; x_wconf 74' lang='lat' dir='ltr'><strong>\‘uiuntas</strong></span> <span class='ocrx_word' id='word_1_532' title='bbox 1013 3868 1145 3908; x_wconf 82' lang='lat' dir='ltr'><strong>vero</strong></span> <span class='ocrx_word' id='word_1_533' title='bbox 1170 3850 1334 3906; x_wconf 85' lang='lat' dir='ltr'><strong>simul</strong></span> <span class='ocrx_word' id='word_1_534' title='bbox 1373 3865 1498 3903; x_wconf 88' lang='lat' dir='ltr'><strong>eum</strong></span> <span class='ocrx_word' id='word_1_535' title='bbox 1545 3848 1662 3917; x_wconf 84' lang='lat' dir='ltr'><strong>ipsa</strong></span> <span class='ocrx_word' id='word_1_536' title='bbox 1693 3846 1931 3900; x_wconf 74' lang='lat' dir='ltr'><strong>essentia</strong></span> <span class='ocrx_word' id='word_1_537' title='bbox 1961 3840 2293 3912; x_wconf 88' lang='lat' dir='ltr'><strong>principium</strong></span> 
     </span>
    </p>
   </div>
   <div class='ocr_carea' id='block_1_71' title="bbox 713 3930 2293 4009">
    <p class='ocr_par' dir='ltr' id='par_1_71' title="bbox 713 3930 2293 4009">
     <span class='ocr_line' id='line_1_71' title="bbox 713 3930 2293 4009; baseline -0.009 -8"><span class='ocrx_word' id='word_1_538' title='bbox 713 3958 768 4001; x_wconf 89' lang='lat' dir='ltr'><strong>ct</strong></span> <span class='ocrx_word' id='word_1_539' title='bbox 802 3946 1031 4000; x_wconf 83' lang='lat' dir='ltr'><strong>facultas</strong></span> <span class='ocrx_word' id='word_1_540' title='bbox 1057 3930 1328 3997; x_wconf 38' lang='lat' dir='ltr'><strong>exsis‘tens</strong></span> <span class='ocrx_word' id='word_1_541' title='bbox 1359 3955 1454 4009; x_wconf 89' lang='lat' dir='ltr'><strong>per</strong></span> <span class='ocrx_word' id='word_1_542' title='bbox 1484 3937 1863 4007; x_wconf 86' lang='lat' dir='ltr'><strong>operationem</strong></span> <span class='ocrx_word' id='word_1_543' title='bbox 1892 3933 2293 4005; x_wconf 88' lang='lat' dir='ltr'><strong>productionis,</strong></span> 
     </span>
    </p>
   </div>
   <div class='ocr_carea' id='block_1_72' title="bbox 715 4026 2297 4106">
    <p class='ocr_par' dir='ltr' id='par_1_72' title="bbox 715 4026 2297 4106">
     <span class='ocr_line' id='line_1_72' title="bbox 715 4026 2297 4106; baseline -0.008 -13"><span class='ocrx_word' id='word_1_544' title='bbox 715 4040 829 4093; x_wconf 82' lang='lat' dir='ltr'><strong>sive</strong></span> <span class='ocrx_word' id='word_1_545' title='bbox 891 4035 1208 4106; x_wconf 85' lang='lat' dir='ltr'><strong>spirationis</strong></span> <span class='ocrx_word' id='word_1_546' title='bbox 1274 4032 1597 4103; x_wconf 77' lang='lat' dir='ltr'><strong>productiva</strong></span> <span class='ocrx_word' id='word_1_547' title='bbox 1669 4031 1983 4100; x_wconf 82' lang='lat' dir='ltr'><strong>liypostasis</strong></span> <span class='ocrx_word' id='word_1_548' title='bbox 2056 4026 2297 4096; x_wconf 85' lang='lat' dir='ltr'><strong>Spiritus</strong></span> 
     </span>
    </p>
   </div>
   <div class='ocr_carea' id='block_1_73' title="bbox 716 4123 2299 4199">
    <p class='ocr_par' dir='ltr' id='par_1_73' title="bbox 716 4123 2299 4199">
     <span class='ocr_line' id='line_1_73' title="bbox 716 4123 2299 4199; baseline -0.008 -11"><span class='ocrx_word' id='word_1_549' title='bbox 716 4134 909 4195; x_wconf 84' lang='lat' dir='ltr'><strong>sancti,</strong></span> <span class='ocrx_word' id='word_1_550' title='bbox 943 4146 1054 4186; x_wconf 89' lang='lat' dir='ltr'><strong>non</strong></span> <span class='ocrx_word' id='word_1_551' title='bbox 1091 4139 1149 4184; x_wconf 92' lang='lat' dir='ltr'><strong>ut</strong></span> <span class='ocrx_word' id='word_1_552' title='bbox 1178 4128 1511 4199; x_wconf 85' lang='lat' dir='ltr'><strong>principium</strong></span> <span class='ocrx_word' id='word_1_553' title='bbox 1542 4126 1797 4183; x_wconf 82' lang='lat' dir='ltr'><strong>liberum,</strong></span> <span class='ocrx_word' id='word_1_554' title='bbox 1831 4123 1927 4177; x_wconf 88' lang='lat' dir='ltr'><strong>sed</strong></span> <span class='ocrx_word' id='word_1_555' title='bbox 1959 4130 2018 4176; x_wconf 89' lang='lat' dir='ltr'><strong>ut</strong></span> <span class='ocrx_word' id='word_1_556' title='bbox 2047 4136 2299 4177; x_wconf 86' lang='lat' dir='ltr'><strong>necessa-</strong></span> 
     </span>
    </p>
   </div>
   <div class='ocr_carea' id='block_1_74' title="bbox 717 4217 2296 4290">
    <p class='ocr_par' dir='ltr' id='par_1_74' title="bbox 717 4217 2296 4290">
     <span class='ocr_line' id='line_1_74' title="bbox 717 4217 2296 4290; baseline -0.008 -10"><span class='ocrx_word' id='word_1_557' title='bbox 717 4231 858 4281; x_wconf 83' lang='lat' dir='ltr'><strong>iium</strong></span> <span class='ocrx_word' id='word_1_558' title='bbox 900 4238 954 4280; x_wconf 88' lang='lat' dir='ltr'><strong>et</strong></span> <span class='ocrx_word' id='word_1_559' title='bbox 986 4224 1253 4279; x_wconf 74' lang='lat' dir='ltr'><strong>naturalis</strong></span> <span class='ocrx_word' id='word_1_560' title='bbox 1283 4220 1530 4290; x_wconf 69' lang='lat' dir='ltr'><strong>quzcdam</strong></span> <span class='ocrx_word' id='word_1_561' title='bbox 1583 4219 1816 4274; x_wconf 79' lang='lat' dir='ltr'><strong>facultas</strong></span> <span class='ocrx_word' id='word_1_562' title='bbox 1845 4226 1900 4272; x_wconf 86' lang='lat' dir='ltr'><strong>et</strong></span> <span class='ocrx_word' id='word_1_563' title='bbox 1940 4217 2296 4287; x_wconf 91' lang='lat' dir='ltr'><strong>principium,</strong></span> 
     </span>
    </p>
   </div>
   <div class='ocr_carea' id='block_1_75' title="bbox 716 4307 2299 4386">
    <p class='ocr_par' dir='ltr' id='par_1_75' title="bbox 716 4307 2299 4386">
     <span class='ocr_line' id='line_1_75' title="bbox 716 4307 2299 4386; baseline -0.004 -19"><span class='ocrx_word' id='word_1_564' title='bbox 716 4327 1116 4386; x_wconf 69' lang='lat' dir='ltr'><strong>promercaun</strong></span> <span class='ocrx_word' id='word_1_565' title='bbox 1188 4330 1217 4367; x_wconf 84' lang='lat' dir='ltr'><strong>a</strong></span> <span class='ocrx_word' id='word_1_566' title='bbox 1265 4314 1533 4382; x_wconf 80' lang='lat' dir='ltr'><strong>theologis</strong></span> <span class='ocrx_word' id='word_1_567' title='bbox 1584 4326 1737 4365; x_wconf 87' lang='lat' dir='ltr'><strong>amor</strong></span> <span class='ocrx_word' id='word_1_568' title='bbox 1785 4311 2005 4365; x_wconf 87' lang='lat' dir='ltr'><strong>divinus</strong></span> <span class='ocrx_word' id='word_1_569' title='bbox 2059 4307 2299 4378; x_wconf 88' lang='lat' dir='ltr'><strong>Spiritus</strong></span> 
     </span>
    </p>
   </div>
   <div class='ocr_carea' id='block_1_76' title="bbox 716 4400 2301 4478">
    <p class='ocr_par' dir='ltr' id='par_1_76' title="bbox 716 4400 2301 4478">
     <span class='ocr_line' id='line_1_76' title="bbox 716 4400 2301 4478; baseline -0.005 -16"><span class='ocrx_word' id='word_1_570' title='bbox 716 4410 1043 4478; x_wconf 81' lang='lat' dir='ltr'><strong>appellatur.</strong></span> <span class='ocrx_word' id='word_1_571' title='bbox 1079 4408 1265 4460; x_wconf 79' lang='lat' dir='ltr'><strong>Virtus</strong></span> <span class='ocrx_word' id='word_1_572' title='bbox 1317 4407 1465 4459; x_wconf 89' lang='lat' dir='ltr'><strong>enim</strong></span> <span class='ocrx_word' id='word_1_573' title='bbox 1517 4404 1719 4458; x_wconf 88' lang='lat' dir='ltr'><strong>amoris</strong></span> <span class='ocrx_word' id='word_1_574' title='bbox 1775 4403 2029 4457; x_wconf 85' lang='lat' dir='ltr'><strong>voluntas</strong></span> <span class='ocrx_word' id='word_1_575' title='bbox 2076 4411 2179 4455; x_wconf 79' lang='lat' dir='ltr'><strong>est.</strong></span> <span class='ocrx_word' id='word_1_576' title='bbox 2232 4400 2301 4454; x_wconf 85' lang='lat' dir='ltr'><strong>Et</strong></span> 
     </span>
    </p>
   </div>
   <div class='ocr_carea' id='block_1_77' title="bbox 716 4494 2299 4566">
    <p class='ocr_par' dir='ltr' id='par_1_77' title="bbox 716 4494 2299 4566">
     <span class='ocr_line' id='line_1_77' title="bbox 716 4494 2299 4566; baseline -0.008 -10"><span class='ocrx_word' id='word_1_577' title='bbox 716 4505 860 4556; x_wconf 80' lang='lat' dir='ltr'><strong>dicta</strong></span> <span class='ocrx_word' id='word_1_578' title='bbox 905 4502 1021 4555; x_wconf 80' lang='lat' dir='ltr'><strong>haec</strong></span> <span class='ocrx_word' id='word_1_579' title='bbox 1055 4508 1242 4554; x_wconf 87' lang='lat' dir='ltr'><strong>nostra</strong></span> <span class='ocrx_word' id='word_1_580' title='bbox 1302 4509 1357 4551; x_wconf 90' lang='lat' dir='ltr'><strong>et</strong></span> <span class='ocrx_word' id='word_1_581' title='bbox 1391 4496 1767 4566; x_wconf 81' lang='lat' dir='ltr'><strong>theologorum</strong></span> <span class='ocrx_word' id='word_1_582' title='bbox 1818 4494 2017 4564; x_wconf 87' lang='lat' dir='ltr'><strong>placita</strong></span> <span class='ocrx_word' id='word_1_583' title='bbox 2067 4507 2299 4547; x_wconf 88' lang='lat' dir='ltr'><strong>concor-</strong></span> 
     </span>
    </p>
   </div>
   <div class='ocr_carea' id='block_1_78' title="bbox 718 4586 2301 4662">
    <p class='ocr_par' dir='ltr' id='par_1_78' title="bbox 718 4586 2301 4662">
     <span class='ocr_line' id='line_1_78' title="bbox 718 4586 2301 4662; baseline -0.006 -15"><span class='ocrx_word' id='word_1_584' title='bbox 718 4598 863 4648; x_wconf 79' lang='lat' dir='ltr'><strong>diter</strong></span> <span class='ocrx_word' id='word_1_585' title='bbox 910 4594 1051 4649; x_wconf 85' lang='lat' dir='ltr'><strong>inter</strong></span> <span class='ocrx_word' id='word_1_586' title='bbox 1094 4607 1153 4647; x_wconf 84' lang='lat' dir='ltr'><strong>se</strong></span> <span class='ocrx_word' id='word_1_587' title='bbox 1198 4598 1530 4662; x_wconf 80' lang='lat' dir='ltr'><strong>congruunt.</strong></span> <span class='ocrx_word' id='word_1_588' title='bbox 1569 4588 1756 4658; x_wconf 84' lang='lat' dir='ltr'><strong>Neque</strong></span> <span class='ocrx_word' id='word_1_589' title='bbox 1802 4588 1889 4640; x_wconf 85' lang='lat' dir='ltr'><strong>his</strong></span> <span class='ocrx_word' id='word_1_590' title='bbox 1936 4586 2117 4640; x_wconf 87' lang='lat' dir='ltr'><strong>minus</strong></span> <span class='ocrx_word' id='word_1_591' title='bbox 2164 4599 2301 4640; x_wconf 86' lang='lat' dir='ltr'><strong>eon-</strong></span> 
     </span>
    </p>
   </div>
   <div class='ocr_carea' id='block_1_79' title="bbox 720 4677 2302 4754">
    <p class='ocr_par' dir='ltr' id='par_1_79' title="bbox 720 4677 2302 4754">
     <span class='ocr_line' id='line_1_79' title="bbox 720 4677 2302 4754; baseline -0.006 -15"><span class='ocrx_word' id='word_1_592' title='bbox 720 4698 949 4740; x_wconf 72' lang='lat' dir='ltr'><strong>wniuut</strong></span> <span class='ocrx_word' id='word_1_593' title='bbox 1002 4688 1179 4742; x_wconf 90' lang='lat' dir='ltr'><strong>sancti</strong></span> <span class='ocrx_word' id='word_1_594' title='bbox 1233 4683 1522 4754; x_wconf 79' lang='lat' dir='ltr'><strong>Augustini</strong></span> <span class='ocrx_word' id='word_1_595' title='bbox 1575 4681 1722 4736; x_wconf 87' lang='lat' dir='ltr'><strong>dicta</strong></span> <span class='ocrx_word' id='word_1_596' title='bbox 1779 4680 1834 4733; x_wconf 90' lang='lat' dir='ltr'><strong>iu</strong></span> <span class='ocrx_word' id='word_1_597' title='bbox 1895 4678 2177 4734; x_wconf 84' lang='lat' dir='ltr'><strong>volumine</strong></span> <span class='ocrx_word' id='word_1_598' title='bbox 2236 4677 2302 4730; x_wconf 83' lang='lat' dir='ltr'><strong>de</strong></span> 
     </span>
    </p>
   </div>
   <div class='ocr_carea' id='block_1_80' title="bbox 726 4774 2302 4849">
    <p class='ocr_par' dir='ltr' id='par_1_80' title="bbox 726 4774 2302 4849">
     <span class='ocr_line' id='line_1_80' title="bbox 726 4774 2302 4849; baseline -0.008 -14"><span class='ocrx_word' id='word_1_599' title='bbox 726 4781 1019 4844; x_wconf 71' lang='lat' dir='ltr'><strong>Trinitale,</strong></span> <span class='ocrx_word' id='word_1_600' title='bbox 1072 4781 1129 4833; x_wconf 90' lang='lat' dir='ltr'><strong>in</strong></span> <span class='ocrx_word' id='word_1_601' title='bbox 1178 4778 1383 4849; x_wconf 85' lang='lat' dir='ltr'><strong>quibus</strong></span> <span class='ocrx_word' id='word_1_602' title='bbox 1428 4777 1748 4832; x_wconf 82' lang='lat' dir='ltr'><strong>memoriam</strong></span> <span class='ocrx_word' id='word_1_603' title='bbox 1801 4774 2025 4845; x_wconf 83' lang='lat' dir='ltr'><strong>quidem</strong></span> <span class='ocrx_word' id='word_1_604' title='bbox 2073 4785 2302 4842; x_wconf 76' lang='lat' dir='ltr'><strong>genera-</strong></span> 
     </span>
    </p>
   </div>
   <div class='ocr_carea' id='block_1_81' title="bbox 725 4865 2298 4940">
    <p class='ocr_par' dir='ltr' id='par_1_81' title="bbox 725 4865 2298 4940">
     <span class='ocr_line' id='line_1_81' title="bbox 725 4865 2298 4940; baseline -0.008 -12"><span class='ocrx_word' id='word_1_605' title='bbox 725 4876 890 4928; x_wconf 72' lang='lat' dir='ltr'><strong>tit&#39;am</strong></span> <span class='ocrx_word' id='word_1_606' title='bbox 913 4914 927 4938; x_wconf 93' lang='lat'><strong>,</strong></span> <span class='ocrx_word' id='word_1_607' title='bbox 962 4877 1300 4928; x_wconf 75' lang='lat' dir='ltr'><strong>voluntatem</strong></span> <span class='ocrx_word' id='word_1_608' title='bbox 1336 4886 1464 4926; x_wconf 71' lang='lat' dir='ltr'><strong>vero</strong></span> <span class='ocrx_word' id='word_1_609' title='bbox 1496 4872 1812 4940; x_wconf 79' lang='lat' dir='ltr'><strong>Spirativant</strong></span> <span class='ocrx_word' id='word_1_610' title='bbox 1858 4868 2075 4923; x_wconf 74' lang='lat' dir='ltr'><strong>vocavit</strong></span> <span class='ocrx_word' id='word_1_611' title='bbox 2125 4865 2298 4918; x_wconf 83' lang='lat' dir='ltr'><strong>facul-</strong></span> 
     </span>
    </p>
   </div>
   <div class='ocr_carea' id='block_1_82' title="bbox 725 4977 913 5019">
    <p class='ocr_par' dir='ltr' id='par_1_82' title="bbox 725 4977 913 5019">
     <span class='ocr_line' id='line_1_82' title="bbox 725 4977 913 5019; baseline 0.005 -1"><span class='ocrx_word' id='word_1_612' title='bbox 725 4977 913 5019; x_wconf 77' lang='lat' dir='ltr'><strong>tatem.</strong></span> 
     </span>
    </p>
   </div>
   <div class='ocr_carea' id='block_1_83' title="bbox 796 5098 2305 5171">
    <p class='ocr_par' dir='ltr' id='par_1_83' title="bbox 796 5098 2305 5171">
     <span class='ocr_line' id='line_1_83' title="bbox 796 5098 2305 5171; baseline -0.002 -16"><span class='ocrx_word' id='word_1_613' title='bbox 796 5103 850 5158; x_wconf 70' lang='grc'><strong>4.</strong></span> <span class='ocrx_word' id='word_1_614' title='bbox 895 5099 1245 5156; x_wconf 71' lang='lat' dir='ltr'><strong>Manifestum</strong></span> <span class='ocrx_word' id='word_1_615' title='bbox 1278 5101 1465 5171; x_wconf 86' lang='lat' dir='ltr'><strong>itaque</strong></span> <span class='ocrx_word' id='word_1_616' title='bbox 1490 5111 1573 5156; x_wconf 88' lang='lat' dir='ltr'><strong>est</strong></span> <span class='ocrx_word' id='word_1_617' title='bbox 1621 5117 1685 5155; x_wconf 80' lang='lat' dir='ltr'><strong>ex</strong></span> <span class='ocrx_word' id='word_1_618' title='bbox 1713 5100 1898 5164; x_wconf 84' lang='lat' dir='ltr'><strong>dictis,</strong></span> <span class='ocrx_word' id='word_1_619' title='bbox 1938 5099 2154 5154; x_wconf 87' lang='lat' dir='ltr'><strong>Patrem</strong></span> <span class='ocrx_word' id='word_1_620' title='bbox 2184 5098 2305 5154; x_wconf 87' lang='lat' dir='ltr'><strong>fon-</strong></span> 
     </span>
    </p>
   </div>
   <div class='ocr_carea' id='block_1_84' title="bbox 728 5193 2311 5264">
    <p class='ocr_par' dir='ltr' id='par_1_84' title="bbox 728 5193 2311 5264">
     <span class='ocr_line' id='line_1_84' title="bbox 728 5193 2311 5264; baseline -0.003 -13"><span class='ocrx_word' id='word_1_621' title='bbox 728 5210 835 5251; x_wconf 79' lang='lat' dir='ltr'><strong>tem</strong></span> <span class='ocrx_word' id='word_1_622' title='bbox 864 5213 983 5251; x_wconf 79' lang='lat' dir='ltr'><strong>csse</strong></span> <span class='ocrx_word' id='word_1_623' title='bbox 1014 5197 1262 5259; x_wconf 81' lang='lat' dir='ltr'><strong>Deitatis,</strong></span> <span class='ocrx_word' id='word_1_624' title='bbox 1290 5206 1345 5250; x_wconf 91' lang='lat' dir='ltr'><strong>et</strong></span> <span class='ocrx_word' id='word_1_625' title='bbox 1376 5195 1545 5249; x_wconf 86' lang='lat' dir='ltr'><strong>solam</strong></span> <span class='ocrx_word' id='word_1_626' title='bbox 1569 5210 1815 5261; x_wconf 86' lang='lat' dir='ltr'><strong>causam,</strong></span> <span class='ocrx_word' id='word_1_627' title='bbox 1855 5206 1912 5250; x_wconf 83' lang='lat' dir='ltr'><strong>et</strong></span> <span class='ocrx_word' id='word_1_628' title='bbox 1937 5194 2110 5249; x_wconf 87' lang='lat' dir='ltr'><strong>solam</strong></span> <span class='ocrx_word' id='word_1_629' title='bbox 2142 5193 2311 5264; x_wconf 78' lang='lat' dir='ltr'><strong>origi-</strong></span> 
     </span>
    </p>
   </div>
   <div class='ocr_carea' id='block_1_85' title="bbox 728 5284 2313 5355">
    <p class='ocr_par' dir='ltr' id='par_1_85' title="bbox 728 5284 2313 5355">
     <span class='ocr_line' id='line_1_85' title="bbox 728 5284 2313 5355; baseline -0.003 -12"><span class='ocrx_word' id='word_1_630' title='bbox 728 5304 852 5343; x_wconf 84' lang='lat' dir='ltr'><strong>nem</strong></span> <span class='ocrx_word' id='word_1_631' title='bbox 886 5287 1432 5355; x_wconf 84' lang='lat' dir='ltr'><strong>supersubstantialis</strong></span> <span class='ocrx_word' id='word_1_632' title='bbox 1464 5286 1774 5341; x_wconf 87' lang='lat' dir='ltr'><strong>Divinitatis</strong></span> <span class='ocrx_word' id='word_1_633' title='bbox 1799 5330 1813 5354; x_wconf 89' lang='lat'><strong>,</strong></span> <span class='ocrx_word' id='word_1_634' title='bbox 1851 5295 1907 5340; x_wconf 87' lang='lat' dir='ltr'><strong>et</strong></span> <span class='ocrx_word' id='word_1_635' title='bbox 1932 5287 2110 5341; x_wconf 90' lang='lat' dir='ltr'><strong>solum</strong></span> <span class='ocrx_word' id='word_1_636' title='bbox 2158 5284 2313 5355; x_wconf 76' lang='lat' dir='ltr'><strong>geni-</strong></span> 
     </span>
    </p>
   </div>
   <div class='ocr_carea' id='block_1_86' title="bbox 732 5380 2314 5451">
    <p class='ocr_par' dir='ltr' id='par_1_86' title="bbox 732 5380 2314 5451">
     <span class='ocr_line' id='line_1_86' title="bbox 732 5380 2314 5451; baseline -0.003 -15"><span class='ocrx_word' id='word_1_637' title='bbox 732 5397 905 5436; x_wconf 77' lang='lat' dir='ltr'><strong>torem</strong></span> <span class='ocrx_word' id='word_1_638' title='bbox 969 5381 1136 5437; x_wconf 76' lang='lat' dir='ltr'><strong>simul</strong></span> <span class='ocrx_word' id='word_1_639' title='bbox 1193 5391 1248 5434; x_wconf 83' lang='lat' dir='ltr'><strong>et</strong></span> <span class='ocrx_word' id='word_1_640' title='bbox 1312 5380 1738 5451; x_wconf 89' lang='lat' dir='ltr'><strong>productorem,</strong></span> <span class='ocrx_word' id='word_1_641' title='bbox 1793 5390 1847 5435; x_wconf 90' lang='lat' dir='ltr'><strong>et</strong></span> <span class='ocrx_word' id='word_1_642' title='bbox 1910 5381 2056 5447; x_wconf 88' lang='lat' dir='ltr'><strong>alia,</strong></span> <span class='ocrx_word' id='word_1_643' title='bbox 2113 5380 2314 5450; x_wconf 88' lang='lat' dir='ltr'><strong>quibus</strong></span> 
     </span>
    </p>
   </div>
   <div class='ocr_carea' id='block_1_87' title="bbox 730 5473 2313 5545">
    <p class='ocr_par' dir='ltr' id='par_1_87' title="bbox 730 5473 2313 5545">
     <span class='ocr_line' id='line_1_87' title="bbox 730 5473 2313 5545; baseline -0.002 -17"><span class='ocrx_word' id='word_1_644' title='bbox 730 5492 907 5545; x_wconf 71' lang='lat' dir='ltr'><strong>ipsum</strong></span> <span class='ocrx_word' id='word_1_645' title='bbox 936 5476 1317 5545; x_wconf 78' lang='lat' dir='ltr'><strong>theologorum</strong></span> <span class='ocrx_word' id='word_1_646' title='bbox 1361 5474 1548 5528; x_wconf 87' lang='lat' dir='ltr'><strong>schola</strong></span> <span class='ocrx_word' id='word_1_647' title='bbox 1580 5474 1908 5528; x_wconf 85' lang='lat' dir='ltr'><strong>cohonestat</strong></span> <span class='ocrx_word' id='word_1_648' title='bbox 1936 5490 1951 5539; x_wconf 88' lang='lat'><strong>;</strong></span> <span class='ocrx_word' id='word_1_649' title='bbox 1992 5488 2101 5527; x_wconf 88' lang='lat' dir='ltr'><strong>non</strong></span> <span class='ocrx_word' id='word_1_650' title='bbox 2135 5473 2313 5526; x_wconf 86' lang='lat' dir='ltr'><strong>solum</strong></span> 
     </span>
    </p>
   </div>
   <div class='ocr_carea' id='block_1_88' title="bbox 730 5566 2316 5639">
    <p class='ocr_par' dir='ltr' id='par_1_88' title="bbox 730 5566 2316 5639">
     <span class='ocr_line' id='line_1_88' title="bbox 730 5566 2316 5639; baseline -0.002 -16"><span class='ocrx_word' id='word_1_651' title='bbox 730 5570 876 5639; x_wconf 76' lang='lat' dir='ltr'><strong>quod</strong></span> <span class='ocrx_word' id='word_1_652' title='bbox 925 5570 1035 5639; x_wconf 83' lang='lat' dir='ltr'><strong>jam</strong></span> <span class='ocrx_word' id='word_1_653' title='bbox 1096 5570 1272 5623; x_wconf 78' lang='lat' dir='ltr'><strong>dictas</strong></span> <span class='ocrx_word' id='word_1_654' title='bbox 1322 5568 1611 5623; x_wconf 82' lang='lat' dir='ltr'><strong>facultates</strong></span> <span class='ocrx_word' id='word_1_655' title='bbox 1651 5580 1815 5637; x_wconf 86' lang='lat' dir='ltr'><strong>atque</strong></span> <span class='ocrx_word' id='word_1_656' title='bbox 1864 5566 2235 5621; x_wconf 88' lang='lat' dir='ltr'><strong>fecunditates</strong></span> <span class='ocrx_word' id='word_1_657' title='bbox 2285 5582 2316 5620; x_wconf 89' lang='lat' dir='ltr'><strong>a</strong></span> 
     </span>
    </p>
   </div>
   <div class='ocr_carea' id='block_1_89' title="bbox 730 5658 2313 5731">
    <p class='ocr_par' dir='ltr' id='par_1_89' title="bbox 730 5658 2313 5731">
     <span class='ocr_line' id='line_1_89' title="bbox 730 5658 2313 5731; baseline -0.003 -17"><span class='ocrx_word' id='word_1_658' title='bbox 730 5663 950 5714; x_wconf 70' lang='lat' dir='ltr'><strong>neruine</strong></span> <span class='ocrx_word' id='word_1_659' title='bbox 994 5663 1225 5726; x_wconf 81' lang='lat' dir='ltr'><strong>habeat,</strong></span> <span class='ocrx_word' id='word_1_660' title='bbox 1269 5661 1537 5731; x_wconf 84' lang='lat' dir='ltr'><strong>sedquod</strong></span> <span class='ocrx_word' id='word_1_661' title='bbox 1589 5662 1702 5730; x_wconf 88' lang='lat' dir='ltr'><strong>ipse</strong></span> <span class='ocrx_word' id='word_1_662' title='bbox 1735 5660 1882 5714; x_wconf 82' lang='lat' dir='ltr'><strong>solus</strong></span> <span class='ocrx_word' id='word_1_663' title='bbox 1926 5660 1995 5714; x_wconf 78' lang='lat' dir='ltr'><strong>sit</strong></span> <span class='ocrx_word' id='word_1_664' title='bbox 2037 5658 2213 5714; x_wconf 86' lang='lat' dir='ltr'><strong>solum</strong></span> <span class='ocrx_word' id='word_1_665' title='bbox 2261 5658 2313 5711; x_wconf 87' lang='lat' dir='ltr'><strong>in</strong></span> 
     </span>
    </p>
   </div>
   <div class='ocr_carea' id='block_1_90' title="bbox 730 5750 2313 5822">
    <p class='ocr_par' dir='ltr' id='par_1_90' title="bbox 730 5750 2313 5822">
     <span class='ocr_line' id='line_1_90' title="bbox 730 5750 2313 5822; baseline -0.006 -13"><span class='ocrx_word' id='word_1_666' title='bbox 730 5754 931 5809; x_wconf 69' lang='lat' dir='ltr'><strong>dtt‘tnis</strong></span> <span class='ocrx_word' id='word_1_667' title='bbox 967 5754 1296 5820; x_wconf 79' lang='lat' dir='ltr'><strong>produccns.</strong></span> <span class='ocrx_word' id='word_1_668' title='bbox 1338 5753 1455 5822; x_wconf 72' lang='lat' dir='ltr'><strong>Ipse</strong></span> <span class='ocrx_word' id='word_1_669' title='bbox 1494 5755 1697 5806; x_wconf 79' lang='lat' dir='ltr'><strong>etenim</strong></span> <span class='ocrx_word' id='word_1_670' title='bbox 1744 5753 1896 5805; x_wconf 85' lang='lat' dir='ltr'><strong>solus</strong></span> <span class='ocrx_word' id='word_1_671' title='bbox 1928 5759 2032 5815; x_wconf 86' lang='lat' dir='ltr'><strong>est,</strong></span> <span class='ocrx_word' id='word_1_672' title='bbox 2064 5750 2159 5820; x_wconf 87' lang='lat' dir='ltr'><strong>qui</strong></span> <span class='ocrx_word' id='word_1_673' title='bbox 2206 5751 2313 5820; x_wconf 85' lang='lat' dir='ltr'><strong>jam</strong></span> 
     </span>
    </p>
   </div>
   <div class='ocr_carea' id='block_1_91' title="bbox 730 5844 2318 5913">
    <p class='ocr_par' dir='ltr' id='par_1_91' title="bbox 730 5844 2318 5913">
     <span class='ocr_line' id='line_1_91' title="bbox 730 5844 2318 5913; baseline -0.002 -14"><span class='ocrx_word' id='word_1_674' title='bbox 730 5846 886 5900; x_wconf 57' lang='lat' dir='ltr'><strong>dictis</strong></span> <span class='ocrx_word' id='word_1_675' title='bbox 940 5845 1287 5902; x_wconf 74' lang='lat' dir='ltr'><strong>facultatibus</strong></span> <span class='ocrx_word' id='word_1_676' title='bbox 1319 5846 1485 5900; x_wconf 80' lang='lat' dir='ltr'><strong>veluti</strong></span> <span class='ocrx_word' id='word_1_677' title='bbox 1543 5846 1664 5899; x_wconf 83' lang='lat' dir='ltr'><strong>fons</strong></span> <span class='ocrx_word' id='word_1_678' title='bbox 1721 5856 1775 5899; x_wconf 87' lang='lat' dir='ltr'><strong>et</strong></span> <span class='ocrx_word' id='word_1_679' title='bbox 1828 5844 2195 5913; x_wconf 83' lang='lat' dir='ltr'><strong>principium,</strong></span> <span class='ocrx_word' id='word_1_680' title='bbox 2263 5858 2318 5896; x_wconf 87' lang='lat' dir='ltr'><strong>et</strong></span> 
     </span>
    </p>
   </div>
   <div class='ocr_carea' id='block_1_92' title="bbox 2397 3294 3996 3377">
    <p class='ocr_par' dir='ltr' id='par_1_92' title="bbox 2397 3294 3996 3377">
     <span class='ocr_line' id='line_1_92' title="bbox 2397 3294 3996 3377; baseline -0.011 -16"><span class='ocrx_word' id='word_1_681' title='bbox 2397 3310 2607 3377; x_wconf 82' lang='grc' dir='ltr'>ἀγεται.</span> <span class='ocrx_word' id='word_1_682' title='bbox 2640 3306 2720 3358; x_wconf 74' lang='lat' dir='ltr'><strong>Ti</strong></span> <span class='ocrx_word' id='word_1_683' title='bbox 2748 3304 2805 3357; x_wconf 77' lang='grc' dir='ltr'><strong>δὲ</strong></span> <span class='ocrx_word' id='word_1_684' title='bbox 2830 3303 2937 3371; x_wconf 77' lang='grc' dir='ltr'>ἄρα</span> <span class='ocrx_word' id='word_1_685' title='bbox 2967 3301 3093 3364; x_wconf 81' lang='grc' dir='ltr'>νοῦς</span> <span class='ocrx_word' id='word_1_686' title='bbox 3114 3299 3180 3353; x_wconf 75' lang='grc' dir='ltr'>ἂν</span> <span class='ocrx_word' id='word_1_687' title='bbox 3206 3295 3318 3353; x_wconf 83' lang='grc' dir='ltr'>εἷεν</span> <span class='ocrx_word' id='word_1_688' title='bbox 3350 3298 3446 3350; x_wconf 73' lang='grc' dir='ltr'><strong>καὶ</strong></span> <span class='ocrx_word' id='word_1_689' title='bbox 3473 3295 3767 3366; x_wconf 81' lang='grc' dir='ltr'>βούλησις,</span> <span class='ocrx_word' id='word_1_690' title='bbox 3828 3294 3860 3345; x_wconf 77' lang='grc' dir='ltr'>ὁ</span> <span class='ocrx_word' id='word_1_691' title='bbox 3894 3296 3996 3362; x_wconf 76' lang='grc' dir='ltr'>μὲν</span> 
     </span>
    </p>
   </div>
   <div class='ocr_carea' id='block_1_93' title="bbox 2397 3385 4000 3472">
    <p class='ocr_par' dir='ltr' id='par_1_93' title="bbox 2397 3385 4000 3472">
     <span class='ocr_line' id='line_1_93' title="bbox 2397 3385 4000 3472; baseline -0.011 -17"><span class='ocrx_word' id='word_1_692' title='bbox 2397 3404 2514 3472; x_wconf 75' lang='grc' dir='ltr'><strong>ἅμα</strong></span> <span class='ocrx_word' id='word_1_693' title='bbox 2545 3402 2610 3471; x_wconf 78' lang='grc' dir='ltr'>τῇ</span> <span class='ocrx_word' id='word_1_694' title='bbox 2642 3398 2805 3469; x_wconf 77' lang='grc' dir='ltr'>οὐσία</span> <span class='ocrx_word' id='word_1_695' title='bbox 2864 3385 3008 3467; x_wconf 59' lang='grc' dir='ltr'><strong>ἀρχὴ</strong></span> <span class='ocrx_word' id='word_1_696' title='bbox 3056 3394 3152 3449; x_wconf 72' lang='grc' dir='ltr'><strong>καὶ</strong></span> <span class='ocrx_word' id='word_1_697' title='bbox 3208 3392 3442 3463; x_wconf 72' lang='grc' dir='ltr'>δύναμις</span> <span class='ocrx_word' id='word_1_698' title='bbox 3486 3390 3563 3442; x_wconf 83' lang='grc' dir='ltr'>ὣν</span> <span class='ocrx_word' id='word_1_699' title='bbox 3614 3386 4000 3458; x_wconf 70' lang='grc' dir='ltr'>δι’ὲνεργείας</span> 
     </span>
    </p>
   </div>
   <div class='ocr_carea' id='block_1_94' title="bbox 2396 3481 4001 3564">
    <p class='ocr_par' dir='ltr' id='par_1_94' title="bbox 2396 3481 4001 3564">
     <span class='ocr_line' id='line_1_94' title="bbox 2396 3481 4001 3564; baseline -0.011 -17"><span class='ocrx_word' id='word_1_700' title='bbox 2396 3496 2495 3564; x_wconf 78' lang='grc' dir='ltr'>τῆς</span> <span class='ocrx_word' id='word_1_701' title='bbox 2521 3496 2851 3562; x_wconf 76' lang='grc' dir='ltr'>γεννήσεως,</span> <span class='ocrx_word' id='word_1_702' title='bbox 2887 3486 3205 3559; x_wconf 80' lang='grc' dir='ltr'>παρακτικὴ</span> <span class='ocrx_word' id='word_1_703' title='bbox 3233 3483 3329 3538; x_wconf 88' lang='grc' dir='ltr'><strong>τοῦ</strong></span> <span class='ocrx_word' id='word_1_704' title='bbox 3363 3482 3521 3536; x_wconf 80' lang='grc' dir='ltr'>Υίοῦ·</span> <span class='ocrx_word' id='word_1_705' title='bbox 3553 3481 3637 3534; x_wconf 74' lang='grc' dir='ltr'>διὸ</span> <span class='ocrx_word' id='word_1_706' title='bbox 3668 3481 3773 3533; x_wconf 72' lang='grc' dir='ltr'>καὶ</span> <span class='ocrx_word' id='word_1_707' title='bbox 3814 3481 4001 3548; x_wconf 75' lang='grc' dir='ltr'>Λόγος</span> 
     </span>
    </p>
   </div>
   <div class='ocr_carea' id='block_1_95' title="bbox 2395 3573 4003 3651">
    <p class='ocr_par' dir='ltr' id='par_1_95' title="bbox 2395 3573 4003 3651">
     <span class='ocr_line' id='line_1_95' title="bbox 2395 3573 4003 3651; baseline -0.009 -10"><span class='ocrx_word' id='word_1_708' title='bbox 2395 3591 2422 3642; x_wconf 78' lang='grc' dir='ltr'>ὁ</span> <span class='ocrx_word' id='word_1_709' title='bbox 2445 3587 2538 3640; x_wconf 85' lang='grc' dir='ltr'><strong>τοῦ</strong></span> <span class='ocrx_word' id='word_1_710' title='bbox 2569 3584 2704 3639; x_wconf 86' lang='grc' dir='ltr'>Θεοῦ</span> <span class='ocrx_word' id='word_1_711' title='bbox 2731 3584 2860 3647; x_wconf 80' lang='grc' dir='ltr'>Υἱὸς</span> <span class='ocrx_word' id='word_1_712' title='bbox 2903 3582 3011 3636; x_wconf 76' lang='grc' dir='ltr'>ὐπὸ</span> <span class='ocrx_word' id='word_1_713' title='bbox 3048 3581 3145 3651; x_wconf 84' lang='grc' dir='ltr'>τῆς</span> <span class='ocrx_word' id='word_1_714' title='bbox 3176 3578 3433 3645; x_wconf 82' lang='grc' dir='ltr'>Θεολόγου</span> <span class='ocrx_word' id='word_1_715' title='bbox 3488 3575 3729 3644; x_wconf 83' lang='grc' dir='ltr'>βροντῆς</span> <span class='ocrx_word' id='word_1_716' title='bbox 3771 3573 4003 3645; x_wconf 78' lang='grc' dir='ltr'>ὠνόμαο</span> 
     </span>
    </p>
   </div>
   <div class='ocr_carea' id='block_1_96' title="bbox 2400 3666 4005 3747">
    <p class='ocr_par' dir='ltr' id='par_1_96' title="bbox 2400 3666 4005 3747">
     <span class='ocr_line' id='line_1_96' title="bbox 2400 3666 4005 3747; baseline -0.01 -14"><span class='ocrx_word' id='word_1_717' title='bbox 2400 3695 2544 3733; x_wconf 73' lang='grc' dir='ltr'>σταιο</span> <span class='ocrx_word' id='word_1_718' title='bbox 2571 3676 2666 3731; x_wconf 92' lang='grc' dir='ltr'><strong>νοῦ</strong></span> <span class='ocrx_word' id='word_1_719' title='bbox 2701 3677 2807 3747; x_wconf 84' lang='grc' dir='ltr'>γὰρ</span> <span class='ocrx_word' id='word_1_720' title='bbox 2841 3675 3095 3744; x_wconf 81' lang='grc' dir='ltr'>γέννημα</span> <span class='ocrx_word' id='word_1_721' title='bbox 3125 3670 3308 3739; x_wconf 80' lang='grc' dir='ltr'>λόγος’</span> <span class='ocrx_word' id='word_1_722' title='bbox 3359 3672 3393 3741; x_wconf 81' lang='grc' dir='ltr'>ή</span> <span class='ocrx_word' id='word_1_723' title='bbox 3444 3668 3487 3720; x_wconf 82' lang='grc' dir='ltr'><strong>δ’</strong></span> <span class='ocrx_word' id='word_1_724' title='bbox 3526 3666 3591 3720; x_wconf 83' lang='grc' dir='ltr'><strong>αὖ</strong></span> <span class='ocrx_word' id='word_1_725' title='bbox 3647 3666 3886 3738; x_wconf 73' lang='grc' dir='ltr'>σύναμα</span> <span class='ocrx_word' id='word_1_726' title='bbox 3938 3670 4005 3736; x_wconf 77' lang='grc' dir='ltr'>τῇ</span> 
     </span>
    </p>
   </div>
   <div class='ocr_carea' id='block_1_97' title="bbox 2398 3755 4009 3842">
    <p class='ocr_par' dir='ltr' id='par_1_97' title="bbox 2398 3755 4009 3842">
     <span class='ocr_line' id='line_1_97' title="bbox 2398 3755 4009 3842; baseline -0.009 -18"><span class='ocrx_word' id='word_1_727' title='bbox 2398 3772 2537 3842; x_wconf 85' lang='grc' dir='ltr'>αὐτῇ</span> <span class='ocrx_word' id='word_1_728' title='bbox 2564 3770 2722 3840; x_wconf 84' lang='grc' dir='ltr'>οὐσίᾳ</span> <span class='ocrx_word' id='word_1_729' title='bbox 2758 3769 2792 3839; x_wconf 79' lang='grc' dir='ltr'><strong>ἡ</strong></span> <span class='ocrx_word' id='word_1_730' title='bbox 2829 3767 3105 3838; x_wconf 83' lang='grc' dir='ltr'>βούλησις,</span> <span class='ocrx_word' id='word_1_731' title='bbox 3132 3764 3277 3836; x_wconf 76' lang='grc' dir='ltr'>ἀρχὴ</span> <span class='ocrx_word' id='word_1_732' title='bbox 3320 3764 3415 3815; x_wconf 74' lang='grc' dir='ltr'><strong>καὶ</strong></span> <span class='ocrx_word' id='word_1_733' title='bbox 3454 3761 3689 3829; x_wconf 83' lang='grc' dir='ltr'>δύναμις</span> <span class='ocrx_word' id='word_1_734' title='bbox 3733 3755 3884 3813; x_wconf 73' lang='grc' dir='ltr'>οὖσα</span> <span class='ocrx_word' id='word_1_735' title='bbox 3940 3758 4009 3811; x_wconf 77' lang='grc' dir='ltr'><strong>δι’</strong></span> 
     </span>
    </p>
   </div>
   <div class='ocr_carea' id='block_1_98' title="bbox 2401 3850 4016 3934">
    <p class='ocr_par' dir='ltr' id='par_1_98' title="bbox 2401 3850 4016 3934">
     <span class='ocr_line' id='line_1_98' title="bbox 2401 3850 4016 3934; baseline -0.007 -21"><span class='ocrx_word' id='word_1_736' title='bbox 2401 3864 2487 3916; x_wconf 86' lang='grc' dir='ltr'>ὲνε</span> <span class='ocrx_word' id='word_1_737' title='bbox 2506 3860 2701 3934; x_wconf 87' lang='grc' dir='ltr'>ργείας</span> <span class='ocrx_word' id='word_1_738' title='bbox 2731 3861 2830 3929; x_wconf 69' lang='grc' dir='ltr'><strong>τῆς</strong></span> <span class='ocrx_word' id='word_1_739' title='bbox 2885 3856 3179 3927; x_wconf 69' lang='grc' dir='ltr'>προϐολῆς,</span> <span class='ocrx_word' id='word_1_740' title='bbox 3231 3854 3265 3925; x_wconf 80' lang='grc' dir='ltr'>ἢ</span> <span class='ocrx_word' id='word_1_741' title='bbox 3324 3851 3599 3912; x_wconf 83' lang='grc' dir='ltr'>πνεύσεως</span> <span class='ocrx_word' id='word_1_742' title='bbox 3640 3850 4016 3918; x_wconf 74' lang='grc' dir='ltr'>παρακτιιὴ,</span> 
     </span>
    </p>
   </div>
   <div class='ocr_carea' id='block_1_99' title="bbox 2397 3943 4011 4025">
    <p class='ocr_par' dir='ltr' id='par_1_99' title="bbox 2397 3943 4011 4025">
     <span class='ocr_line' id='line_1_99' title="bbox 2397 3943 4011 4025; baseline -0.018 -6"><span class='ocrx_word' id='word_1_743' title='bbox 2397 3957 2499 4025; x_wconf 72' lang='grc' dir='ltr'><strong>τῆς</strong></span> <span class='ocrx_word' id='word_1_744' title='bbox 2528 3955 2625 4009; x_wconf 77' lang='grc' dir='ltr'>τοῦ</span> <span class='ocrx_word' id='word_1_745' title='bbox 2661 3953 2819 4021; x_wconf 79' lang='grc' dir='ltr'>ἁγίου</span> <span class='ocrx_word' id='word_1_746' title='bbox 2851 3948 3172 4019; x_wconf 81' lang='grc' dir='ltr'>Πνεῦματος</span> <span class='ocrx_word' id='word_1_747' title='bbox 3208 3945 3589 4009; x_wconf 70' lang='grc' dir='ltr'>ὑποστάσεως,</span> <span class='ocrx_word' id='word_1_748' title='bbox 3648 3943 3753 4011; x_wconf 83' lang='grc' dir='ltr'>οὐχ</span> <span class='ocrx_word' id='word_1_749' title='bbox 3801 3945 3883 4005; x_wconf 79' lang='grc' dir='ltr'>ὡς</span> <span class='ocrx_word' id='word_1_750' title='bbox 3914 3944 4011 4011; x_wconf 55' lang='lat' dir='ltr'><strong>ap-</strong></span> 
     </span>
    </p>
   </div>
   <div class='ocr_carea' id='block_1_100' title="bbox 2401 4037 4009 4120">
    <p class='ocr_par' dir='ltr' id='par_1_100' title="bbox 2401 4037 4009 4120">
     <span class='ocr_line' id='line_1_100' title="bbox 2401 4037 4009 4120; baseline -0.009 -18"><span class='ocrx_word' id='word_1_751' title='bbox 2401 4050 2470 4120; x_wconf 68' lang='grc' dir='ltr'><strong>χὴ</strong></span> <span class='ocrx_word' id='word_1_752' title='bbox 2488 4046 2861 4114; x_wconf 79' lang='grc' dir='ltr'>αὐτεξούσιος,</span> <span class='ocrx_word' id='word_1_753' title='bbox 2909 4042 3024 4097; x_wconf 80' lang='grc' dir='ltr'>ἀλλ’</span> <span class='ocrx_word' id='word_1_754' title='bbox 3053 4041 3127 4104; x_wconf 83' lang='grc' dir='ltr'>ὼς</span> <span class='ocrx_word' id='word_1_755' title='bbox 3169 4039 3446 4108; x_wconf 72' lang='grc' dir='ltr'>ἀναγκαῖα</span> <span class='ocrx_word' id='word_1_756' title='bbox 3501 4039 3594 4089; x_wconf 78' lang='grc' dir='ltr'>καὶ</span> <span class='ocrx_word' id='word_1_757' title='bbox 3656 4037 3883 4106; x_wconf 74' lang='grc' dir='ltr'>φυσική</span> <span class='ocrx_word' id='word_1_758' title='bbox 3929 4053 4009 4097; x_wconf 79' lang='grc' dir='ltr'><strong>τις</strong></span> 
     </span>
    </p>
   </div>
   <div class='ocr_carea' id='block_1_101' title="bbox 2399 4126 4009 4209">
    <p class='ocr_par' dir='ltr' id='par_1_101' title="bbox 2399 4126 4009 4209">
     <span class='ocr_line' id='line_1_101' title="bbox 2399 4126 4009 4209; baseline -0.011 -16"><span class='ocrx_word' id='word_1_759' title='bbox 2399 4139 2629 4209; x_wconf 80' lang='grc' dir='ltr'>δύναμις</span> <span class='ocrx_word' id='word_1_760' title='bbox 2692 4137 2784 4190; x_wconf 77' lang='grc' dir='ltr'><strong>καὶ</strong></span> <span class='ocrx_word' id='word_1_761' title='bbox 2840 4135 2982 4204; x_wconf 83' lang='grc' dir='ltr'><strong>ἀρχή</strong></span> <span class='ocrx_word' id='word_1_762' title='bbox 3016 4148 3029 4163; x_wconf 74' lang='grc' dir='ltr'><strong><em>ο</em></strong></span> <span class='ocrx_word' id='word_1_763' title='bbox 3069 4132 3150 4185; x_wconf 83' lang='grc' dir='ltr'>διὸ</span> <span class='ocrx_word' id='word_1_764' title='bbox 3209 4130 3350 4201; x_wconf 66' lang='grc' dir='ltr'>πρὸς</span> <span class='ocrx_word' id='word_1_765' title='bbox 3425 4128 3535 4180; x_wconf 84' lang='grc' dir='ltr'><strong>τῶν</strong></span> <span class='ocrx_word' id='word_1_766' title='bbox 3586 4126 4009 4193; x_wconf 72' lang='grc' dir='ltr'>θεοὶογούντων</span> 
     </span>
    </p>
   </div>
   <div class='ocr_carea' id='block_1_102' title="bbox 2400 4219 4043 4300">
    <p class='ocr_par' dir='ltr' id='par_1_102' title="bbox 2400 4219 4043 4300">
     <span class='ocr_line' id='line_1_102' title="bbox 2400 4219 4043 4300; baseline -0.009 -15"><span class='ocrx_word' id='word_1_767' title='bbox 2400 4233 2591 4300; x_wconf 68' lang='grc' dir='ltr'>ἀγάπη</span> <span class='ocrx_word' id='word_1_768' title='bbox 2631 4228 2692 4281; x_wconf 85' lang='grc' dir='ltr'><strong>τὸ</strong></span> <span class='ocrx_word' id='word_1_769' title='bbox 2724 4224 3165 4299; x_wconf 14' lang='grc' dir='ltr'>Οεῖοννκέκληται</span> <span class='ocrx_word' id='word_1_770' title='bbox 3196 4220 3443 4290; x_wconf 80' lang='grc' dir='ltr'>Πνεῦμα.</span> <span class='ocrx_word' id='word_1_771' title='bbox 3475 4219 3586 4288; x_wconf 78' lang='grc' dir='ltr'><strong>Τῆς</strong></span> <span class='ocrx_word' id='word_1_772' title='bbox 3631 4221 3746 4289; x_wconf 79' lang='grc' dir='ltr'><strong>γὰρ</strong></span> <span class='ocrx_word' id='word_1_773' title='bbox 3776 4222 4009 4289; x_wconf 67' lang='grc' dir='ltr'>ἀγάπης</span> <span class='ocrx_word' id='word_1_774' title='bbox 4040 4266 4043 4273; x_wconf 88' lang='grc'><strong>,</strong></span> 
     </span>
    </p>
   </div>
   <div class='ocr_carea' id='block_1_103' title="bbox 2403 4311 4012 4394">
    <p class='ocr_par' dir='ltr' id='par_1_103' title="bbox 2403 4311 4012 4394">
     <span class='ocr_line' id='line_1_103' title="bbox 2403 4311 4012 4394; baseline -0.009 -17"><span class='ocrx_word' id='word_1_775' title='bbox 2403 4325 2437 4394; x_wconf 81' lang='grc' dir='ltr'><strong>ἡ</strong></span> <span class='ocrx_word' id='word_1_776' title='bbox 2471 4322 2700 4391; x_wconf 82' lang='grc' dir='ltr'>δύναμις</span> <span class='ocrx_word' id='word_1_777' title='bbox 2752 4318 3032 4389; x_wconf 80' lang='grc' dir='ltr'>βούλησις.</span> <span class='ocrx_word' id='word_1_778' title='bbox 3076 4314 3304 4385; x_wconf 82' lang='grc' dir='ltr'>Ξυνᾴδει</span> <span class='ocrx_word' id='word_1_779' title='bbox 3344 4313 3398 4365; x_wconf 79' lang='grc' dir='ltr'><strong>δὲ</strong></span> <span class='ocrx_word' id='word_1_780' title='bbox 3443 4311 3511 4364; x_wconf 77' lang='grc' dir='ltr'>τὰ</span> <span class='ocrx_word' id='word_1_781' title='bbox 3551 4311 3843 4380; x_wconf 76' lang='grc' dir='ltr'>λεγόμενα</span> <span class='ocrx_word' id='word_1_782' title='bbox 3892 4316 4012 4374; x_wconf 64' lang='grc' dir='ltr'>ταῖς</span> 
     </span>
    </p>
   </div>
   <div class='ocr_carea' id='block_1_104' title="bbox 2406 4402 4012 4481">
    <p class='ocr_par' dir='ltr' id='par_1_104' title="bbox 2406 4402 4012 4481">
     <span class='ocr_line' id='line_1_104' title="bbox 2406 4402 4012 4481; baseline -0.008 -13"><span class='ocrx_word' id='word_1_783' title='bbox 2406 4416 2509 4469; x_wconf 81' lang='grc' dir='ltr'><strong>τῶν</strong></span> <span class='ocrx_word' id='word_1_784' title='bbox 2542 4412 2939 4481; x_wconf 80' lang='grc' dir='ltr'>θεο).ογούντων</span> <span class='ocrx_word' id='word_1_785' title='bbox 2971 4409 3200 4478; x_wconf 82' lang='grc' dir='ltr'>φωναῖς,</span> <span class='ocrx_word' id='word_1_786' title='bbox 3225 4406 3325 4477; x_wconf 85' lang='grc' dir='ltr'><strong>οὐχ</strong></span> <span class='ocrx_word' id='word_1_787' title='bbox 3350 4402 3514 4478; x_wconf 80' lang='grc' dir='ltr'>ἧττον</span> <span class='ocrx_word' id='word_1_788' title='bbox 3536 4403 3594 4456; x_wconf 75' lang='grc' dir='ltr'>δὲ</span> <span class='ocrx_word' id='word_1_789' title='bbox 3628 4406 3745 4465; x_wconf 86' lang='grc' dir='ltr'>τοῖς</span> <span class='ocrx_word' id='word_1_790' title='bbox 3776 4406 4012 4475; x_wconf 77' lang='grc' dir='ltr'>εἰρημέ-</span> 
     </span>
    </p>
   </div>
   <div class='ocr_carea' id='block_1_105' title="bbox 2408 4496 4011 4571">
    <p class='ocr_par' dir='ltr' id='par_1_105' title="bbox 2408 4496 4011 4571">
     <span class='ocr_line' id='line_1_105' title="bbox 2408 4496 4011 4571; baseline -0.006 -12"><span class='ocrx_word' id='word_1_791' title='bbox 2408 4524 2518 4570; x_wconf 81' lang='grc' dir='ltr'>νοις</span> <span class='ocrx_word' id='word_1_792' title='bbox 2550 4505 2657 4559; x_wconf 77' lang='grc' dir='ltr'><strong>ὐπὸ</strong></span> <span class='ocrx_word' id='word_1_793' title='bbox 2686 4503 2783 4557; x_wconf 85' lang='grc' dir='ltr'><strong>τοῦ</strong></span> <span class='ocrx_word' id='word_1_794' title='bbox 2818 4502 2967 4571; x_wconf 74' lang='grc' dir='ltr'>ἱεροῦ</span> <span class='ocrx_word' id='word_1_795' title='bbox 2995 4499 3366 4568; x_wconf 72' lang='grc' dir='ltr'>Αὐγουστίνου</span> <span class='ocrx_word' id='word_1_796' title='bbox 3419 4499 3478 4549; x_wconf 84' lang='grc' dir='ltr'>ὲν</span> <span class='ocrx_word' id='word_1_797' title='bbox 3531 4496 3610 4567; x_wconf 84' lang='grc' dir='ltr'>τῷ</span> <span class='ocrx_word' id='word_1_798' title='bbox 3656 4499 3813 4566; x_wconf 74' lang='grc' dir='ltr'>Περὶ</span> <span class='ocrx_word' id='word_1_799' title='bbox 3849 4501 4011 4566; x_wconf 65' lang='grc' dir='ltr'><strong>Τριάο</strong></span> 
     </span>
    </p>
   </div>
   <div class='ocr_carea' id='block_1_106' title="bbox 2360 4560 4011 4665">
    <p class='ocr_par' dir='ltr' id='par_1_106' title="bbox 2360 4560 4011 4665">
     <span class='ocr_line' id='line_1_106' title="bbox 2360 4560 4011 4665; baseline -0.005 -16"><span class='ocrx_word' id='word_1_800' title='bbox 2360 4560 2378 4604; x_wconf 63' lang='lat'><strong>)</strong></span> <span class='ocrx_word' id='word_1_801' title='bbox 2404 4560 2516 4660; x_wconf 62' lang='lat' dir='ltr'><strong>60c:</strong></span> <span class='ocrx_word' id='word_1_802' title='bbox 2540 4594 2753 4665; x_wconf 73' lang='grc' dir='ltr'>βιϐλίῳ,</span> <span class='ocrx_word' id='word_1_803' title='bbox 2784 4594 2841 4646; x_wconf 78' lang='grc' dir='ltr'>ἐν</span> <span class='ocrx_word' id='word_1_804' title='bbox 2867 4560 2950 4653; x_wconf 75' lang='grc' dir='ltr'><strong>οἷς</strong></span> <span class='ocrx_word' id='word_1_805' title='bbox 2995 4560 3103 4644; x_wconf 42' lang='grc' dir='ltr'>καὶ.</span> <span class='ocrx_word' id='word_1_806' title='bbox 3130 4590 3357 4659; x_wconf 85' lang='grc' dir='ltr'>μνήμην</span> <span class='ocrx_word' id='word_1_807' title='bbox 3418 4586 3519 4656; x_wconf 75' lang='grc' dir='ltr'>μὲν</span> <span class='ocrx_word' id='word_1_808' title='bbox 3580 4560 3687 4658; x_wconf 64' lang='grc' dir='ltr'>τὴν</span> <span class='ocrx_word' id='word_1_809' title='bbox 3738 4560 4011 4659; x_wconf 45' lang='grc' dir='ltr'>γεννητι-</span> 
     </span>
    </p>
   </div>
   <div class='ocr_carea' id='block_1_107' title="bbox 2408 4680 4011 4759">
    <p class='ocr_par' dir='ltr' id='par_1_107' title="bbox 2408 4680 4011 4759">
     <span class='ocr_line' id='line_1_107' title="bbox 2408 4680 4011 4759; baseline -0.004 -18"><span class='ocrx_word' id='word_1_810' title='bbox 2408 4690 2530 4759; x_wconf 69' lang='grc' dir='ltr'>κῆν,</span> <span class='ocrx_word' id='word_1_811' title='bbox 2575 4687 2831 4758; x_wconf 78' lang='grc' dir='ltr'>βούλησιν</span> <span class='ocrx_word' id='word_1_812' title='bbox 2889 4684 2945 4737; x_wconf 83' lang='grc' dir='ltr'><strong>δὲ</strong></span> <span class='ocrx_word' id='word_1_813' title='bbox 3010 4684 3110 4753; x_wconf 78' lang='grc' dir='ltr'>τὴν</span> <span class='ocrx_word' id='word_1_814' title='bbox 3184 4680 3525 4748; x_wconf 74' lang='grc' dir='ltr'>πνευστικὴν</span> <span class='ocrx_word' id='word_1_815' title='bbox 3591 4681 3840 4735; x_wconf 73' lang='grc' dir='ltr'>ἐκάλεσε</span> <span class='ocrx_word' id='word_1_816' title='bbox 3917 4684 4011 4736; x_wconf 74' lang='grc' dir='ltr'><strong>δῦ-</strong></span> 
     </span>
    </p>
   </div>
   <div class='ocr_carea' id='block_1_108' title="bbox 2410 4801 2593 4854">
    <p class='ocr_par' dir='ltr' id='par_1_108' title="bbox 2410 4801 2593 4854">
     <span class='ocr_line' id='line_1_108' title="bbox 2410 4801 2593 4854; baseline -0.016 -17"><span class='ocrx_word' id='word_1_817' title='bbox 2410 4801 2593 4854; x_wconf 75' lang='grc' dir='ltr'>ναμιν.</span> 
     </span>
    </p>
   </div>
   <div class='ocr_carea' id='block_1_109' title="bbox 2486 5077 4019 5169">
    <p class='ocr_par' dir='ltr' id='par_1_109' title="bbox 2486 5077 4019 5169">
     <span class='ocr_line' id='line_1_109' title="bbox 2486 5077 4019 5169; baseline -0.001 -16"><span class='ocrx_word' id='word_1_818' title='bbox 2486 5100 2546 5153; x_wconf 83' lang='grc' dir='ltr'><strong>δ’.</strong></span> <span class='ocrx_word' id='word_1_819' title='bbox 2577 5098 2816 5169; x_wconf 78' lang='grc' dir='ltr'>Φανερδν</span> <span class='ocrx_word' id='word_1_820' title='bbox 2850 5090 2940 5151; x_wconf 86' lang='grc' dir='ltr'>οὖν</span> <span class='ocrx_word' id='word_1_821' title='bbox 2981 5098 3045 5150; x_wconf 80' lang='grc' dir='ltr'><strong>ὲκ</strong></span> <span class='ocrx_word' id='word_1_822' title='bbox 3085 5093 3191 5147; x_wconf 83' lang='grc' dir='ltr'>τῶν</span> <span class='ocrx_word' id='word_1_823' title='bbox 3220 5077 3548 5165; x_wconf 73' lang='grc' dir='ltr'>εἰρημένων,</span> <span class='ocrx_word' id='word_1_824' title='bbox 3600 5094 3687 5147; x_wconf 85' lang='grc' dir='ltr'>ὅτι</span> <span class='ocrx_word' id='word_1_825' title='bbox 3748 5098 3780 5149; x_wconf 85' lang='grc' dir='ltr'><em>ὁ</em></span> <span class='ocrx_word' id='word_1_826' title='bbox 3821 5096 4019 5166; x_wconf 62' lang='grc' dir='ltr'>Πατὴρ</span> 
     </span>
    </p>
   </div>
   <div class='ocr_carea' id='block_1_110' title="bbox 2424 5188 4021 5263">
    <p class='ocr_par' dir='ltr' id='par_1_110' title="bbox 2424 5188 4021 5263">
     <span class='ocr_line' id='line_1_110' title="bbox 2424 5188 4021 5263; baseline -0.004 -17"><span class='ocrx_word' id='word_1_827' title='bbox 2424 5194 2630 5263; x_wconf 79' lang='grc' dir='ltr'>πηγαία</span> <span class='ocrx_word' id='word_1_828' title='bbox 2661 5191 2873 5261; x_wconf 79' lang='grc' dir='ltr'>θεότης,</span> <span class='ocrx_word' id='word_1_829' title='bbox 2919 5191 3018 5243; x_wconf 77' lang='grc' dir='ltr'>καὶ</span> <span class='ocrx_word' id='word_1_830' title='bbox 3073 5191 3236 5260; x_wconf 89' lang='grc' dir='ltr'>μόνον</span> <span class='ocrx_word' id='word_1_831' title='bbox 3267 5188 3461 5252; x_wconf 87' lang='grc' dir='ltr'>αῐτιος,</span> <span class='ocrx_word' id='word_1_832' title='bbox 3509 5189 3606 5241; x_wconf 75' lang='grc' dir='ltr'><strong>καὶ</strong></span> <span class='ocrx_word' id='word_1_833' title='bbox 3655 5191 3821 5260; x_wconf 76' lang='grc' dir='ltr'>πηγὴ</span> <span class='ocrx_word' id='word_1_834' title='bbox 3880 5192 4021 5262; x_wconf 75' lang='grc' dir='ltr'>μόνη</span> 
     </span>
    </p>
   </div>
   <div class='ocr_carea' id='block_1_111' title="bbox 2415 5282 4019 5355">
    <p class='ocr_par' dir='ltr' id='par_1_111' title="bbox 2415 5282 4019 5355">
     <span class='ocr_line' id='line_1_111' title="bbox 2415 5282 4019 5355; baseline -0.002 -17"><span class='ocrx_word' id='word_1_835' title='bbox 2415 5286 2513 5355; x_wconf 80' lang='grc' dir='ltr'><strong>τῆς</strong></span> <span class='ocrx_word' id='word_1_836' title='bbox 2546 5285 2875 5354; x_wconf 78' lang='grc' dir='ltr'>ὐπερουσίου</span> <span class='ocrx_word' id='word_1_837' title='bbox 2898 5283 3184 5353; x_wconf 82' lang='grc' dir='ltr'>Θεότητος,</span> <span class='ocrx_word' id='word_1_838' title='bbox 3217 5282 3313 5335; x_wconf 78' lang='grc' dir='ltr'>καὶ</span> <span class='ocrx_word' id='word_1_839' title='bbox 3347 5284 3511 5350; x_wconf 83' lang='grc' dir='ltr'>μόνος</span> <span class='ocrx_word' id='word_1_840' title='bbox 3550 5284 3849 5350; x_wconf 79' lang='grc' dir='ltr'>γεννήτωρ</span> <span class='ocrx_word' id='word_1_841' title='bbox 3905 5285 4019 5349; x_wconf 68' lang='grc' dir='ltr'>ἄμα</span> 
     </span>
    </p>
   </div>
   <div class='ocr_carea' id='block_1_112' title="bbox 2418 5374 4021 5448">
    <p class='ocr_par' dir='ltr' id='par_1_112' title="bbox 2418 5374 4021 5448">
     <span class='ocr_line' id='line_1_112' title="bbox 2418 5374 4021 5448; baseline -0.007 -15"><span class='ocrx_word' id='word_1_842' title='bbox 2418 5380 2511 5433; x_wconf 70' lang='grc' dir='ltr'><strong>καὶ</strong></span> <span class='ocrx_word' id='word_1_843' title='bbox 2547 5378 2873 5448; x_wconf 66' lang='grc' dir='ltr'>προῦολεῦς,</span> <span class='ocrx_word' id='word_1_844' title='bbox 2906 5377 3006 5430; x_wconf 85' lang='grc' dir='ltr'>ὅσα</span> <span class='ocrx_word' id='word_1_845' title='bbox 3038 5376 3087 5430; x_wconf 84' lang='grc' dir='ltr'>τ’</span> <span class='ocrx_word' id='word_1_846' title='bbox 3118 5376 3257 5431; x_wconf 81' lang='grc' dir='ltr'>ἄλλα</span> <span class='ocrx_word' id='word_1_847' title='bbox 3285 5376 3424 5446; x_wconf 75' lang='grc' dir='ltr'>πρὸς</span> <span class='ocrx_word' id='word_1_848' title='bbox 3463 5374 3573 5427; x_wconf 84' lang='grc' dir='ltr'><strong>τῶν</strong></span> <span class='ocrx_word' id='word_1_849' title='bbox 3600 5374 4021 5442; x_wconf 69' lang='grc' dir='ltr'>Θεολογοῦντωτι</span> 
     </span>
    </p>
   </div>
   <div class='ocr_carea' id='block_1_113' title="bbox 2420 5466 4017 5542">
    <p class='ocr_par' dir='ltr' id='par_1_113' title="bbox 2420 5466 4017 5542">
     <span class='ocr_line' id='line_1_113' title="bbox 2420 5466 4017 5542; baseline -0.005 -16"><span class='ocrx_word' id='word_1_850' title='bbox 2420 5473 2760 5542; x_wconf 80' lang='grc' dir='ltr'>ὠνόμασται,</span> <span class='ocrx_word' id='word_1_851' title='bbox 2787 5471 2848 5523; x_wconf 84' lang='grc' dir='ltr'><strong>οὐ</strong></span> <span class='ocrx_word' id='word_1_852' title='bbox 2890 5471 3052 5540; x_wconf 89' lang='grc' dir='ltr'>μόνον</span> <span class='ocrx_word' id='word_1_853' title='bbox 3084 5469 3162 5535; x_wconf 82' lang='grc' dir='ltr'><strong>τῷ</strong></span> <span class='ocrx_word' id='word_1_854' title='bbox 3204 5470 3357 5538; x_wconf 71' lang='grc' dir='ltr'>παρὰ</span> <span class='ocrx_word' id='word_1_855' title='bbox 3409 5466 3639 5537; x_wconf 81' lang='grc' dir='ltr'>μηδενὸς</span> <span class='ocrx_word' id='word_1_856' title='bbox 3702 5467 3864 5535; x_wconf 72' lang='grc' dir='ltr'>ἔχειν</span> <span class='ocrx_word' id='word_1_857' title='bbox 3919 5469 4017 5527; x_wconf 60' lang='grc' dir='ltr'>τὰς</span> 
     </span>
    </p>
   </div>
   <div class='ocr_carea' id='block_1_114' title="bbox 2422 5559 4019 5636">
    <p class='ocr_par' dir='ltr' id='par_1_114' title="bbox 2422 5559 4019 5636">
     <span class='ocr_line' id='line_1_114' title="bbox 2422 5559 4019 5636; baseline -0.006 -17"><span class='ocrx_word' id='word_1_858' title='bbox 2422 5565 2723 5636; x_wconf 65' lang='grc' dir='ltr'>εἰρημένας</span> <span class='ocrx_word' id='word_1_859' title='bbox 2760 5562 3020 5632; x_wconf 78' lang='grc' dir='ltr'>δυνάμεις</span> <span class='ocrx_word' id='word_1_860' title='bbox 3057 5561 3150 5615; x_wconf 78' lang='grc' dir='ltr'>καὶ</span> <span class='ocrx_word' id='word_1_861' title='bbox 3182 5561 3568 5631; x_wconf 76' lang='grc' dir='ltr'>γονιμότητας,</span> <span class='ocrx_word' id='word_1_862' title='bbox 3620 5559 3764 5612; x_wconf 69' lang='grc' dir='ltr'>ἀλλὰ</span> <span class='ocrx_word' id='word_1_863' title='bbox 3805 5561 3913 5613; x_wconf 70' lang='grc' dir='ltr'>καὶ</span> <span class='ocrx_word' id='word_1_864' title='bbox 3946 5559 4019 5627; x_wconf 73' lang='grc' dir='ltr'>τῷ</span> 
     </span>
    </p>
   </div>
   <div class='ocr_carea' id='block_1_115' title="bbox 2429 5640 4019 5729">
    <p class='ocr_par' dir='ltr' id='par_1_115' title="bbox 2429 5648 4019 5729">
     <span class='ocr_line' id='line_1_115' title="bbox 2429 5648 4019 5729; baseline -0.007 -18"><span class='ocrx_word' id='word_1_865' title='bbox 2429 5659 2587 5729; x_wconf 81' lang='grc' dir='ltr'>μόνον</span> <span class='ocrx_word' id='word_1_866' title='bbox 2618 5656 2766 5726; x_wconf 82' lang='grc' dir='ltr'>αὐτῷ</span> <span class='ocrx_word' id='word_1_867' title='bbox 2802 5660 2859 5709; x_wconf 81' lang='grc' dir='ltr'>ὲν</span> <span class='ocrx_word' id='word_1_868' title='bbox 2894 5656 3006 5717; x_wconf 78' lang='grc' dir='ltr'>τοίς</span> <span class='ocrx_word' id='word_1_869' title='bbox 3039 5654 3207 5717; x_wconf 86' lang='grc' dir='ltr'>θείοις</span> <span class='ocrx_word' id='word_1_870' title='bbox 3232 5648 3374 5706; x_wconf 74' lang='grc' dir='ltr'>εἶναι</span> <span class='ocrx_word' id='word_1_871' title='bbox 3410 5652 3501 5704; x_wconf 70' lang='grc' dir='ltr'><strong>τὸν</strong></span> <span class='ocrx_word' id='word_1_872' title='bbox 3529 5652 3695 5721; x_wconf 78' lang='grc' dir='ltr'>μόνον</span> <span class='ocrx_word' id='word_1_873' title='bbox 3726 5655 4019 5720; x_wconf 56' lang='grc' dir='ltr'>παράγαγε</span> 
     </span>
    </p>
   </div>
   <div class='ocr_carea' id='block_1_116' title="bbox 2422 5741 4022 5817">
    <p class='ocr_par' dir='ltr' id='par_1_116' title="bbox 2422 5741 4022 5817">
     <span class='ocr_line' id='line_1_116' title="bbox 2422 5741 4022 5817; baseline -0.006 -15"><span class='ocrx_word' id='word_1_874' title='bbox 2422 5766 2514 5803; x_wconf 79' lang='grc' dir='ltr'><strong>τα.</strong></span> <span class='ocrx_word' id='word_1_875' title='bbox 2554 5748 2725 5811; x_wconf 71' lang='grc' dir='ltr'>Αὐτὸς</span> <span class='ocrx_word' id='word_1_876' title='bbox 2759 5748 2870 5817; x_wconf 76' lang='grc' dir='ltr'><strong>γάρ</strong></span> <span class='ocrx_word' id='word_1_877' title='bbox 2908 5745 3068 5816; x_wconf 83' lang='grc' dir='ltr'>μόνος</span> <span class='ocrx_word' id='word_1_878' title='bbox 3094 5744 3243 5797; x_wconf 74' lang='grc' dir='ltr'>ἐστὶν</span> <span class='ocrx_word' id='word_1_879' title='bbox 3275 5744 3303 5795; x_wconf 81' lang='grc' dir='ltr'>ὁ</span> <span class='ocrx_word' id='word_1_880' title='bbox 3334 5742 3604 5813; x_wconf 76' lang='grc' dir='ltr'>παράγων</span> <span class='ocrx_word' id='word_1_881' title='bbox 3628 5745 3754 5805; x_wconf 86' lang='grc' dir='ltr'>ταῖς</span> <span class='ocrx_word' id='word_1_882' title='bbox 3787 5741 4022 5811; x_wconf 80' lang='grc' dir='ltr'>εἰρημέ-</span> 
     </span>
    </p>
   </div>
   <div class='ocr_carea' id='block_1_117' title="bbox 2428 5833 4010 5908">
    <p class='ocr_par' dir='ltr' id='par_1_117' title="bbox 2428 5833 4010 5908">
     <span class='ocr_line' id='line_1_117' title="bbox 2428 5833 4010 5908; baseline -0.004 -16"><span class='ocrx_word' id='word_1_883' title='bbox 2428 5857 2545 5903; x_wconf 72' lang='grc' dir='ltr'>ναις</span> <span class='ocrx_word' id='word_1_884' title='bbox 2572 5839 2888 5908; x_wconf 70' lang='grc' dir='ltr'>δυνάμεσιν,</span> <span class='ocrx_word' id='word_1_885' title='bbox 2933 5838 3005 5899; x_wconf 81' lang='grc' dir='ltr'>ὡς</span> <span class='ocrx_word' id='word_1_886' title='bbox 3035 5836 3188 5906; x_wconf 80' lang='grc' dir='ltr'>πηγὴ</span> <span class='ocrx_word' id='word_1_887' title='bbox 3216 5835 3310 5889; x_wconf 70' lang='grc' dir='ltr'><strong>καὶ</strong></span> <span class='ocrx_word' id='word_1_888' title='bbox 3342 5835 3487 5906; x_wconf 73' lang='grc' dir='ltr'>ἁρχὴ</span> <span class='ocrx_word' id='word_1_889' title='bbox 3540 5836 3636 5887; x_wconf 74' lang='grc' dir='ltr'>καὶ</span> <span class='ocrx_word' id='word_1_890' title='bbox 3670 5834 3856 5899; x_wconf 66' lang='grc' dir='ltr'>αἰτία,</span> <span class='ocrx_word' id='word_1_891' title='bbox 3919 5833 4010 5883; x_wconf 71' lang='grc' dir='ltr'><strong>κιὶ</strong></span> 
     </span>
    </p>
   </div>
  </div>
