4168 6434
177 400 286 466 θοι

1075 399 1175 460 DE
1215 395 1738 459 PROCESSIONE
1769 395 2127 456 SPIRITUS
2166 396 2451 457 SANCTI.

3308 394 3415 457 998

177 514 206 567 δ
233 531 282 566 τι
299 510 365 567 ἂν
388 510 530 565 εἴποι
559 528 641 576 τις
666 510 775 575 τῶν
799 509 1024 585 ὁμοίων.
1057 510 1297 581 Φανερδν
1337 509 1396 563 δὲ
1425 508 1522 563 καὶ
1549 509 1632 563 ὅτι
1675 507 1732 563 αί

1838 521 2024 572 causa,
2061 517 2117 563 et
2150 506 2418 578 quidquid
2446 504 2596 560 aliud
2630 504 2684 559 in
2712 517 2770 559 re
2794 512 2943 558 tanta
2972 518 3037 559 ac
3060 503 3223 557 simili
3269 503 3421 574 quiS‘

172 604 455 683 ἐἰρημέναι
481 603 576 658 δύο
591 604 852 675 δυνάμεις
870 605 905 674 ἡ
928 602 1049 657 θεία
1069 603 1229 657 οὐσία
1248 601 1465 664 πάντως
1485 601 1621 667 ἔστι,
1643 603 1735 653 καὶ

176 700 244 754 τὰ
260 701 609 771 ἀποδιδόμενα
625 701 703 772 τῷ
721 702 864 772 Θεῷ,
882 700 1008 765 νοῦς
1024 718 1084 754 τε
1108 702 1199 754 καὶ
1223 700 1503 771 βούλησις.
1520 698 1659 762 Νοῦς
1681 699 1737 751 δὲ

178 794 280 863 ἄρα
291 794 381 846 καὶ
398 793 651 866 βούλησις
663 796 748 848 τε)
760 795 1023 865 ειότητες.
1038 797 1193 847 Δυοίν
1207 795 1451 863 δὲιὸντοιν
1468 795 1582 846 τοῖν
1602 811 1670 845 πα
1680 808 1738 862 ρ-

178 886 460 955 αγομένοιν
478 889 815 958 προσώπων,
834 887 966 940 Υίοῦ
986 904 1042 940 τε
1066 889 1160 939 καὶ
1184 887 1330 939 Θείου
1386 886 1702 953 Πνεύματος
1719 924 1735 950 ,

180 979 209 1028 ὁ
232 978 321 1046 μὲν
341 979 586 1048 πρόεισιν
615 981 678 1033 ὲκ
701 978 797 1032 τοῦ
830 972 1119 1052 Πατρὸς,ᾖ
1140 979 1352 1048 Πατὴρ,
1388 978 1467 1029 διδ
1488 975 1740 1041 καὶπρὸς

179 1069 331 1121 αὑτὸν
360 1071 694 1141 ἀναφέρεται
744 1072 811 1140 τῇ
865 1070 1113 1139 υἱότητι·
1160 1069 1287 1131 Υἱὸς
1345 1070 1456 1138 γὰρ
1500 1069 1737 1138 Πατρδς,

1838 598 1982 668 piam
2011 598 2425 669 excogitaverit,
2455 596 2734 667 producit.
2768 594 2989 651 Clarum
3031 595 3160 650 item
3191 602 3276 650 est
3301 595 3418 650 dic-

1841 696 1922 742 tas
1951 687 2087 744 duas
2120 687 2409 744 facultates
2445 687 2688 743 divinam
2737 686 3029 741 essentiam
3074 685 3234 756 plane
3273 700 3418 752 esse,

1839 791 1893 834 et
1930 795 2063 849 "qua:
2114 779 2222 834 Deo
2257 780 2643 834 attribuuntur
2676 780 2989 833 intellectus
3040 786 3097 833 et
3140 780 3419 833 voluntas.

1840 871 2156 927 Intellectus
2208 874 2391 943 itaque
2446 883 2500 928 et
2533 873 2788 926 voluntas
2845 871 3209 940 perfectiones
3263 882 3413 926 sunt.

1839 961 2227 1018 Verumtamen
2255 980 2378 1019 cum
2408 980 2674 1035 personm,
2698 981 2816 1035 qure
2864 966 3247 1035 producuntur
3276 964 3418 1017 bina:

1838 1058 1966 1123 sint,
2002 1058 2172 1111 Filius
2192 1066 2246 1112 et
2270 1055 2508 1126 Spiritus
2539 1071 2782 1123 sanctus,
2822 1059 2913 1112 ille
2948 1056 3173 1126 quidem
3204 1055 3417 1125 prosilit

175 1159 319 1213 ὥσπε
329 1178 358 1231 ρ
383 1163 477 1214 καὶ
496 1163 681 1232 Πατὴρ
703 1163 730 1214 ό
750 1164 940 1233 Πατὴρ
960 1160 1090 1216 Υίοῢ
1112 1162 1357 1229 λέγεταιο
1376 1162 1405 1213 ό
1423 1159 1468 1213 δ’
1486 1156 1553 1213 αὖ
1576 1160 1737 1214 πάλιν

1838 1162 1904 1202 ex
1941 1147 2116 1215 Patre,
2150 1163 2256 1217 qua
2292 1149 2454 1203 Pater
2495 1157 2616 1213 est,
2673 1147 2907 1217 ideoque
2953 1147 3022 1200 ad
3065 1147 3241 1215 ipsum
3280 1144 3421 1199 filia-

178 1254 243 1303 ἐκ
271 1253 360 1306 τοῦ
425 1253 589 1307 αὐτοῦ
624 1255 837 1325 Πατρός
911 1253 1293 1326 ικπορεύεται,
1321 1254 1420 1323 οὐχ
1461 1246 1495 1325 ᾖ
1526 1252 1737 1322 Πατὴρ,

174 1337 337 1418 ἀλλ”ᾗ
364 1344 662 1414 προϐολεὺς
686 1345 880 1417 δήπου.
925 1347 1020 1399 καὶ
1040 1345 1384 1417 προϐάλλων,
1422 1347 1519 1399 καὶ
1535 1344 1735 1407 πνέων,

179 1436 269 1488 καὶ
291 1436 388 1488 ὅσα
421 1435 521 1505 τῆς
561 1437 756 1504 ὁμοίας
806 1437 937 1491 ὄντα
985 1439 1247 1508 τυγχάνει
1297 1439 1601 1506 δυνάμεως.
1647 1438 1743 1491 Διὸ

172 1526 264 1581 καὶ
290 1527 423 1595 πρὸς
444 1526 607 1578 αὑτὸν
630 1529 692 1579 τδ
713 1526 856 1580 θεῖον
876 1528 1214 1595 ἀναφέρεται
1242 1525 1467 1594 Πνεῦμα
1497 1527 1563 1593 τῇ
1608 1542 1736 1594 προ-

167 1617 319 1686 6ολῇ.
350 1617 662 1686 Προϐολέως
702 1619 813 1687 γὰρ
856 1618 1152 1688 πρόϐλημα
1193 1617 1437 1684 λέγεται,
1484 1612 1740 1694 καθάπερ

172 1709 263 1761 καὶ
286 1708 580 1777 προὸολεὺς
607 1708 675 1761 αὖ
701 1709 1091 1778 προϐλήματος
1144 1706 1469 1777 προϐολεύς.
1521 1707 1738 1774 Ὠσπερ

1841 1242 1989 1296 tione
2023 1241 2262 1296 refertur
2298 1257 2329 1295 ιΔ
2352 1240 2524 1296 Filius
2550 1241 2695 1304 enim
2728 1241 2907 1295 Patris
2937 1250 3042 1304 est,
3067 1238 3426 1309 quemadmo-

1841 1333 1971 1385 dum
2011 1342 2069 1387 et
2098 1332 2278 1395 Pater,
2312 1330 2434 1386 Filii
2469 1333 2632 1387 Patcr
2673 1331 2900 1386 dicitur.
2932 1329 3030 1385 llic
3067 1345 3200 1384 vero
3233 1344 3425 1384 rursus

1839 1439 1904 1480 ex
1956 1424 2148 1479 eodem
2191 1426 2350 1480 Patre
2389 1423 2659 1493 procedit,
2700 1439 2811 1479 non
2837 1440 2945 1494 qua
2990 1423 3147 1478 Pater
3190 1433 3295 1487 est,
3327 1421 3425 1477 sed

1842 1532 1948 1585 qua
1976 1518 2296 1586 productor,
2327 1524 2381 1572 et
2412 1518 2743 1587 producens,
2782 1527 2838 1573 et
2865 1518 3082 1588 spirans
3109 1556 3124 1581 ,
3176 1526 3233 1573 et
3276 1533 3424 1587 qua:-

1838 1623 2059 1677 euuque
2088 1610 2194 1663 alia
2215 1610 2445 1663 similem
2466 1608 2779 1664 facultatem
2806 1611 3145 1679 exprimunt.
3166 1610 3428 1680 Propter-

1836 1711 2016 1767 eaque
2048 1698 2114 1752 ad
2146 1698 2326 1769 ipsum
2364 1700 2579 1755 divinus
2634 1703 2871 1757 refertur
2914 1702 3155 1769 Spiritus
3180 1701 3427 1771 produc-

164 1799 263 1853 οὖν
278 1799 369 1874 τοῦ
410 1799 717 1870 πΜολέως
747 1800 776 1853 δ
810 1800 997 1870 Πατὴρ
1022 1801 1429 1870 προεπινοεῖται
1456 1797 1600 1853 κατὰ
1639 1799 1737 1865 μὲν

1844 1793 2013 1844 tione.
2044 1789 2396 1846 Productoris
2424 1792 2570 1845 enim
2595 1792 2884 1862 productio
2910 1791 3137 1859 dicitur,
3176 1791 3338 1846 sicuti
3372 1797 3430 1845 et

168 1891 229 1944 τὸ
251 1871 416 1945 ἀΐδιον
451 1889 536 1957 οὓ,
562 1891 679 1964 ἅμα
720 1893 827 1964 γὰρ
875 1890 1000 1946 κατ’
1060 1892 1239 1946 ἐκεῖνο
1288 1892 1483 1960 Πατήρ
1536 1906 1596 1943 τε
1639 1889 1737 1943 καὶ

1841 1883 2143 1953 productor
2175 1884 2292 1938 vice
2317 1899 2475 1939 versa
2505 1884 2758 1955 producti
2785 1896 2869 1941 est
2886 1886 3206 1955 productor.
3226 1883 3431 1951 Quem-

172 1982 489 2053 προόολεὺς,
526 1983 808 2045 συναίδίως
855 1981 1096 2045 τοιοῦτος
1127 1979 1225 2046 ὢν,
1270 1980 1412 2035 κατὰ
1455 1980 1511 2033 δὲ
1556 1979 1617 2031 τὸ
1647 1976 1738 2031 δό-

120 2076 125 2079 ‘
168 2074 358 2127 νασθαι
390 2076 487 2128 καὶ
520 2075 808 2144 προάγειν.
850 2075 1121 2144 Πρότερον
1160 2074 1270 2144 γὰρ
1300 2075 1389 2127 τὸν
1442 2073 1568 2127 Υἱδν
1592 2091 1735 2146 παρ·

158 2168 286 2235 ἀγει
308 2165 400 2219 τοῦ
430 2167 767 2235 Πνεύματος,
797 2167 898 2237 ἤδη
926 2167 1214 2237 νοούμενος
1258 2167 1629 2237 ὑφεστηκέναι
1670 2168 1736 2237 τῇ

158 2259 301 2327 πρὸς
334 2258 425 2312 τὸν
472 2260 598 2312 Υίὸν
627 2259 873 2329 ἰδιότητι,
919 2262 983 2331 τῇ
1028 2261 1357 2331 πατρότητιο
1406 2259 1551 2314 οὕτω
1596 2262 1739 2314 καὶὸ

163 2353 290 2414 Υἱὸς
318 2351 383 2404 αὖ
424 2352 589 2404 πάλιν
635 2355 1047 2421 προεπινοεῖται
1099 2352 1196 2405 τοῦ
1252 2352 1589 2422 Πνεύματος,
1639 2356 1737 2424 οὐχ

154 2444 247 2497 ὃτι
276 2443 373 2515 ὁύχ
409 2445 530 2513 ἆμα
556 2445 811 2514 ἀλλήλοις
839 2446 1132 2508 συναῖδίως
1163 2444 1337 2499 ἐστίν’
1361 2444 1505 2498 οὕτω
1536 2446 1642 2516 γὰρ
1671 2450 1740 2499 τὰ

156 2537 289 2608 τρία
310 2537 579 2607 πρόσωπα
603 2536 724 2607 ἅμα
782 2538 961 2607 πάντη
1000 2536 1094 2591 καὶ
1147 2536 1412 2603 ξυναῖδια,
1463 2539 1558 2590 καὶ
1585 2536 1740 2589 οὐδα-

171 2630 290 2699 μῶς
315 2628 443 2681 ἄλλο
473 2628 635 2683 ἄλλον
663 2645 727 2697 γε
761 2628 1050 2700 πρότερονο
1102 2629 1198 2682 καὶ
1227 2629 1312 2683 ὅτι
1356 2628 1416 2681 τὸ
1445 2627 1738 2697 γεννᾶσθαι

157 2723 431 2792 πρότερον
457 2723 522 2775 ἐκ
560 2721 661 2792 τῆς
682 2721 780 2775 τοῦ
804 2724 1095 2792 χρήματος
1123 2720 1340 2791 φύσεως
1362 2721 1456 2775 τοῦ
1504 2720 1742 2791 προϐάλ-

155 2814 374 2876 λεσθαι,
409 2814 584 2867 καὶτὸ
611 2815 806 2885 γεννᾷν
831 2814 930 2867 τοῦ
980 2813 1333 2884 προϐάλλειν,
1390 2807 1472 2876 οἷς
1511 2830 1740 2882 προεπι-

152 2906 362 2959 νοεῖται
402 2904 590 2975 Πατὴρ
617 2904 712 2957 τοῦ
750 2905 1176 2974 προσάλλοντος.
1211 2905 1323 2958 Καὶ
1353 2904 1493 2975 αὕτη
1520 2904 1740 2965 πάντως

152 2998 309 3049 ἐστὶν
337 2998 373 3067 ὴ
405 2999 516 3051 τῶν
540 2997 702 3050 θείων
749 2998 1107 3053 ὑποστάσεων
1152 2998 1326 3065 τάξις,
1386 2998 1449 3051 ἐκ
1482 2998 1583 3067 τῆς
1634 3015 1743 3067 πη-

153 3089 321 3158 γαίας
351 3088 527 3159 ἀρχῆς
550 3089 646 3143 καὶ
672 3088 811 3160 αὑτὴ
849 3090 1147 3159 ἀνίσχουσα
1201 3090 1295 3143 τοῦ
1318 3080 1567 3161 Πατρός,
1618 3089 1741 3143 καθ’

148 3179 278 3249 ἢνό
332 3181 522 3252 Πατὴρ
554 3182 658 3250 μὲν
710 3184 825 3236 τοῖν
855 3181 1022 3247 δυοῖν,
1068 3184 1099 3235 ό
1154 3181 1214 3236 δὲ
1259 3183 1388 3246 Υίὸς
1436 3181 1532 3234 τοῦ
1588 3182 1733 3234 θείου

1841 1975 2138 2031 admodum
2193 1976 2378 2046 itaque
2431 1975 2595 2032 Pater
2658 1976 2814 2048 prius
2876 1976 3204 2047 intelligitur
3262 1992 3425 2047 quam

1842 2069 2163 2138 productor,
2190 2084 2301 2124 non
2335 2072 2639 2125 secundum
2670 2070 3055 2139 aternitatem;
3085 2086 3321 2142 namque
3360 2085 3425 2126 ea

1830 2160 2002 2217 .simul
2040 2176 2147 2215 una
2193 2171 2324 2217 sunt
2362 2170 2416 2215 et
2462 2162 2624 2220 Pater
2669 2171 2726 2218 et
2758 2161 3102 2226 Productor,
3151 2162 3222 2218 ab
3277 2163 3428 2217 omni

1840 2254 2148 2307 aeternitate
2174 2254 2622 2317 talis‘exsistens,
2652 2254 2747 2308 sed
2777 2254 3079 2309 secundum
3110 2252 3427 2309 facultatem

1841 2360 1898 2405 ct
1956 2351 2371 2419 productionem
2414 2349 2619 2420 ;prius
2683 2347 2828 2403 enim
2881 2347 3081 2402 Filium
3149 2346 3426 2418 producit,

1841 2458 2002 2508 quam
2054 2443 2358 2513 Spiritum,
2404 2426 2530 2496 cum
2575 2443 2688 2510 jam
2722 2440 3059 2508 intelligatur
3093 2439 3431 2511 proprietate

1843 2532 1909 2587 ad
1967 2532 2203 2597 Filium,
2263 2534 2593 2601 paternitate
2651 2546 2849 2601 nempe
2906 2530 3259 2586 subsistere:
3308 2531 3429 2601 pari

1843 2623 2005 2677 modo
2040 2634 2095 2677 ct
2130 2624 2301 2679 Filius
2339 2625 2494 2694 prius
2544 2623 2906 2693 intelligitur,
2955 2638 3120 2693 quam
3167 2622 3429 2692 Spiritus,

1844 2732 1953 2769 non
1996 2717 2140 2787 quod
2189 2732 2294 2770 uua
2336 2717 2502 2771 simul
2546 2731 2653 2769 non
2689 2716 2799 2769 sint
2832 2715 3023 2768 eadem
3070 2718 3377 2769 mternitate
3414 2731 3430 2770 :

1842 2811 1922 2865 sic
1956 2810 2126 2864 enim
2177 2818 2286 2864 tres
2329 2823 2574 2878 personae
2614 2807 2779 2863 simul
2826 2807 3002 2861 modis
3045 2808 3338 2873 omnibus,
3378 2814 3434 2862 et

1840 2901 2153 2962 invitorum,
2202 2907 2259 2954 et
2307 2899 2621 2952 nullatenus
2672 2897 2775 2951 alia
2822 2897 2925 2951 alia
2969 2898 3278 2967 praecedit:
3328 2897 3430 2953 sed

1844 2993 1989 3063 quod
2027 2993 2275 3063 generari
2314 2990 2468 3060 prius
2494 2990 2568 3044 sit
2593 2991 2707 3059 ipsa
2742 2998 2961 3054 natura,
2989 3006 3151 3060 quam
3174 2992 3428 3060 produci,

1843 3092 1899 3137 ct
1926 3097 2209 3153 generare.
2243 3098 2409 3147 quam
2445 3081 2772 3152 producere,
2807 3081 3007 3151 quibus
3039 3083 3192 3152 prius
3227 3082 3433 3137 intelli-

1843 3176 1991 3245 gitur
2039 3175 2236 3238 Pater,
2269 3190 2429 3244 quam
2478 3175 2812 3244 producens.
2850 3173 2917 3230 Et
2964 3174 3056 3229 hic
3090 3184 3175 3230 est
3216 3176 3435 3230 divina-

150 3272 478 3341 Πνεύματος
504 3274 793 3344 πρότερος·
828 3275 923 3328 καὶ
958 3274 1131 3328 ταῦτα
1163 3276 1307 3329 κατὰ
1356 3275 1418 3328 τδ
1454 3273 1587 3329 αὒτδ
1644 3272 1737 3325 νῦν

1846 3285 1965 3323 rum
2037 3273 2400 3338 liypostaseon
2451 3268 2589 3322 ordo
2639 3282 2707 3329 ex
2766 3268 3098 3338 primigenio
3153 3270 3431 3341 principio

147 3365 258 3435 τῆς
280 3366 587 3436 ἀῖδιότητος
608 3366 725 3438 ἅμα
778 3367 997 3438 Πατρός
1048 3369 1107 3421 τε
1164 3367 1318 3431 ὄντος
1354 3366 1487 3422 Υίοῦ
1549 3384 1609 3420 τε
1648 3365 1741 3420 καὶ

146 3458 310 3511 θείου
346 3457 691 3530 ιινεύματος.
1053 3494 1058 3498 -

225 3728 292 3783 ε’.
335 3727 497 3781 Ἀ).λά
519 3727 627 3798 μὴν
657 3728 881 3783 κάκεῖνο
918 3731 1030 3792 τοῖς
1054 3729 1373 3801 εἰρημένοις
1421 3726 1742 3798 προσθεῖναι

143 3822 391 3885 δίκαιον,
427 3820 888 3889 θεολογικώτατον
918 3820 997 3874 δνο
1032 3821 1116 3874 ὅτι
1164 3822 1193 3874 ό
1225 3821 1419 3893 Πατὴρ
1478 3825 1742 3894 ἑκάτερον

143 3913 265 3966 τῶν
296 3913 456 3966 θείων
498 3910 740 3981 παράγει
793 3910 1126 3980 προσώπων,
1178 3913 1294 3965 [σον
1319 3913 1498 3983 ἑαυτῷ
1560 3914 1739 3983 πάντη

144 4008 376 4067 πάντως
406 4004 497 4059 καὶ
527 4006 712 4075 ὅμοιον
734 4005 856 4066 ταῖς
886 4004 1080 4067 αὑταῖς
1111 4015 1114 4021 ’
1139 4003 1219 4075 τῷ
1248 4004 1468 4075 ἀριθμῷ
1536 4005 1738 4059 τελειό-

142 4116 304 4167 τησι.
345 4098 527 4151 Πάντα
551 4098 660 4168 γὰρ
692 4097 793 4151 ὅσα
815 4096 1077 4167 πρόσεστι
1107 4096 1186 4168 τῷ
1227 4097 1405 4168 Harp!
1454 4098 1583 4152 ἄνευ
1634 4116 1737 4152 παο

139 4192 442 4263 τρότητος,
476 4192 570 4242 καὶ
614 4191 827 4260 ὅσαπερ
858 4190 1197 4260 ἐφαρμόττει
1256 4192 1322 4260 τῇ
1360 4189 1483 4261 θείᾳ
1527 4192 1736 4261 πατρό-

139 4301 300 4354 τητι,
344 4282 439 4337 καὶ
478 4283 604 4337 ἄνευ
636 4283 977 4354 πατρότητος
1018 4284 1137 4354 ἅμα
1179 4285 1276 4338 καὶ
1304 4284 1605 4348 πνεύσεως.
1646 4285 1740 4338 καὶ

136 4379 368 4445 ὅσαπερ
390 4376 580 4438 αὑταῖς
608 4376 806 4437 κοινῶς
832 4376 1196 4448 ἑφαρμόττει,
1227 4378 1386 4431 κοινὰ
1412 4380 1508 4430 mi.
1530 4380 1643 4441 τοῖς
1673 4378 1739 4430 ἐκ

140 4468 370 4537 Πατρός
400 4461 590 4521 εἶναιό
631 4466 943 4536 θεολογικδς
980 4468 1326 4539 παραδίδωσι
1358 4468 1541 4539 λόγος.
1588 4468 1738 4523 Δὺτέι

1843 3358 2005 3414 Patre
2039 3374 2330 3429 assurgens
2368 3373 2478 3428 quo
2503 3359 2668 3414 Pater
2700 3369 2937 3430 utraque
2976 3376 3232 3430 persona,
3260 3363 3432 3420 Filius

1738 3469 1744 3475 ·
1841 3469 1976 3508 vero
2024 3452 2234 3521 Spiritu
2280 3456 2471 3505 sancto
2504 3452 2750 3506 anterior
2780 3462 2863 3506 est
2902 3470 2916 3507 :
2956 3453 3083 3508 licet
3126 3456 3431 3510 secundum

1844 3544 1989 3598 idem
2015 3550 2353 3626 momentum
2385 3544 2706 3625 asternitatis
2772 3542 2951 3609 Pater,
2994 3543 3165 3601 Filius
3208 3557 3264 3602 et
3310 3546 3433 3618 Spi-

1842 3635 1984 3689 ritus
2008 3620 2366 3691 sanctus'una
2392 3620 2562 3691 simul
2588 3636 2716 3693 sint.

1915 3729 1969 3783 5.
2016 3728 2151 3781 Illud
2182 3744 2403 3799 quoque
2436 3733 2547 3800 jam
2583 3729 2747 3784 dictis
2781 3732 2982 3802 apponi
3014 3747 3121 3787 non
3160 3732 3431 3790 absonum

1840 3821 2032 3887 fuerit,
2060 3838 2127 3877 ex
2164 3821 2370 3876 intimis
2404 3823 2690 3893 theologia:
2718 3824 2936 3880 arcanis
2968 3827 3199 3896 petitum
3230 3846 3243 3882 :
3271 3829 3431 3883 Pater

1843 3926 1911 3967 ex
1948 3910 2147 3967 divinis
2183 3912 2433 3981 personis
2467 3924 2760 3983 utramque
2796 3915 3129 3986 sibimetipsi
3163 3920 3429 3988 aequalem

1843 4005 2169 4073 peremnia
2218 4014 2274 4058 et
2321 4004 2560 4059 similem
2613 4006 2806 4061 iisdem
2862 4024 3093 4065 numero
3132 4010 3432 4080 perfectio-

1843 4097 2011 4151 nibus
2066 4097 2340 4167 producit.
2379 4098 2733 4168 Quaecunque
2782 4102 2931 4157 enim
2993 4104 3187 4161 insunt
3238 4104 3429 4173 Patri,

1843 4200 2072 4261 excepta
2107 4207 2212 4245 una
2245 4192 2609 4261 paternitate,
2654 4203 2711 4248 et
2743 4196 2811 4250 iis
2841 4211 2964 4265 quae
2997 4196 3197 4252 divina:
3244 4208 3428 4269 pater-

1842 4283 2001 4339 nitati
2062 4285 2413 4338 accommoda
2486 4294 2650 4351 sunt,
2690 4296 3031 4359 exceptoque
3098 4293 3431 4360 paternitate

1842 4385 1900 4432 et
1960 4375 2257 4444 spiratione
2286 4416 2300 4440 ,
2348 4386 2404 4431 et
2442 4391 2563 4445 qua:
2628 4377 2738 4432 illis
2796 4378 3145 4448 adaptantur,
3181 4398 3429 4437 commu-

1844 4471 1936 4527 nia
1975 4469 2042 4526 iis
2094 4456 2335 4540 quoque,
2396 4472 2490 4540 qui
2544 4486 2611 4525 ex
2656 4471 2818 4526 Patre
2858 4483 3007 4539 sunt,
3045 4475 3421 4546 theologorum

140 4561 254 4631 μὲν
296 4561 430 4630 γὰρ,
469 4561 590 4630 ἢτοι
649 4560 952 4631 πατρότης,
1007 4561 1103 4614 καὶ
1139 4561 1414 4633 πατρότης
1462 4562 1580 4632 ἅμα
1638 4563 1736 4617 καὶ⁹

1846 4564 2122 4621 sententia
2159 4564 2313 4618 facit.
2353 4563 2449 4617 illa
2492 4563 2761 4633 siquidem
2788 4605 2801 4629 ,
2856 4566 3158 4636 paternitas
3205 4585 3424 4640 nempe,
3502 4571 3509 4578 '

139 4650 518 4717 πνεῦσις,καὶ
552 4649 764 4721 ὅσαπερ
789 4649 987 4703 ἕπεται
1036 4654 1103 4722 τῇ
1148 4652 1477 4723 πατρότητι,
1520 4653 1614 4706 καὶ
1668 4650 1734 4706 αὖ

136 4743 321 4796 πάλιν
352 4742 658 4813 πατρότητί
684 4759 743 4795 τε
781 4744 876 4796 καὶ
902 4742 1127 4797 πνεύσει
1156 4744 1373 4815 σχέσεις
1410 4746 1519 4798 εἰσὶ
1553 4746 1734 4815 μόνον,

125 4837 207 4889 οὐ
230 4833 601 4904 τελειότητες,
662 4833 854 4904 ὥσπερ
893 4834 991 4888 καὶ
1022 4837 1056 4904 ἡ
1090 4836 1300 4904 υίότης,
1360 4840 1455 4888 καὶ
1485 4837 1518 4905 ὴ
1566 4836 1624 4888 ὲν
1659 4834 1737 4905 τῷ

134 4925 439 4995 Πνεῦμα-ιι
488 4923 738 4987 πνεῦσι,·
805 4925 888 4979 διὸ
940 4927 1038 4980 καὶ
1094 4926 1359 4998 ίδιότητες
1408 4927 1607 4993 ταῦτα,
1658 4928 1738 4981 ἐνὶ

129 5018 307 5087 μόνῳ
324 5016 434 5070 τῶν
460 5018 772 5089 προσώπων
794 5017 1032 5071 ἑκάστου
1062 5020 1363 5089 προσόντος
1399 5019 1605 5089 ἥκιστα
1654 5038 1739 5074 κι-

132 5107 422 5177 νουμὺου
451 5107 547 5161 καὶ
576 5094 1035 5176 μεταπίπτοντος.
1084 5108 1171 5163 Τὰ
1234 5109 1327 5185 δι’
1360 5111 1513 5182 παρὰ
1562 5109 1737 5164 ταῦτα

135 5199 338 5253 πάντα
375 5198 445 5250 τὰ,
484 5198 624 5253 αὐτὰ
671 5199 753 5270 τῷ
774 5198 996 5272 αριθμῷ
1054 5203 1213 5256 κοινὰ
1262 5204 1377 5267 τοῖς
1403 5204 1607 5274 τρισὶν,
1668 5201 1736 5257 ἵν’

132 5292 237 5361 ειη
266 5291 385 5353 τοῖς
408 5290 589 5354 αὐτοῖς
620 5289 734 5355 ίσος
772 5294 871 5346 καὶ
914 5294 1105 5363 ὅμοιος
1137 5292 1274 5357 Θεὸς
1304 5296 1333 5349 ό
1358 5295 1489 5360 Υίὸς
1517 5294 1636 5367 Θεῷ
1656 5294 1737 5366 τῷ

131 5384 356 5452 Πατρὶ,
389 5383 482 5437 καὶ
513 5383 647 5447 Θεὸς
679 5384 742 5437 τδ
771 5384 1000 5456 Πνεῦμα
1039 5386 1159 5458 Θεῷ
1205 5387 1384 5457 Πατρί
1417 5378 1476 5441 τε
1533 5386 1735 5456 καὶτῷ

126 5473 285 5544 Υίῷο
321 5474 527 5528 καὶδιὰ
544 5474 728 5529 ταῦτα
766 5477 901 5541 Θεὸς
932 5476 1015 5541 εἷς
1042 5478 1111 5532 τὰ
1136 5480 1285 5551 τρία,
1334 5482 1401 5552 τῇ
1454 5479 1590 5551 αὐτῇ
1641 5480 1738 5555 καὶ

133 5567 252 5637 μιᾷ
280 5566 465 5639 οὐσίᾳ,
502 5570 596 5621 καὶ
616 5573 736 5633 ταῖς
758 5571 950 5635 αὐταῖς
1002 5572 1329 5643 τελειότησι,
1384 5574 1482 5628 τοῦ
1526 5576 1742 5645 τρόπου

128 5660 320 5731 μόνου
355 5678 471 5725 πως
492 5662 930 5729 ὲναλλάττοντος,
957 5661 1037 5727 οἷς
1061 5666 1118 5718 ὲν
1139 5666 1315 5737 Πατρὶ
1341 5667 1443 5736 μὲν
1475 5668 1737 5736 πηγαίως

118 5750 345 5817 ταῦτα,
381 5760 475 5807 καὶ
513 5755 782 5826 άνάρχως,
829 5759 927 5811 καὶ
972 5758 1259 5823 ἀναιτίως,
1321 5760 1419 5813 καὶ
1470 5761 1547 5832 μὴ
1603 5760 1735 5834 παρ’

125 5840 313 5896 ἄλλου
351 5860 472 5914 του,
507 5847 782 5919 διδόμενα,
822 5851 881 5903 ἐν
909 5848 968 5927 δε
997 5849 1076 5921 τῷ
1130 5848 1250 5920 Υίῷ
1302 5852 1399 5906 καὶ
1444 5851 1731 5925 Πνεύματι

1843 4667 1900 4713 et
1920 4657 2220 4729 paternitas
2266 4657 2428 4711 simul
2451 4664 2507 4710 et
2529 4656 2779 4726 spiratio,
2810 4666 2865 4713 et
2892 4674 3012 4728 qua:
3039 4662 3425 4729 paternitatem

1842 4762 2300 4822 consequuntur,
2344 4753 2586 4821 itemque
2641 4757 3033 4823 paternitatem
3077 4765 3133 4810 et
3167 4759 3426 4820 spiratio-

1841 4860 1966 4900 nem
2000 4884 2015 4909 ,
2054 4844 2347 4899 relationes
2397 4846 2777 4900 tantummodo
2820 4855 2992 4911 sunt,
3048 4864 3157 4903 non
3210 4854 3426 4918 perfec-

1845 4936 2047 5003 tiones,
2076 4936 2540 5005 quemadmodum
2571 4943 2625 4990 et
2656 4936 2867 5001 liliatio,
2894 4947 2974 5002 et,
2996 4954 3115 5008 qua:
3136 4939 3192 4993 in
3214 4938 3420 5009 Spiritu

1841 5038 1946 5093 es't,
1982 5027 2212 5098 spiratio
2244 5044 2257 5079 :
2293 5038 2696 5098 proptereaque
2729 5030 3126 5099 proprietates,
3181 5031 3273 5085 uni
3320 5033 3420 5087 soli

1840 5134 2087 5191 persona:
2139 5119 2454 5190 singulatim
2515 5120 2887 5183 inhaerentes,
2939 5121 3199 5192 nulloque
3261 5126 3427 5178 modo

1840 5226 1961 5266 sese
1991 5220 2294 5275 moventes,
2322 5219 2414 5264 aut
2437 5211 2490 5264 in
2525 5212 2685 5265 aliam
2708 5213 3039 5269 recidentes.
3063 5214 3263 5269 Prmter
3288 5216 3423 5279 haec,

1842 5302 2101 5355 universa
2136 5299 2345 5369 reliqua
2376 5301 2569 5354 eadem
2605 5316 2837 5355 numero
2870 5303 3049 5358 tribus
3075 5304 3229 5374 juxta
3273 5321 3423 5361 com-

1840 5394 2029 5448 munia
2061 5401 2210 5456 sunt,
2237 5404 2299 5448 ut
2330 5391 2523 5447 iisdem
2558 5394 2783 5463 aequalis
2804 5403 2859 5448 et
2874 5395 3070 5451 similis
3088 5394 3229 5452 Deus
3250 5396 3424 5454 Filius

1841 5487 1913 5541 sit
1970 5477 2082 5541 Deo
2126 5483 2298 5549 Patri,
2331 5495 2386 5539 et
2417 5486 2561 5540 Deus
2591 5485 2827 5556 Spiritus
2856 5487 2968 5542 Deo
2996 5488 3161 5554 Patri,
3204 5490 3425 5563 Deoque

1841 5578 1980 5634 Filio
2005 5587 2439 5647 ;pr0ptercaque
2459 5578 2563 5631 tria
2589 5578 2704 5632 haec
2724 5578 2867 5633 Deus
2890 5595 3053 5645 unus,
3085 5597 3188 5636 una
3206 5583 3430 5637 eadem-

1786 5733 1795 5739 .
1839 5686 1948 5740 que
1993 5668 2231 5741 essentia
2268 5668 2570 5739 iisdemque
2617 5670 3053 5739 perfectionibus
3097 5672 3259 5727 modo
3306 5682 3428 5729 tan-

1842 5754 2127 5817 tummodo
2170 5761 2325 5814 vario
2376 5761 2708 5831 diversoque
2734 5802 2748 5822 .
2791 5778 2901 5832 quo
2928 5761 2983 5816 in
3015 5762 3175 5819 Patre
3203 5764 3424 5834 quidem

1842 5853 1958 5909 haec
1982 5863 2238 5924 tanquam
2266 5853 2323 5908 in
2342 5852 2516 5920 fonte,
2543 5848 2597 5909 ei
2620 5853 2826 5925 absque
2857 5856 3128 5928 principio
3149 5866 3206 5914 et
3237 5872 3427 5935 causa,
