4168 6434
692 329 801 391 999

697 452 798 491 aee
845 437 912 490 ab
944 437 1051 490 alio
1091 435 1333 490 exhibita
1365 436 1573 500 insunt,
1609 439 1662 494 in
1709 439 1851 494 Filio
1896 453 2028 494 vero
2058 447 2112 494 et
2141 435 2262 505 Spi-
2293 441 2339 498 Α

694 530 824 592 ritu,
861 528 929 583 ab
954 529 1063 582 alio
1091 528 1359 590 exhibita,
1403 529 1563 584 Patre
1597 531 1900 595 duntaxat,
1943 545 2050 584 non
2099 526 2267 583 veluti

694 620 747 673 in
769 620 940 675 fonte.
970 634 1072 672 nec
1104 619 1309 688 absque
1332 620 1599 688 principio
1621 628 1676 675 et
1701 636 1885 675 causa.
1916 619 2078 675 Solus
2103 617 2273 687 siqui-

690 710 814 765 dem
847 711 970 764 fons
1019 711 1564 782 supersubstautialis
1620 712 1926 767 divinitatis
1976 711 2138 766 Pater
2164 717 2270 773 est,

689 809 745 854 et
771 800 920 854 solus
943 802 1058 870 ipse
1092 815 1280 860 causa.
1311 809 1364 854 ct
1394 811 1669 866 eausator,
1701 801 1850 872 quod
1880 811 1936 856 et
1963 801 2116 854 solus
2153 800 2272 854 sine

691 907 854 946 rausa
885 902 939 948 ct
970 893 1087 948 sine
1117 892 1387 961 principio
1418 902 1501 948 est
1539 910 1555 946 :
1593 908 1774 964 neque
1807 892 1954 948 enim
1982 908 2047 946 ex
2090 890 2272 960 aliquo

692 984 811 1052 ipse
842 993 946 1049 est,
997 993 1056 1038 ut
1086 984 1493 1053 quodammodo
1524 995 1579 1040 et
1609 986 1724 1054 ipse
1758 985 2062 1054 productus
2099 984 2190 1044 sit,
2219 991 2276 1036 et

692 1091 812 1142 quze
845 1075 899 1128 in
926 1077 1042 1142 ipso
1069 1085 1198 1130 sunt
1224 1077 1292 1129 ab
1328 1077 1435 1130 alio
1459 1077 1742 1146 quopiam,
1773 1085 1828 1131 et
1853 1090 1961 1130 non
1984 1075 2101 1130 sine
2125 1074 2273 1143 prin-

693 1167 860 1236 cipio,
895 1181 949 1221 et
977 1176 1234 1237 tanquam
1272 1169 1325 1222 in
1357 1169 1528 1223 fonte.
1563 1167 1846 1236 Siquidem
1880 1168 1994 1238 ipse
2024 1167 2174 1220 solus
2192 1174 2277 1220 est.

696 1261 816 1314 Filii
855 1273 908 1313 ct
955 1260 1193 1327 Spiritus
1234 1261 1566 1330 priieipium
1617 1259 1825 1328 absque
1879 1256 2190 1328 principio,
2219 1263 2271 1310 et

692 1353 901 1423 absque
936 1368 1131 1416 causa,
1165 1363 1224 1406 ut
1256 1352 1600 1407 dicebamus.

762 1485 815 1542 0.
861 1489 1179 1544 Producens
1231 1487 1398 1557 igitur
1447 1487 1606 1542 Pater
1647 1486 1845 1541 Filium
1907 1485 2277 1540 communicat

693 1579 795 1650 ipsi
833 1580 1075 1634 divinam
1127 1581 1460 1640 essentiam,
1491 1577 1842 1646 reliquasque
1884 1591 2077 1632 omnes
2129 1576 2277 1630 illius

618 1698 621 1700 ·
693 1672 1097 1742 perfectiones.
1128 1673 1204 1726 uti
1262 1680 1317 1726 et
1364 1671 1735 1740 generativam
1792 1679 1850 1724 et
1889 1669 2273 1738 productivam

1857 323 2184 385 JOANNIS
2221 322 2760 384 ARGYBOPULI"

3828 317 3971 383 1000

2370 437 2500 506 παρ’
2532 436 2696 490 ἄλλου
2727 451 2821 488 του
2853 433 3109 506 διδόμενα
3146 435 3240 488 τοῦ
3277 433 3491 506 ῐῐατρδς
3535 435 3638 488 οὐκ
3683 432 3970 502 ἁνάρχως,

2371 527 2434 582 οὐ
2457 529 2724 597 πηγαίως,
2751 527 2861 581 οὐδ’
2883 528 3162 591 ἀναιτίως.
3184 529 3334 598 Μόνη
3354 528 3464 597 γὰρ
3488 527 3642 596 πηγὴ
3667 525 3776 595 τῆς
3796 523 3974 593 ὑπερ-

2373 620 2555 674 ουσὶου
2605 620 2865 690 οεότητος
2885 622 2913 672 6
2938 620 3150 690 Πατήρ,
3181 621 3277 673 καὶ
3304 619 3469 690 μόνος
3503 613 3670 680 αὐτὸς
3691 616 3855 670 αἰτία
3880 614 3976 668 καὶ

2372 714 2563 776 αἴτιος,
2594 714 2674 766 ὅτι
2702 715 2796 767 καὶ
2838 713 2999 782 μόνος
3030 713 3268 775 enim;
3298 729 3358 766 τε
3393 716 3490 768 καὶ
3523 714 3803 781 ἄναρχος.
3836 708 3976 762 Οὐδὲ

2375 804 2480 871 γὰρ
2509 803 2572 856 ἐκ
2593 821 2736 868 τινος
2763 808 2854 857 καί
2876 804 3062 867 αὐτὸς,
3098 804 3166 858 ἵν’
3203 805 3290 873 είη
3321 804 3416 856 καὶ
3445 803 3608 865 αὐτός
3642 818 3769 862 πως
3796 799 3980 854 αἰτια-

2374 895 2486 960 τὸν,
2521 896 2616 950 καὶ
2653 896 2722 948 τὰ
2750 896 2902 966 αὐτῷ
2935 896 3213 965 προσόντα
3253 895 3384 962 παρ’
3418 895 3580 949 ἄλλου
3598 910 3700 946 του
3751 891 3857 944 καὶ
3903 888 3978 958 μὴ

2375 988 2653 1057 ἀνάρχως,
2687 989 2823 1058 μηδὲ
2863 988 3133 1058 πηγαίως.
3158 988 3330 1052 Αὐτὸς
3361 988 3471 1056 γὰρ
3509 987 3675 1056 μόνος
3706 983 3853 1037 Υίοῦ
3886 984 3980 1035 καὶ

2379 1080 2696 1148 ΙΙνεύματος
2733 1081 2878 1150 ἀρχὴ
2942 1080 3180 1150 ἄναρχος
3234 1081 3330 1135 καὶ
3389 1079 3658 1140 ἀναίτιος,
3708 1076 3797 1139 ὡς
3862 1074 3980 1126 ἑλέ-

2375 1187 2568 1240 γομεν.

2451 1486 2822 1558 ς’.Παράγων
2847 1488 3026 1542 τοίνυν
3073 1488 3102 1541 6
3147 1485 3340 1556 Πατὴρ
3395 1487 3488 1539 τὸν
3538 1485 3693 1551 Υίδν,
3747 1482 3984 1536 δίδωσιν

2379 1579 2529 1650 αὐτῷ
2557 1579 2655 1649 τὴν
2702 1580 2856 1635 Θείαν
2882 1581 3096 1647 οὐσίαν,
3126 1582 3222 1634 καὶ
3251 1582 3484 1650 ὅσαιπερ
3544 1577 3721 1647 αὐτῆς
3765 1574 3983 1628 τελειό-

2380 1691 2567 1743 τητες,
2600 1671 2742 1725 ὥστε
2774 1675 2866 1727 καὶ
2925 1675 3024 1746 τὴν
3067 1673 3396 1742 γεννητικὴν
3453 1671 3545 1724 καὶ
3579 1668 3984 1740 προϐλητικὴν

692 1765 856 1820 simul
889 1764 1222 1818 facultatem.
1249 1763 1383 1816 Cum
1417 1762 1565 1816 enim
1599 1760 1851 1831 ejusdem
1876 1761 2129 1815 essentia:
2151 1775 2269 1829 per-

2383 1765 2500 1836 ἆμα
2537 1765 2787 1834 δύναμιν.
2825 1764 2937 1834 Τῆς
2966 1765 3074 1836 γὰρ
3115 1766 3290 1835 αὐτῆς
3325 1762 3512 1824 οὐσίας
3569 1762 3640 1814 τὰ
3697 1759 3984 1829 πρόσωπα

693 1875 844 1914 senae
873 1859 1019 1922 sint,
1053 1858 1270 1913 easdem
1301 1871 1522 1926 quoque
1565 1854 1848 1924 possident
1886 1853 2271 1924 perfectiones,

693 1960 754 2005 ut
785 1951 1220 2005 demonstratum
1257 1958 1362 2014 est,
1393 1947 1786 2003 etintellectus
1826 1946 2051 2017 quidem
2096 1954 2152 2000 et
2179 1959 2277 1999 vo-

692 2043 876 2096 luntas
916 2039 1288 2109 perfectiones
1334 2045 1483 2094 sunt.
1519 2035 1656 2091 Cum
1690 2036 1936 2106 alioquin
1978 2035 2104 2106 quis
2163 2049 2273 2090 non

692 2135 843 2189 novit
872 2134 1210 2189 intellectum
1239 2139 1296 2186 et
1326 2132 1664 2187 voluntatem
1691 2129 1882 2184 eadem
1910 2144 2135 2200 prorsus
2159 2145 2274 2183 om-

692 2229 855 2298 nique
883 2241 946 2280 ex
982 2233 1134 2295 parte
1157 2224 1209 2278 in
1229 2225 1410 2287 Patre,
1435 2231 1489 2277 et
1518 2221 1679 2287 Filio,
1705 2231 1760 2276 et
1780 2220 1985 2290 Spiritu
2005 2220 2275 2275 ?\’erum-

691 2332 874 2374 tamen
907 2335 1030 2374 cum
1067 2317 1241 2374 Filius
1279 2314 1695 2386 producebatur
1730 2329 1758 2368 a
1794 2313 1975 2377 Patre,
2003 2311 2270 2376 utl’atre,

691 2430 799 2468 non
832 2410 1155 2482 intelligitur
1188 2408 1426 2478 Spiritus
1465 2415 1688 2462 sanctus
1746 2419 1812 2460 ex
1853 2405 2016 2459 Patre
2048 2414 2105 2458 ut
2151 2418 2280 2473 pro-

694 2509 928 2562 ducente
964 2501 1215 2573 produci.
1261 2499 1707 2568 Przeiutetligitur
1737 2497 1884 2552 enim
1932 2496 2124 2558 Pater,
2169 2510 2275 2565 qua

692 2599 857 2654 Pater
897 2593 1247 2666 producenti,
1293 2607 1398 2662 qua
1445 2590 1759 2662 producens
1792 2598 1913 2652 est',
1957 2597 2016 2642 ut
2047 2587 2273 2642 diceba-

696 2708 807 2751 tur.
839 2697 1010 2750 Aliter
1044 2693 1405 2763 paternitate,
1438 2706 1560 2760 qua:
1591 2697 1676 2742 est
1726 2702 1830 2740 una
1868 2701 1934 2740 ex
1969 2687 2276 2756 proprieta-

697 2791 877 2853 tibus,
909 2789 1216 2843 sustinente
1260 2793 1541 2853 paternam
1602 2779 1976 2852 bypostasim,
2009 2780 2176 2834 veluti
2222 2791 2276 2834 et

692 2883 891 2938 Filium
938 2881 1147 2941 filiatio,
1188 2890 1242 2932 et
1270 2877 1534 2946 Spiritum
1569 2873 1876 2944 productio,
1921 2889 2031 2928 non
2086 2874 2274 2942 utique

692 2976 857 3031 simul
896 2973 1062 3028 fuerit
1095 2973 1419 3041 paternitas,
1452 2978 1527 3034 et,
1557 2983 1675 3036 qua:
1713 2967 1765 3022 in
1801 2967 1964 3022 Patre
1994 2975 2111 3029 est,
2141 2981 2271 3034 pro-

692 3070 904 3126 ductio.
937 3065 1393 3134 Prmintelligetur
1426 3057 1694 3130 siquidem
1726 3061 2025 3129 pateruitas
2065 3076 2184 3128 quae
2219 3059 2272 3113 in

694 3167 856 3222 Patre
890 3175 991 3223 est,
1029 3173 1082 3216 et
1117 3163 1258 3216 idem
1293 3160 1398 3214 erit
1428 3159 1630 3221 dicere,
1663 3158 1853 3212 activae
1897 3155 2267 3225 productioni.
2301 3135 2345 3193 (ἶ

695 3262 875 3326 Quare
905 3267 959 3312 et
990 3256 1179 3318 Filius,
1219 3269 1340 3307 cum
1379 3253 1536 3306 Pater
1574 3260 1635 3304 ut
1676 3252 1984 3320 producens
2017 3247 2278 3316 producit

696 3353 959 3424 Spiritum
998 3360 1272 3412 sanctum,
1309 3345 1564 3400 eamdem
1594 3344 1877 3414 possidens
1919 3359 1947 3398 τι
1979 3343 2137 3396 Patre
2181 3357 2278 3408 per

695 3445 1106 3515 generationem
1143 3440 1482 3502 facultatem,
1519 3437 1890 3506 productivam
1922 3451 2138 3504 nempe,
2169 3449 2274 3486 una

695 3553 814 3591 eum
871 3537 1030 3590 Patre
1085 3532 1421 3600 intelligetur
1482 3531 1534 3581 iu
1593 3527 1835 3597 Spiritus
1879 3526 2271 3596 processione,

694 3646 813 3698 qure
845 3643 948 3680 uua
983 3625 1150 3679 fuerit
1191 3638 1256 3678 ex
1294 3623 1452 3677 Patre
1488 3636 1584 3690 per
1631 3619 1871 3686 Filium,
1912 3634 2017 3672 una
2066 3618 2277 3672 scilicet

694 3718 988 3790 p:iucipio,
1024 3727 1078 3769 et
1111 3730 1216 3768 una
1252 3715 1541 3778 facultate,
1584 3726 1706 3780 qua:
1739 3710 1792 3763 in
1826 3711 1984 3764 Patre
2029 3719 2084 3763 et
2137 3708 2277 3762 Filio

692 3820 813 3872 cst,
851 3811 904 3861 in
956 3808 1050 3860 illo
1081 3805 1250 3860 veluti
1295 3805 1349 3857 in
1398 3803 1586 3868 fonte,
1628 3809 1684 3856 et
1729 3801 1935 3871 absque
1981 3801 2275 3869 principio,

694 3920 797 3958 nec
827 3905 896 3956 ab
930 3903 1039 3955 alio
1068 3899 1288 3963 tradita;
1324 3897 1376 3950 in
1422 3897 1561 3950 Filio
1588 3909 1717 3950 vero
1749 3903 2007 3964 tanquam
2035 3909 2100 3946 ex
2130 3895 2277 3962 prin-

694 3999 841 4068 cipio
879 3998 996 4052 sine
1029 3992 1328 4066 principio,
1359 4000 1414 4046 et
1447 3990 1632 4050 fonte.
1675 3999 1732 4044 et
1765 4002 1927 4042 causa
1972 4003 2068 4056 per
2112 4002 2276 4056 gene-

623 4070 630 4076 ﬂ
697 4093 964 4146 rationem
1005 4088 1282 4149 exhibita,
1316 4102 1385 4141 ex
1436 4085 1544 4154 q‘ua
1587 4083 1749 4137 ambo
1799 4081 2059 4137 exsiliunt
2102 4080 2277 4138 Filius

693 4193 750 4240 ct
800 4184 1039 4253 Spiritus
1094 4190 1335 4236 sanctus.
1394 4179 1742 4248 Quapropter
1776 4176 2018 4247 Spiritus
2051 4187 2277 4232 sanctus

689 4279 813 4348 jure
851 4277 1048 4330 merito
1079 4289 1144 4328 ex
1183 4273 1342 4327 Patre
1376 4288 1473 4341 per
1497 4271 1692 4325 Filium
1722 4269 2020 4340 procedere
2050 4269 2274 4335 dicitur,

696 4369 1004 4425 indubitata
1041 4382 1104 4422 ac
1148 4366 1295 4420 clara
1330 4364 1706 4432 theologorum
1750 4363 2048 4418 sententia.
2092 4363 2278 4433 Neque

2378 1860 2475 1910 καὶ
2504 1857 2606 1919 τὰς
2631 1857 2802 1919 αὐτὰς
2835 1855 2950 1925 ἔχει
2976 1854 3253 1926 δήπουθεν
3302 1853 3677 1923 τελειότητας,
3733 1850 3818 1910 ὡς
3875 1849 3985 1901 ἐδέ-

2377 1950 2576 2003 δεικτο·
2611 1947 2711 2002 καὶ
2728 1949 2852 2011 νοῦς
2878 1948 2933 2001 δὲ
2963 1947 3057 2001 καὶ
3087 1947 3342 2018 βούλησις
3366 1945 3735 2014 τελειότητες.
3761 1941 3986 2004 Ἄλλως

2378 2059 2440 2103 τε
2459 2041 2545 2105 τίς
2571 2041 2672 2096 οὐκ
2705 2038 2816 2095 οἵδε
2846 2039 2974 2094 νοῦν
2999 2057 3059 2094 τε
3101 2041 3196 2094 καὶ
3227 2039 3488 2110 βούλησιν
3520 2038 3589 2091 τὰ
3618 2036 3769 2090 αὐτὰ
3796 2037 3985 2105 πάντη

2379 2134 2598 2198 πάντως
2627 2138 2685 2188 ὲν
2713 2135 2889 2204 Πατρὶ
2919 2134 3013 2187 καὶ⁸
3040 2133 3155 2203 Υἰῷ
3187 2133 3282 2186 καὶ
3338 2131 3417 2203 τῷ
3449 2131 3780 2196 Evadunt;
3818 2127 3988 2183 Ἀλλὰ

2380 2227 2489 2297 μὴν
2518 2224 2596 2278 ὅθ’
2621 2227 2647 2278 6
2681 2226 2811 2288 Υἱὸς
2845 2226 3135 2296 παρήγετο
3163 2226 3228 2278 ἐκ
3260 2223 3474 2294 Πατρός
3504 2223 3580 2286 ὠς
3633 2223 3896 2292 Πατρὺς,
3926 2221 3987 2274 οὐ

2378 2323 2582 2374 νοεῖται
2610 2319 2669 2372 τὸ
2689 2319 2846 2388 ἆγιον
2880 2314 3108 2388 Πνεῦμα
3156 2319 3220 2371 εκ
3264 2316 3360 2370 τοῦ
3391 2316 3604 2386 Πατρός
3642 2315 3728 2377 ὡς
3773 2315 3989 2384 129660-

2378 2413 2518 2477 λέως
2551 2413 2921 2484 παράγεσθαι.
2956 2411 3375 2480 Προεπινοεῖται
3428 2411 3541 2480 γὰρ
3595 2411 3622 2460 6
3681 2408 3893 2477 Πατὴρ
3953 2401 3988 2480 ᾗ

2380 2507 2591 2578 Πατὴρ,
2615 2506 2710 2560 τοῦ
2731 2505 3038 2575 προϐολέως
3123 2503 3446 2574 προόολεὺς,
3473 2501 3548 2564 ὡς
3566 2501 3824 2569 ἐλέγετο.
3853 2500 3988 2553 ’Δλ-

2377 2596 2484 2661 λως
2519 2615 2578 2650 τε
2609 2597 2700 2650 καὶ
2735 2597 2834 2658 τῆς
2867 2596 3212 2666 πατρότητος
3267 2593 3615 2662 ὑφεστώσης,
3651 2593 3795 2664 μιᾶς
3855 2592 3987 2644 [6:6-

2377 2707 2542 2759 τητος
2564 2689 2756 2757 οὔσης,
2781 2687 2878 2757 τὴν
2916 2686 3197 2756 πατρικὴν
3230 2687 3557 2746 ὑπόστασιν,
3587 2686 3861 2755 καθάπερ
3893 2689 3988 2740 καὶ

2378 2784 2468 2835 τὸν
2513 2783 2642 2835 Υἰδν
2692 2784 2724 2850 ή
2756 2781 2959 2850 υίότης,
3003 2779 3186 2833 καὶτὸ
3243 2778 3522 2850 Πνεῦμαή
3578 2778 3860 2850 προϐολὴ,
3890 2781 3986 2832 οὗ)

2378 2877 2444 2930 ἂν
2472 2876 2587 2945 ἅμα
2618 2876 2703 2945 εἴη
2737 2875 3035 2945 πατρότης,
3076 2873 3172 2926 καὶ
3215 2874 3246 2942 ή
3276 2873 3334 2924 ἐν
3357 2872 3436 2942 τῷ
3474 2873 3656 2940 Πατρὶ
3706 2873 3988 2943 προϐολή.

2379 2965 2926 3037 Προεπινοηῡήσεται
2982 2967 3093 3034 γὰρ
3150 2969 3435 3035 πατρότης
3507 2967 3610 3034 τῆς
3669 2965 3735 3018 ὲν
3780 2967 3984 3036 Πατρὶ,

2378 3060 2576 3114 ταυτὸν
2607 3059 2664 3114 δὲ
2693 3062 2889 3124 είπεῖν,
2921 3058 3022 3129 τῆς
3049 3057 3415 3130 ὲνεργητικῆς
3433 3058 3743 3128 προϐολῆς.
3769 3059 3989 3114 Οὐκοῦν

2381 3155 2474 3208 καὶ
2504 3157 2530 3208 6
2558 3154 2705 3217 Υἱὸς,
2732 3153 2811 3206 ὅθ’
2841 3155 2869 3206 6
2906 3151 3094 3223 Πατὴρ
3165 3152 3240 3215 ὡς
3288 3151 3608 3223 προόολεὺςξ
3646 3155 3907 3221 παράγει
3935 3153 3992 3206 τίο

2383 3247 2608 3317 Πνεῦμα
2631 3252 2690 3300 τὸ
2716 3247 2892 3316 ἅγιον,
2942 3245 3042 3317 τήν
3075 3247 3243 3317 αὐτὴν
3279 3247 3420 3318 ἔχων
3448 3249 3601 3317 παρὰ
3627 3249 3730 3301 τοῦ
3771 3249 3993 3317 Πατρός

2379 3344 2465 3395 διὰ
2499 3343 2807 3412 γεννήσεως
2833 3340 3088 3411 δύναμιν,
3153 3342 3252 3410 τὴν
3315 3342 3700 3413 προϐλητικὴν
3754 3344 3990 3414 δηλαδὴ,

2382 3432 2904 3503 ξυνεπινοηθήσεται
2931 3432 3012 3501 τῷ
3046 3432 3223 3502 Πατρὶ
3257 3433 3395 3501 πρὸς
3417 3433 3517 3502 τὴν
3553 3433 3679 3486 τοῦ
3722 3436 3992 3504 Πνεῦμα-

2380 3543 2471 3588 τος
2507 3525 2756 3598 πρόοδον,
2795 3525 2928 3594 μίαν
2958 3524 3127 3579 οὖσαν
3179 3526 3244 3577 ὲκ
3296 3526 3509 3596 Πατρδς
3558 3525 3630 3578 δι’
3658 3527 3826 3593 Υἰοῡ,
3897 3533 3995 3600 μιᾷ

2378 3619 2586 3690 δηλαδὴ
2613 3619 2846 3688 δυνάμει
2875 3635 2935 3671 τε
2975 3619 3072 3672 καὶ
3103 3620 3270 3689 ἀρχῇ,
3307 3622 3374 3689 τῇ
3411 3621 3468 3672 ὲν
3493 3621 3672 3690 Πατρὶ
3711 3621 3818 3674 καὶ
3855 3621 3996 3691 Tir},

2382 3718 2439 3768 ἐν
2468 3715 2567 3784 μὲν
2604 3713 2800 3783 ἐκείνῳ
2841 3713 3091 3781 πηγαίως
3119 3711 3288 3782 οὔσης
3345 3714 3442 3766 καὶ
3471 3713 3738 3783 ἀνάρχως
3781 3717 3889 3769 καὶ
3921 3723 3996 3787 μή

2381 3805 2512 3876 παρ’
2535 3807 2720 3872 ἄλλου,
2747 3807 2804 3858 ὲν
2837 3804 2894 3856 δὲ
2929 3802 3007 3874 τῷ
3033 3799 3148 3872 Υίῴ
3172 3803 3425 3876 διδομένη
3448 3803 3536 3858 διὰ
3569 3808 3908 3876 γεννήσεως
3935 3812 3997 3864 ἐκ

2381 3898 2614 3970 Hau-96;,
2659 3900 2748 3961 di;
2775 3899 2836 3963 ἐξ
2868 3898 3047 3969 ἀρχῆς
3076 3899 3319 3970 ἀνάρχου
3351 3903 3446 3954 καὶ
3498 3901 3693 3970 πηγῆς
3765 3905 3872 3957 καὶ
3895 3903 3996 3960 ἀί-

2379 3991 2524 4052 τίας,
2549 3990 2607 4054 ἐξ
2635 3986 2702 4061 ἧς
2747 3991 2996 4060 ἑκάτερα
3035 3991 3292 4060 πρόεισιν
3359 3991 3485 4054 Υίός
3516 4011 3572 4046 τε
3619 3997 3719 4047 καὶ
3759 3997 3997 4067 Πνεῦμα

2379 4083 2560 4154 ἅγιον.
2599 4082 2774 4146 Ὥστε
2810 4084 2871 4136 τὸ
2902 4081 3132 4152 Πνεῦμα
3163 4082 3221 4136 τὸ
3244 4083 3399 4152 ἅγιον
3421 4085 3648 4148 εἰκότως
3668 4088 3742 4141 ἐκ
3776 4091 3998 4161 Πατρός

2380 4175 2787 4246 ἐκπορεύεσθαι
2817 4175 3039 4244 λέγεται
3079 4175 3146 4230 δι’
3173 4177 3331 4244 Υίοῡ,
3367 4179 3510 4233 κατὰ
3538 4180 3642 4250 τὴν
3677 4182 3999 4252 ξυνεπτυγ-

2387 4273 2555 4340 μένην
2586 4270 2888 4338 θεολογίαν.
2915 4270 3052 4324 Οὐδὲ
3078 4269 3186 4341 γὰρ
3216 4274 3282 4324 ἐκ
3303 4273 3474 4342 μόνου
3502 4275 3751 4344 Πατρός,
3791 4278 3885 4331 ἵνα
3924 4283 3999 4349 μὴ

2383 4361 2662 4430 νομίζοιτο
2707 4363 2735 4415 6
2796 4362 2924 4426 Υἱὸς
2974 4361 3124 4432 αὐτῷ
3177 4363 3455 4432 ἀνόμοιος,
3516 4365 3592 4435 μὴ
3650 4370 3759 4430 τὰς
3827 4373 3998 4435 αὐτας

695 4465 841 4516 enim
873 4477 937 4515 ex
963 4459 1078 4513 solo
1104 4459 1290 4522 Patre,
1319 4471 1388 4510 ne
1419 4455 1590 4510 Filius
1616 4455 1693 4509 illi
1722 4464 2074 4525 reputaretur
2116 4456 2279 4511 dissi-

2388 4452 2529 4522 ἔχων
2553 4455 2900 4524 τελειότητας
2924 4453 3002 4524 τῷ
3034 4455 3236 4525 Πατρὶ,
3269 4457 3363 4509 καὶ
3390 4456 3480 4508 διὰ
3507 4457 3673 4512 τοῦτο
3707 4463 3847 4529 μηδ’
3869 4467 4002 4532 ὁμῇ.

694 4556 864 4619 milis",
904 4563 1164 4622 tanquam
1195 4549 1289 4620 qui
1325 4549 1546 4604 easdem
1593 4557 1758 4622 atque
1798 4547 1961 4602 Pater
1986 4547 2284 4616 perfectio-

697 4666 795 4705 nes
853 4663 960 4702 non
1021 4645 1369 4716 possideret,
1432 4632 1834 4712 proptereaque
1895 4656 2076 4710 neque
2113 4659 2282 4698 ,ροη-

695 4742 1108 4801 substantialis,
1155 4738 1300 4809 quod
1365 4736 1868 4792 couforrnissimutn
1935 4745 2019 4789 est
2068 4735 2288 4791 Arianae

700 4839 916 4901 lnrrcsi,
958 4835 1049 4904 qui
1087 4832 1284 4886 Filium
1310 4828 1496 4883 divina
1529 4838 1728 4881 natura
1771 4827 1948 4881 Patris
1984 4827 2282 4896 spoliabat.

699 4935 944 4996 Qum-mn
1002 4925 1203 4980 etenim
1262 4922 1550 4977 facultates
1605 4919 1836 4973 diversae
1874 4932 2040 4980 sunt,
2102 4931 2287 4976 essent

700 5037 920 5090 quoque
957 5017 1150 5072 eadem
1189 5015 1304 5084 ipsa
1333 5012 1569 5067 essentia
1597 5012 1835 5066 diversa.
1873 5009 2059 5079 Neque
2093 5025 2285 5066 rursus

701 5132 764 5168 ex
817 5112 974 5176 Filio,
1009 5126 1077 5164 ne
1119 5109 1319 5162 iterum
1353 5103 1522 5159 Filius
1553 5103 1886 5173 principium
1939 5104 2286 5158 existimare-

701 5217 789 5257 tur
815 5207 931 5257 sine
957 5199 1226 5270 irzriucipio
1250 5215 1263 5252 :
1287 5196 1523 5264 indeque
1560 5208 1801 5248 rursusa
1833 5203 2062 5262 paterna
2097 5210 2286 5248 essen-

699 5299 769 5352 tia
805 5306 1112 5362 naturaque
1140 5290 1374 5344 alienus.
1407 5288 1484 5340 Ad
1526 5286 1641 5340 haec
1670 5324 1684 5349 ,
1716 5300 1785 5339 ne
1817 5293 1872 5338 et
1904 5299 2074 5354 nepos
2105 5284 2284 5342 Patris

698 5397 1048 5461 reputarctur
1082 5385 1326 5454 Spiritus
1370 5388 1610 5443 sanctus,
1640 5393 1696 5433 et.
1747 5377 1920 5432 Filius
1974 5379 2102 5433 item
2161 5378 2282 5434 Filii

700 5486 816 5539 l'ci.
855 5485 1011 5537 Esset
1041 5480 1188 5536 enim
1229 5478 1472 5531 Vicissim
1501 5484 1556 5530 et
1582 5474 1754 5530 Filius
1796 5473 1976 5528 Pater.
2015 5473 2147 5528 ltcm
2172 5515 2186 5540 ,
2218 5490 2284 5529 ue

696 5579 827 5647 quid
879 5575 1013 5630 Filio
1053 5574 1270 5634 inesse,
1312 5567 1478 5621 veluti
1530 5565 1912 5635 productivam
1963 5564 2282 5620 facultatem

698 5671 941 5739 Spiritus
983 5667 1181 5726 sancti,
1212 5664 1591 5734 opinarentur,
1622 5657 1769 5728 quod
1807 5675 1909 5710 non
1941 5668 2087 5711 esset
2137 5657 2282 5712 idem

698 5779 930 5818 numero
965 5761 1020 5814 in
1065 5759 1175 5814 Deo
1227 5766 1278 5813 et
1314 5757 1494 5812 Patre.
1538 5753 1912 5809 Itttrodttcitur
1960 5769 2196 5823 namque
2229 5764 2284 5810 et

2387 4545 2591 4608 ούσιος,
2625 4545 2762 4615 ὅπερ
2799 4543 3053 4615 οὐδαμῶς
3097 4545 3324 4598 ἀπέοικε
3380 4548 3446 4615 τῇ
3477 4544 3571 4620 τοῦ,
3623 4548 3864 4618 ’Λρείου
3919 4554 4001 4605 ai-

2390 4635 2706 4708 ρέσει,’τὸν
2771 4635 2901 4690 Υἱὺν
2957 4635 3324 4711 ἁλλοτριούση
3371 4639 3473 4708 τῆς
3527 4623 3703 4703 ⁴(λείας
3770 4650 3998 4712 φύσεως

2386 4727 2480 4782 τοῦ
2517 4728 2752 4797 Πατρός·
2781 4721 2856 4782 ὧν
2891 4731 3001 4798 γὰρ
3027 4732 3082 4783 αἱ
3114 4729 3375 4800 δυνάμεις
3411 4731 3689 4801 διάφοροι,
3727 4739 3841 4790 καὶ
3861 4740 4000 4792 αὐτὰ

2389 4822 2453 4875 ἂν
2481 4819 2591 4874 εἷεν
2613 4825 2729 4885 ταῖς
2763 4821 2978 4886 οὐσίαις
3007 4823 3266 4893 διάφορα·
3299 4823 3410 4877 οὐδ’
3443 4820 3510 4878 αὖ
3569 4825 3634 4890 ἐξ
3698 4830 3849 4885 Υίοῦ
3918 4834 4000 4886 ἵνα

2392 4915 2466 4984 μὴ
2493 4912 2655 4968 πάλιν
2689 4916 2716 4968 ὁ
2749 4914 2875 4977 Υἱὸς
2910 4915 3056 4986 ἀρχὴ
3109 4915 3393 4984 νομίζοιτο
3445 4918 3715 4988 ἄναρχος,
3761 4927 4002 4980 κάντεδ-

2388 5011 2478 5061 οεν
2511 5010 2672 5064 πάλιν
2714 5009 2998 5080 ἀλλότριος
3032 5010 3130 5080 τῆς
3180 5009 3459 5080 πατρικῆς
3515 5012 3714 5077 οὐσίας
3752 5021 3868 5073 καὶ
3906 5021 4000 5090 es-

2392 5117 2550 5164 σεως’
2613 5103 2754 5172 πρὸς
2803 5102 2860 5156 δὲ
2916 5103 3010 5157 καὶ
3055 5101 3140 5156 ἵνα
3199 5099 3277 5171 μὴ
3331 5102 3526 5165 υἱωνὸς
3574 5109 3877 5175 νομίζοιτο
3949 5116 4004 5166 =5

2390 5195 2618 5265 Πνεῦμα
2645 5196 2706 5248 τὺ
2755 5195 2911 5264 ἆγιον
2951 5196 3044 5250 τοῦ
3094 5199 3334 5272 Πατρὸς,
3372 5202 3466 5257 καὶ
3528 5201 3648 5266 υίὸς
3706 5203 3778 5258 αὖ
3837 5210 4003 5261 πάλιν

2389 5289 2486 5342 τοῦ
2518 5289 2650 5343 rio-3
2687 5289 2781 5343 τοῦ
2834 5291 2991 5344 Θεοῦ·
3022 5286 3090 5362 ἦν
3124 5295 3231 5363 γὰρ
3259 5295 3325 5348 ἂν
3350 5297 3446 5348 καὶ
3470 5296 3498 5348 6
3535 5296 3667 5359 Υἱὸς
3725 5295 3804 5353 αὖ
3841 5301 4004 5353 πὰὶιν

2391 5385 2601 5454 Πατήρ·
2637 5384 2776 5453 πρὸς
2830 5383 2888 5437 δὲ
2935 5384 3032 5438 καὶ
3083 5387 3169 5440 ῖνα
3232 5388 3308 5459 μὴ
3336 5391 3611 5460 νομίζοιτό
3643 5408 3702 5444 τι
3757 5395 3850 5464 τῷ
3893 5396 4004 5462 Υίῴ

2389 5479 2676 5546 προσεῖναι
2707 5475 2782 5540 ὡς
2816 5477 3141 5550 παρακτική
3181 5480 3412 5551 δύναμις
3445 5482 3541 5535 τοῦ
3577 5484 3768 5552 ’ἁγίου
3834 5488 4002 5541 Evt-3-

2392 5586 2582 5643 ματος,
2619 5571 2696 5638 μὴ
2734 5570 2811 5640 τῷ
2851 5570 3002 5642 αὐτῷ
3035 5571 3094 5625 ὃν
3143 5573 3222 5643 τῷ
3247 5575 3470 5645 ἀριθμῷ
3497 5578 3602 5628 κάν
3636 5578 3722 5649 τῷ
3754 5579 4002 5650 Supini.

2389 5662 2587 5733 Πιτρί,
2629 5663 3018 5732 Ἐπεισάγεται
3055 5665 3162 5736 γὰρ
3195 5667 3289 5718 καὶ
3333 5665 3494 5720 τοῦτο
3525 5667 3701 5722 πάλιν
3741 5668 3918 5735 αὖθις
3946 5671 4003 5724 τὸ

2389 5757 2488 5828 τῆς
2515 5756 2702 5821 οὐσίας
2727 5747 3005 5827 ἀνόμοιον,
3039 5757 3074 5812 ἃ
3109 5758 3172 5828 δὴ
3205 5759 3381 5813 πάντα
3456 5761 3658 5816 ἀνόσια
3722 5766 3823 5815 καὶ
3886 5762 4000 5816 άξέ-
