4168 6434
233 427 368 494 1001
1185 430 1283 490 DE
1325 431 1848 493 PROCESSIONE
1885 435 2244 499 SPiRlTUS
2282 440 2575 501 SANCTI.
3352 426 3489 496 1002

232 564 385 618 μιτα,
417 546 512 600 καὶ
561 545 750 618 πόρρω
777 544 877 616 τῆς
910 544 1020 600 τῶν
1049 544 1401 615 Χριστιανῶν
1465 545 1802 614 Ἐκκλησίας

1919 550 2012 605 hoc
2056 567 2276 607 rursum
2305 594 2320 617 ,
2351 555 2605 609 essentia:
2652 569 2845 623 nempe
2880 550 3273 607 dissimilitudo
3303 589 3317 612 ,
3368 566 3490 619 qua)

186 662 189 663 ν
223 641 324 696 καὶ
366 640 627 702 πίστεως.

1919 643 2090 695 )mnia
2128 643 2316 714 impia.
2350 645 2582 710 nefaria,
2629 653 2683 700 et
2717 661 2747 700 a
2780 644 3094 700 Christiana
3127 640 3398 696 Ecclessia
3436 652 3491 695 et

1910 732 2015 785 fide
2052 749 2214 801 quam
2262 735 2688 805 disjunctissima
2727 743 2879 789 sunt.

1981 825 2032 877 7.
2075 825 2214 879 llinc
2239 824 2494 880 doctores
2518 826 2776 881 Ecclesiae
2801 835 2857 881 et
2887 825 3217 880 universalis
3257 821 3491 888 septima

1910 914 2156 985 synodus
2185 915 2551 972 decreverunt
2576 958 2589 979 ,
2621 932 2687 971 ex
2734 916 2893 971 Patre
2944 931 3044 985 per
3079 914 3274 969 Filium
3311 910 3491 981 Spiri-

289 822 359 885 C'.
390 819 492 875 Διὰ
506 818 670 875 τοῦτο
692 820 742 875 οί
766 820 867 892 τῆς
918 819 1245 905 Ἐκκλησίας
1280 817 1619 879 διδάσκαλοι,
1648 817 1742 869 καὶ
1767 818 1801 887 ἡ

220 912 487 985 καθολικὴ
519 913 725 985 ἑϐδόμη
786 913 1007 976 σύνοδος
1059 913 1124 966 ὲκ
1154 911 1249 965 τοῦ
1310 912 1523 981 Πατρδς
1581 911 1802 979 ἀπεφή-

223 1022 388 1061 ναντο
414 1005 480 1059 δι’
515 1004 648 1060 Υίοῦ
680 1006 745 1059 τὸ
789 1004 948 1073 ἅγιον
977 1002 1383 1072 ἐκπορεύεσθαι
1426 1001 1679 1070 Πνεῦμα,
1706 1001 1805 1071 οὐχ

1919 1016 2025 1060 tum
2062 1018 2311 1063 sanctum
2362 1008 2667 1077 procedere
2694 1049 2708 1074 ,
2741 1023 2850 1062 non
2886 1008 3032 1078 quod
3080 1006 3151 1061 sit
3194 1020 3358 1059 causa
3403 1003 3494 1057 Fi-

216 1099 297 1161 ὡς
330 1097 509 1152 αίτίου
565 1098 662 1152 τοῦ
703 1095 837 1151 Υίοῦ
897 1096 1074 1159 ὄντος,
1137 1093 1352 1155 οὐδ’ώς
1380 1091 1558 1163 ἀρχῆς
1619 1091 1805 1151 ἁπλῶς

1919 1100 2058 1165 lius,
2115 1108 2170 1155 et
2222 1102 2555 1171 principium
2603 1101 2892 1167 absolute,
2937 1110 2993 1154 et
3044 1098 3347 1169 productor
3402 1098 3495 1165 hy-

218 1187 319 1242 καὶ
341 1187 656 1258 προϐολέως
690 1189 790 1259 τῆς
812 1187 908 1242 τοῦ
938 1185 1077 1241 Πνεύ
1086 1203 1255 1257 ματος
1278 1186 1651 1250 ὑποστάσεως,
1691 1183 1806 1239 ἀλλ’

215 1279 296 1342 ὡς
332 1279 604 1344 ξυναιτίου
658 1280 753 1333 καὶ
799 1279 974 1349 ἀρχῆς
1000 1279 1059 1344 ἐξ
1088 1280 1286 1347 ἀρχῆς,
1320 1277 1431 1330 οὐδ’
1462 1275 1538 1338 ὡς
1573 1275 1648 1345 μὴ
1691 1275 1806 1328 οἴου

215 1388 281 1426 τε
312 1372 466 1436 ὄντος
485 1372 579 1427 τοῦ
608 1373 826 1443 Πατρδς
860 1372 1047 1441 μόνου,
1084 1370 1267 1439 μόνως
1304 1370 1368 1422 τὸ
1390 1367 1610 1438 Πνεῦμα
1637 1368 1807 1437 παρά-

216 1480 342 1533 γειν
374 1464 436 1517 τὸ
464 1464 648 1533 ἅγιον.
679 1457 757 1537 ’ᾟ
782 1464 973 1535 γὰρᾶν
1007 1464 1131 1517 οὐδὲ
1167 1463 1262 1516 τὸν
1298 1462 1427 1516 Υίύν
1448 1463 1579 1516 ἄνευ
1665 1460 1810 1523 τινὸς

218 1556 414 1626 ἐτέρου
447 1558 742 1625 προσώπου
788 1556 1051 1627 γεννῆσαι
1088 1556 1249 1626 μόνος
1301 1554 1492 1625 Πατὴρ
1547 1552 1805 1624 ἠδύνατο,

216 1641 307 1711 οἷς
350 1647 453 1718 τῆς
483 1647 653 1717 αὐτῆς
686 1648 817 1701 ἐστι·
854 1647 1195 1717 τελειότητος
1254 1645 1364 1699 τῶν
1404 1643 1811 1716 παραγομένων

218 1742 486 1813 ἑκάτερον
515 1743 608 1795 καὶ⁵
632 1741 940 1810 δυνάμεως.
970 1739 1160 1808 Πατὴρ
1189 1738 1289 1808 μὶν
1338 1736 1641 1817 γὰρρύτδς
1673 1736 1806 1789 αὐτ-

220 1834 411 1903 άρκως
444 1833 538 1886 τὸν
578 1832 710 1886 Υίὸν
751 1832 939 1901 γεννᾷ,
960 1832 1054 1884 καὶ
1080 1830 1142 1882 τὸ
1168 1827 1399 1898 Πνεῦμα
1428 1828 1723 1898 προϐάλλει
1749 1828 1811 1881 τὸ

218 1922 401 1990 ἅγιον,
428 1914 601 1979 ¹αὑτοῦ
643 1939 704 1976 τε
751 1923 905 1986 δντος
959 1920 1118 1974 ἔσται
1168 1923 1263 1974 καὶ
1315 1920 1345 1973 ό
1397 1919 1524 1999 ἴξίδς
1584 1921 1682 1974 καὶ
1742 1920 1801 1973 τὸ

216 2015 472 2083 Πνεῦμα,
504 2013 671 2069 αὐτοῦ
716 2032 776 2068 τε
810 2015 881 2070 αὖ
904 2015 1137 2076 ἀπόντος
1165 2016 1232 2084 τῇ
1267 2014 1503 2084 ἐπινοίᾳ,
1537 2011 1649 2066 οὐδ’
1671 2013 1802 2076 Υἱὸς

187 2108 363 2172 Δὅλως
404 2109 593 2172 ἔσται,
652 2106 775 2162 οὐδὲ
821 2108 883 2162 τὸ
923 2106 1156 2177 Πνεῦμά
1206 2125 1321 2172 πως
1386 2107 1445 2171 ἔξ
1483 2105 1639 2172 Υίοῦ,
1694 2107 1806 2160 οὐδ’

217 2200 365 2264 ὅλως
391 2198 450 2253 ἓν
474 2199 631 2253 οὐδὲν
654 2199 766 2254 τῶν
806 2199 1142 2269 προσώπων,
1204 2198 1280 2268 μὴ
1324 2198 1494 2265 ότιγε
1556 2196 1800 2265 πρόοδος,

218 2293 325 2346 καὶ
348 2294 382 2360 ὴ
408 2291 546 2364 πρὸς
573 2290 811 2362 ὕπαρξιν
860 2291 968 2345 τῶν
1019 2288 1330 2360 προσώπων
1380 2290 1651 2359 ἐνέργεια.
1680 2287 1805 2350 Υἱὸς

219 2384 376 2448 δ’ὡς
434 2382 777 2451 προϐάλλων,
857 2383 1127 2453 παράγων
1196 2398 1318 2445 πως
1376 2380 1474 2435 καὶ
1537 2381 1696 2443 αὐτὸς
1748 2379 1810 2433 τδ

220 2474 456 2547 Πνεῦμα
501 2478 562 2531 τὸ
590 2480 747 2547 ἆγιον
787 2480 852 2531 ὲκ
877 2475 972 2531 τοῦ
1033 2475 1250 2547 Πατρδς
1309 2475 1523 2545 προϊὸν,
1568 2474 1700 2527 αὐτό
1745 2490 1808 2543 γε

166 2603 183 2615 .
222 2568 553 2638 προϐάλλει,
585 2571 683 2624 καὶ
737 2568 831 2624 τοῦ
861 2568 1076 2641 Πατρδς
1102 2568 1427 2639 προϐάλλων
1484 2568 1807 2640 ἐξήρτηται,

227 2656 312 2728 μὴ
349 2657 432 2711 ὅτι
461 2657 596 2712 καθὸ
614 2658 905 2726 γεννᾶται,
933 2657 1070 2711 ἀλλὰ
1097 2658 1191 2710 καὶ⁵
1227 2651 1261 2732 ᾖ
1288 2656 1611 2727 προϐάλλων
1642 2658 1808 2722 ἐστὶν,

226 2746 319 2813 οἷς
345 2750 433 2804 διὰ
458 2752 766 2822 γεννήσεως
791 2752 893 2821 τῆς
925 2749 1096 2816 αὐτῆς
1146 2747 1470 2819 μεταλαϐὼν
1523 2748 1814 2818 δυνάμεως

224 2841 327 2896 τοῦ
350 2842 565 2914 Πατρύς
587 2842 662 2906 ὡς
690 2840 1116 2912 προϐάλλοντος,
1156 2839 1460 2909 προϐάλλει
1510 2842 1606 2894 καὶ
1650 2840 1813 2904 αὐτὸς

232 2932 461 3005 σύναμα
489 2934 568 3005 τῷ
632 2935 813 3005 Πατρὶ
854 2935 915 2989 τὸ
972 2936 1036 2987 ἔκ
1076 2932 1296 3004 Πατρδς
1346 2931 1814 3002 προϐαλλόμενον.

230 3027 334 3090 Ὠς
372 3044 438 3096 γε
476 3030 574 3081 καὶ
603 3028 651 3081 εί
698 3027 822 3082 κατ’
844 3026 1093 3080 ἐπίνοιαν
1150 3028 1179 3081 ό
1212 3023 1515 3097 προϐολεύς
1576 3023 1677 3093 μὲν
1721 3022 1815 3078 τοῦ

227 3122 453 3192 Πατρδς
488 3118 812 3193 προηγεῖτο,
850 3119 910 3174 τό
936 3120 992 3173 δὲ
1021 3118 1246 3189 Πνεῦμα
1272 3119 1333 3171 τὸ
1358 3116 1516 3185 ἆγιον
1548 3117 1818 3187 πρότερόν

1911 1193 2147 1264 postasis
2183 1193 2425 1264 Spiritus
2452 1211 2467 1262 ;
2495 1196 2589 1250 sed
2619 1194 2764 1264 quod
2791 1208 2915 1248 cum
2963 1192 3071 1246 alio
3102 1205 3266 1246 causa
3316 1188 3407 1251 sit,
3439 1198 3496 1243 ct

1914 1286 2245 1356 principium
2273 1301 2341 1340 ex
2365 1286 2661 1356 principio,
2709 1301 2902 1355 .ueque
2929 1284 3074 1355 quod
3110 1300 3218 1337 non
3249 1282 3321 1335 sit
3353 1279 3496 1349 potis

1912 1377 2062 1434 solus
2109 1376 2273 1432 Pater
2320 1376 2670 1446 singulariter
2704 1373 2968 1443 Spiritum
3004 1381 3257 1427 sanetum
3287 1370 3490 1440 produ-

1912 1482 2039 1522 cere
2078 1485 2092 1520 :
2125 1477 2238 1520 tum
2285 1466 2433 1520 enim
2469 1481 2647 1535 neque
2692 1463 2890 1519 Filium
2938 1464 3055 1519 sine
3104 1461 3333 1517 alterius
3370 1476 3494 1529 per-

1912 1573 2059 1613 sonae
2092 1573 2195 1628 ope
2231 1559 2383 1613 solus
2432 1573 2697 1627 generare
2730 1557 2997 1626 potuisset
3035 1573 3047 1609 :
3080 1570 3207 1609 cum
3244 1551 3492 1622 ejusdem

1913 1652 1985 1707 sit
2019 1650 2375 1721 perfectionis
2411 1648 2794 1718 facultatisquc
2825 1664 2895 1703 ex
2946 1646 3232 1718 productis
3283 1654 3494 1699 utrum-

1914 1760 2042 1814 que.
2082 1744 2217 1799 Nam
2249 1742 2409 1798 Pater
2459 1744 2575 1813 ipse
2627 1741 2961 1796 sufﬁcienter
2997 1739 3195 1794 Filium
3243 1747 3498 1808 generat,

1913 1847 1970 1892 et
2001 1837 2265 1907 Spiritum
2301 1844 2546 1890 sanctum
2577 1832 2853 1903 producit,
2897 1841 2953 1886 et
2981 1845 3105 1885 cum
3139 1829 3229 1883 ille
3252 1839 3359 1891 εει,
3391 1829 3500 1882 erit

1912 1931 2073 2001 plane
2111 1938 2167 1984 et
2201 1928 2398 1993 Filius,
2427 1938 2485 1983 et
2528 1926 2809 1996 Spiritus:
2838 1933 2894 1979 et
2921 1924 2967 1979 si
2998 1924 3044 1978 is
3087 1921 3354 1977 defecerit
3404 1935 3500 1974 co-

1903 2019 2165 2089 gitatione
2205 2026 2412 2083 nostra,
2445 2030 2687 2095 prorsus.
2720 2029 2898 2084 neque
2930 2011 3102 2067 Filius
3127 2012 3254 2075 erit,
3308 2026 3489 2079 nequc

1905 2111 2067 2165 etiam
2098 2110 2337 2179 Spiritus
2368 2124 2432 2164 ex
2484 2107 2624 2162 Filio
2646 2147 2662 2170 ,
2700 2114 2755 2161 et
2802 2104 2952 2160 nulla
2985 2104 3207 2173 penitus
3240 2117 3498 2171 persona,

1907 2211 2121 2258 tantum
2175 2200 2352 2264 abest,
2385 2210 2443 2255 ut
2480 2198 2760 2270 processio
2786 2200 2879 2262 sit,
2923 2208 2979 2251 et
3029 2197 3080 2251 in
3117 2194 3498 2251 cxsistentiam

1908 2309 2265 2365 personarum
2301 2302 2504 2347 motus.
2550 2291 2724 2346 Filius
2753 2304 2887 2344 vero
2935 2288 3105 2344 veluti
3163 2287 3497 2357 producens,

1908 2401 2012 2442 suo
2050 2385 2215 2441 modo
2266 2384 2601 2461 producens,
2640 2393 2696 2438 et
2731 2384 2846 2453 ipse
2899 2382 3168 2452 Spiritum
3216 2389 3499 2436 sanctum.

1909 2494 1973 2534 ex
2003 2478 2165 2533 Patre
2200 2487 2550 2532 cmanantem
2588 2474 2866 2545 producit,
2896 2474 3322 2544 producensquc
3353 2473 3499 2527 Patri

1911 2570 2179 2635 adhaeret,
2221 2583 2328 2623 non
2367 2552 2578 2623 tantum
2624 2577 2685 2622 ut
2715 2576 3052 2638 generatur,
3086 2565 3179 2619 sed
3216 2564 3382 2618 etiam
3438 2573 3500 2616 ut

1914 2649 2174 2732 producit
2206 2678 2219 2713 :
2258 2674 2494 2729 namque
2531 2673 2631 2730 per
2658 2658 3067 2730 generationem
3103 2656 3382 2710 facultatis
3412 2670 3504 2724 pa-

1917 2766 2107 2821 ternae,
2142 2764 2203 2810 ut
2239 2755 2595 2826 producentis
2624 2761 2901 2825 particeps
2933 2753 3133 2815 factus,
3172 2750 3503 2821 producitct

1916 2840 2035 2917 ipse
2092 2863 2200 2902 una
2236 2862 2360 2902 cum
2415 2848 2616 2913 Patre,
2671 2847 2818 2916 quod
2856 2860 2886 2899 a
2941 2847 3102 2899 Patre
3153 2843 3501 2913 producitur.

1916 2938 2068 2994 Adeo
2109 2948 2187 3005 ut,
2231 2939 2275 2994 si
2309 2947 2500 2994 nostra
2538 2937 2928 3008 imaginatione
2968 2936 3257 3006 fingamus,
3293 2950 3323 2988 a
3375 2949 3506 3004 pro-

1918 3029 2154 3085 ducente
2187 3031 2403 3085 Patrem
2470 3029 2647 3099 ipsum
2685 3028 2943 3100 praecedi,
2986 3039 3040 3083 ct
3066 3027 3334 3096 Spiritum
3374 3041 3504 3080 san-

1919 3131 2067 3177 ctum
2106 3131 2232 3176 ante
2252 3122 2427 3192 ipsum
2451 3120 2648 3176 Filium
2674 3119 2930 3189 produci,
2957 3119 3125 3174 Filius
3152 3129 3297 3173 esset
3326 3132 3356 3172 a
3380 3131 3506 3187 pro-

226 3230 353 3277 πως
378 3216 444 3267 ὲκ
468 3214 564 3267 τοῦ
591 3213 907 3284 προϐολέως
964 3211 1252 3281 παρήγετο
1298 3208 1391 3263 τοῦ
1419 3208 1578 3274 Υίοῦ,
1629 3212 1657 3262 ό
1689 3209 1815 3272 Υἱὸς

1921 3212 2149 3270 ductore
2180 3230 2276 3284 per
2303 3212 2593 3283 Spiritum,
2632 3220 2689 3267 et
2717 3210 2958 3281 Spiritus
2988 3204 3203 3275 eadem,
3260 3224 3382 3279 quae
3447 3208 3505 3263 in

224 3304 304 3362 ἂν
326 3301 397 3377 ἦν
421 3307 487 3358 ὲκ
508 3304 605 3358 τοῦ
647 3304 958 3375 προϐολέως
985 3303 1074 3357 διὰ
1089 3302 1183 3356 τοῦ
1213 3302 1552 3371 Πνεύματος,
1578 3300 1637 3354 τὸ
1667 3302 1720 3353 δέ
1752 3317 1814 3369 γε

227 3398 463 3468 Πνεῦμα
504 3398 573 3467 τῇ
598 3397 738 3467 αὐτῇ
774 3395 949 3470 δήπου
1000 3395 1235 3464 δυνάμει
1286 3396 1353 3464 τῇ
1401 3394 1460 3446 ὲν
1513 3393 1713 3462 Πατρὶ,
1747 3395 1815 3463 τῇ

225 3491 525 3562 γεννητικῇ
566 3488 772 3559 δηλαδὴ
816 3487 911 3541 τοῦ
957 3486 1091 3541 Υίοῦ
1122 3485 1380 3558 παρῆγεν
1427 3485 1493 3540 ἂν
1536 3487 1632 3540 καὶ
1684 3485 1827 3539 αὐτὸ·

224 3584 326 3637 τὸν
364 3581 495 3635 Υίὸν
526 3582 589 3634 ὲκ
630 3579 727 3634 τοῦ
766 3577 1085 3650 προϐολέως
1112 3576 1203 3643 ⁹ὥς
1239 3595 1305 3647 γε
1340 3577 1576 3649 Πατρός*
1611 3578 1712 3649 οὐχ
1735 3579 1816 3633 ὅτι

225 3677 259 3730 δ
282 3672 590 3745 προϐολεύς
614 3666 648 3751 ᾖ
685 3672 877 3741 Πατὴρ
906 3670 1008 3724 οὑκ
1030 3659 1100 3741 ἦν
1147 3668 1214 3722 ἂν
1243 3670 1530 3740 αὐτάρκης
1574 3669 1666 3723 τδν
1718 3672 1819 3725 αὐ-

224 3761 330 3817 τοῦ
359 3760 622 3830 γεννῆσαι
650 3759 800 3825 Υίὸν,
833 3759 967 3813 ὅπου
1003 3755 1100 3811 νῦν
1140 3756 1304 3812 αὐτδν
1333 3756 1625 3827 αὐτάρκως
1656 3757 1817 3825 μόνος

228 3856 426 3926 γεννᾷ,
475 3852 731 3924 καθάπερ
789 3851 885 3905 καὶ
930 3849 1053 3903 τότε
1109 3849 1271 3918 μόνος
1316 3848 1606 3919 αὐτάρκως
1638 3849 1703 3903 ἂν
1758 3848 1819 3901 τὸ

228 3946 468 4017 Πνεῦμα
499 3946 716 4014 παρῆγε
762 3944 825 3996 τὸ
856 3942 1033 4010 ἅγιον·
1091 3939 1208 3994 ἀλλ’
1235 3940 1319 3994 δτι
1372 3938 1470 4009 τὴν
1529 3938 1701 4011 αὐτὴν
1751 3940 1817 3994 διν

228 4036 352 4111 εἷχε
373 4036 701 4108 γεννητικὴν
730 4035 965 4104 δύναμιν
1010 4032 1092 4104 τῷ
1150 4032 1331 4104 Πατρὶ
1393 4030 1485 4087 διὰ
1539 4033 1815 4096 πνεύσεως

230 4130 389 4201 αὐτῷ
421 4128 691 4191 δοθεῖσαν,
719 4127 793 4187 ὡς
822 4124 1141 4195 τελειότητα
1196 4124 1295 4176 καὶ
1327 4122 1558 4193 δύναμιν
1606 4125 1671 4176 ὲκ
1708 4124 1816 4176 Πα-

233 4222 389 4291 τρδς,
419 4222 588 4290 μήπω
609 4216 704 4274 τοῦ
727 4216 858 4271 Υίοῦ
890 4218 955 4287 τῇ
990 4213 1211 4285 ἐπινοίᾳ
1234 4214 1656 4284 παραγομένου.
1704 4214 1818 4284 Τὴν

234 4317 296 4370 δὲ
361 4313 815 4382 ξυνεπτυγμὲνην
853 4294 1059 4381 ταύτην
1106 4308 1390 4375 θεολογίαν
1443 4309 1480 4378 ὴ
1530 4307 1817 4379 Ῥωμαῖκὴ

236 4406 598 4472 ἀναπτύξασα
625 4401 931 4472 Ἐκκλησία
954 4401 1053 4456 καὶ
1090 4401 1160 4455 ἐκ
1195 4401 1303 4454 τοῦ
1349 4399 1486 4455 Υίοῦ
1523 4399 1589 4454 τὸ
1630 4399 1818 4454 Πνεῦ-

232 4516 324 4571 μα
386 4497 745 4566 ὲθεολόγησεν
817 4492 1239 4564 ἐκπορεύεσθαι,
1305 4492 1472 4546 ταυτδ
1513 4492 1817 4566 βουλομένη

237 4594 385 4647 νοεῖν
411 4591 502 4645 διὰ
535 4590 727 4643 τούτου
752 4587 833 4656 τῷ
859 4587 926 4640 δι’
964 4584 1098 4639 Υίοῦ
1139 4586 1205 4638 ὲκ
1242 4584 1483 4655 Πατρδς,
1539 4583 1610 4637 ἵν’
1639 4584 1815 4638 αἰτίαν

1929 4586 2259 4657 principium
2290 4587 2532 4657 primum
2577 4585 2755 4643 sancti
2800 4583 3039 4654 Spiritus
3068 4584 3379 4654 hypostasis
3412 4584 3512 4639 Pa—
3596 4587 3603 4593 ’

241 4687 346 4756 μὶν
376 4684 467 4739 διὰ
495 4681 694 4735 ’τούτου
721 4679 817 4732 καὶ
844 4676 1032 4748 πηγὴν
1067 4677 1160 4730 καὶ
1189 4675 1367 4747 ἀρχὴν
1406 4673 1463 4741 ἐξ
1504 4674 1682 4745 ἀρχῆς
1713 4690 1823 4745 πη-

237 4779 409 4847 γαίαν
465 4777 566 4846 τῆς
605 4772 701 4828 τοῦ
736 4772 896 4841 ἁγίου
947 4769 1272 4840 Πνεύματος
1322 4769 1673 4832 ὑποστάσεως
1733 4769 1826 4822 τὸν

238 4871 468 4941 Πατέρα
498 4866 733 4939 κηρύξῃ,
762 4865 857 4919 καὶ
884 4865 1024 4918 κατὰ
1058 4863 1161 4933 τὴν
1193 4861 1290 4916 τοῦ
1317 4860 1456 4931 Θεοῦ
1503 4861 1678 4930 Λόγου
1715 4878 1825 4931 φω-

240 4963 363 5035 νὴν,
392 4960 671 5028 ξυναίτιον
700 4958 759 5013 δὲ
794 4957 889 5011 τὸν
913 4956 1064 5023 Υἱὸν,
1132 4956 1227 5008 καὶ
1274 4955 1458 5025 πηγὴν
1507 4955 1572 5008 ὲκ
1619 4953 1825 5024 πηγῆς,

126 5064 131 5067 ’
240 5053 343 5109 καὶ
366 5050 541 5125 ἀρχῆς
580 5048 681 5117 τῆς
724 5045 899 5115 αὐτῆς
955 5045 1331 5110 ὑποστάσεως,
1389 5043 1467 5114 τῷ
1521 5044 1673 5113 παρὰ
1728 5041 1826 5095 τοῦ

241 5140 463 5211 Πατρός
490 5136 656 5193 αὐτὸν
687 5135 833 5206 ἔχειν
867 5134 966 5205 τὴν
1003 5132 1379 5206 προϐλητικην
1438 5131 1694 5200 δύναμιν,
1751 5130 1825 5193 ὡς

243 5235 531 5303 ἐλέγομεν,
556 5224 591 5306 ᾖ
624 5228 815 5300 Πατὴρ
843 5228 1086 5299 παράγει
1111 5228 1171 5279 τδ
1194 5212 1426 5294 Πνεῦμα
1442 5224 1502 5277 τὸ
1534 5223 1709 5291 ἅγιον.
1738 5221 1829 5274 Διὸ

245 5329 350 5382 καὶ
392 5324 692 5396 άρχοειδῶς
728 5323 829 5393 μὲν
859 5321 954 5375 καὶ
987 5317 1437 5391 προηγουμένως,
1472 5316 1640 5387 φαίην
1669 5315 1713 5369 δ’
1738 5316 1825 5378 ἂν,

247 5420 347 5475 καὶ
381 5434 626 5488 προκατα
638 5412 859 5487 ρτικῶς,
882 5414 977 5468 καὶ
1005 5412 1276 5484 ἀρχικῶς,
1303 5411 1402 5466 καὶ
1417 5409 1624 5481 κυρίως
1647 5411 1712 5462 ὲκ
1734 5407 1828 5460 τοῦ

247 5511 470 5582 Πατρός
502 5507 753 5579 προϊέναι
781 5507 917 5576 φησὶ
943 5504 1002 5558 τδ
1034 5505 1259 5574 Πνεῦμα
1286 5503 1346 5557 τὸ
1378 5502 1556 5573 ἅγιον.
1590 5501 1683 5566 Ἐξ
1700 5500 1829 5554 Υἱοῦ

247 5605 309 5660 δὲ
332 5604 432 5674 οὐχ
454 5601 618 5667 οὕτω,
636 5599 738 5655 κᾶν
761 5600 855 5653 καὶ
877 5598 937 5664 ἑξ
966 5597 1131 5651 αὐτοῦ
1154 5601 1220 5667 τῇ
1249 5597 1386 5667 αὐτῇ
1410 5596 1724 5665 παράγηται
1743 5594 1832 5647 δυ-

251 5697 417 5767 νάμει
449 5695 545 5749 καὶ
572 5692 834 5764 προϐολῇ.
857 5689 992 5745 Οὐδὲ
1013 5690 1122 5760 γάρ
1149 5689 1320 5751 αἴτιος
1354 5690 1598 5751 ἀναίτιος
1626 5691 1654 5742 ό
1682 5688 1829 5752 Υἱὸς,

251 5789 377 5845 οὐδὲ
408 5787 552 5859 ἁρχὴ
577 5786 814 5855 ἄναρχος
846 5784 943 5854 τῆς
976 5784 1068 5836 τοῦ
1104 5782 1417 5852 Πνεύματος
1454 5782 1830 5844 ὑποστάσεως.

325 5884 398 5951 η’.
431 5876 621 5934 Ταῦτά
649 5892 729 5930 τοι
781 5875 879 5931 καὶ
924 5873 993 5940 ἐξ
1047 5874 1181 5929 Tim?
1215 5875 1399 5945 λέγειν
1452 5872 1706 5926 ἐθέσπισε
1766 5874 1829 5927 τό

1921 3305 2081 3361 Patre
2114 3315 2219 3370 est,
2252 3305 2528 3370 facultate,
2558 3304 2875 3376 generativa
2904 3318 3102 3373 nempe
3128 3287 3276 3366 Filii,
3296 3299 3504 3372 produ-

1922 3406 2070 3453 ceret
2102 3390 2158 3452 et
2185 3397 2302 3467 ipse
2336 3396 2535 3452 Filium
2568 3412 2636 3451 ex
2668 3394 3002 3466 productore
3034 3404 3289 3465 tanquam
3320 3393 3502 3449 Patre.

1920 3488 2039 3543 Non
2079 3489 2228 3559 quod
2281 3488 2628 3559 producens,
2667 3502 2775 3557 qua
2806 3486 2970 3542 Pater
3025 3494 3146 3552 est,
3204 3500 3314 3539 non
3361 3491 3508 3540 esset

1921 3577 2197 3635 sufﬁciens
2227 3570 2687 3651 suum'generare
2718 3576 2916 3631 Filium
2943 3618 2957 3643 ,
3006 3592 3131 3631 cum
3165 3590 3312 3629 nunc
3351 3574 3505 3630 illum

1923 3669 2263 3727 sufﬁcienter
2307 3671 2460 3727 solus
2506 3679 2771 3743 generat,
2804 3668 3266 3739 quemadmodum
3302 3678 3358 3723 et
3393 3676 3507 3722 tum

1922 3760 2071 3817 solus
2101 3761 2444 3818 sufficienter
2493 3762 2762 3834 Spiritum
2814 3771 3064 3817 sanctum
3106 3759 3506 3830 produxisset:

1922 3854 2019 3910 sed
2049 3854 2192 3923 quod
2226 3854 2455 3924 perinde
2481 3863 2647 3924 atque
2678 3854 2840 3911 Pater
2863 3853 3231 3924 generativam
3278 3851 3510 3906 faculta-

1925 3954 2037 4001 tem
2087 3944 2193 4001 sibi
2238 3961 2338 4015 per
2383 3945 2738 4015 spirationem
2786 3946 3286 4008 communicatam,
3335 3941 3509 3998 veluti

1923 4035 2318 4106 perfectionem
2351 4047 2404 4092 et
2448 4036 2764 4093 facultatem
2794 4037 3174 4107 possedisset,
3211 4050 3336 4090 cum
3372 4050 3509 4090 non-

1921 4128 2052 4182 dum
2090 4129 2261 4184 Filius
2306 4144 2336 4183 a
2382 4130 2542 4184 Patre
2587 4130 2919 4200 cogitatione
2966 4137 3154 4183 nostra
3203 4126 3511 4197 productus

1922 4230 2092 4277 esset.
2131 4222 2199 4276 Et
2246 4221 2387 4276 hanc
2413 4222 2638 4292 quidem
2672 4221 3000 4292 theologiam
3030 4219 3349 4287 implicitam
3396 4219 3509 4273 Ro-

1923 4328 2081 4367 mana
2132 4313 2380 4369 Ecclesia
2431 4314 2755 4383 explicans,
2800 4324 2848 4367 et
2914 4329 2978 4365 ea:
3034 4309 3178 4365 Filio
3250 4310 3510 4382 Spiritum

1921 4403 2200 4474 procedere
2255 4404 2669 4470 determinavit;
2702 4404 2756 4479 id
2803 4403 3012 4459 scilicet
3044 4402 3332 4456 insinuans
3355 4443 3370 4468 ,
3415 4416 3512 4471 per

1922 4494 2122 4550 Filium
2156 4508 2221 4550 ex
2260 4494 2446 4561 Patre,
2471 4503 2531 4548 ut
2573 4494 2745 4549 hocce
2790 4507 3037 4557 causam,
3078 4500 3134 4547 et
3176 4492 3380 4546 fontem
3406 4534 3421 4558 ,
3456 4502 3513 4547 ct

1930 4686 2067 4732 trem
2100 4678 2402 4749 evulgaret,
2430 4678 2598 4733 etiam
2627 4676 2932 4733 secundum
2976 4677 3069 4730 Dei
3098 4675 3263 4731 Verbi
3296 4691 3509 4742 vocem,

1927 4780 2230 4842 etvcausam
2258 4768 2627 4824 communiter
2659 4769 2879 4835 Filium,
2911 4780 2967 4822 et
2998 4768 3204 4823 fontem
3240 4784 3307 4823 ex
3334 4767 3509 4835 fonte,

1928 4871 1985 4917 ct
2041 4860 2371 4932 principium
2433 4877 2500 4916 ex
2544 4861 2813 4931 principio
2860 4861 3110 4931 ejusdem
3164 4862 3509 4933 hypostasis,

1928 4953 2078 5024 quod
2126 4970 2156 5008 a
2219 4953 2383 5008 Patre
2418 4954 2535 5024 ipsc
2581 4954 2967 5023 productivam
3001 4954 3355 5017 facultatem,
3401 4968 3512 5021 qua

1930 5046 2091 5102 Pater
2126 5045 2391 5117 Spiritum
2426 5059 2675 5105 sanctum
2727 5052 3014 5119 producit,
3062 5061 3122 5105 ut
3166 5052 3505 5116 dicebamus,

1930 5138 2147 5192 habeat.
2191 5138 2540 5211 Quapropter
2574 5157 2605 5196 a
2636 5142 2962 5214 primigenia
3002 5158 3164 5198 causa
3208 5153 3262 5198 et
3306 5143 3514 5212 princi-

1933 5230 2061 5302 pali,
2102 5232 2360 5300 adderem
2392 5235 2533 5304 ipse,
2571 5228 2833 5306 primaria
2885 5248 2942 5293 et
2974 5238 3249 5308 prmcipua
3305 5246 3360 5292 ct
3387 5253 3513 5307 pro-

1934 5325 2047 5392 pria
2080 5340 2111 5380 a
2142 5327 2304 5382 Patre
2336 5327 2636 5396 procedere
2661 5329 2828 5384 tradit
2858 5328 3122 5400 Spiritum
3141 5341 3386 5385 sanctum
3408 5372 3423 5396 ,
3446 5346 3513 5386 ex

1934 5416 2072 5473 Filio
2105 5433 2236 5481 vero
2263 5434 2371 5474 non
2396 5435 2573 5491 teque,
2602 5422 2731 5478 licet
2769 5432 2825 5479 et
2866 5438 2935 5478 ex
2966 5424 3082 5494 ipso
3118 5422 3310 5478 eadem
3345 5420 3515 5475 facul-

1934 5519 2045 5565 tate
2100 5518 2156 5565 et
2198 5511 2560 5580 productione
2595 5516 2948 5585 producatur.
2994 5516 3184 5587 Neque
3225 5515 3371 5569 cnim
3419 5514 3513 5569 Fi-

1933 5602 2040 5657 lius
2068 5611 2154 5657 est
2183 5618 2350 5658 causa
2394 5605 2515 5660 sine
2561 5621 2724 5661 causa
2754 5647 2769 5671 ,
2814 5624 2993 5678 neque
3028 5608 3356 5677 principium
3392 5607 3513 5663 siue

1936 5694 2206 5764 principio
2234 5695 2543 5766 hypostasis
2570 5696 2832 5769 Spiritus.

2007 5873 2058 5926 8.
2104 5873 2578 5945 Proptereaqucct
2607 5866 2696 5930 ἐχ
2746 5876 2882 5929 Filio
2924 5877 3028 5928 dici
3084 5875 3335 5931 Spiritum
3387 5894 3517 5928 aun-
