4168 6434
213 368 348 433 1005
1129 364 1219 423 [)E
1264 360 1783 425 PROCESSIONE
1822 362 2186 421 SPlBlTUS
2229 361 2515 421 SANCTI.
3326 350 3455 408 i‘ftn

207 477 369 535 θείοις
401 473 649 529 ἐντεῦθεν
677 476 732 527 αἱ
760 474 1113 532 ὑποστάσεις,
1171 470 1426 537 καθάπερ
1447 469 1561 530 τοῖς
1589 467 1771 519 θεολο-

1893 476 2023 528 sunt,
2047 468 2122 521 uti
2145 468 2549 521 accuratiorum
2578 464 2953 529 lltcoluguritttt
2984 477 3229 510 t“.'.|'.:l.2:‘.‘
3258 478 3354 507 ιἰιιε
3382 493 3388 501 .
3419 476 3455 506 ι-

208 566 525 637 γικωτέροις
552 565 863 635 ἐξήτασται.
892 565 1007 631 Οὐχ
1037 562 1180 614 οῦτω
1219 560 1275 613 δὲ
1310 559 1594 628 ξυμϐαίνει
1653 557 1777 625 περὶ

1893 565 2057 611 tutum
2099 568 2200 611 est.
2248 558 2420 611 Aliter
2460 571 2587 608 vero
2632 568 2688 605 se
2734 554 2898 605 lta'm-t
2940 554 2989 602 in
3038 550 3290 599 l'u-uiti'o-
3337 563 3455 606 istn-

206 658 307 727 τὴν
327 658 383 708 εν
412 655 491 725 τῷ
515 656 628 726 Υἰῷ
658 654 1031 729 προϐλητικὴν
1062 653 1316 721 δύναμιν,
1344 652 1446 719 τὴν
1476 652 1538 703 ὲκ
1563 650 1779 719 Πατρδς

209 747 357 818 αὐτῷ
415 748 699 818 διδομένην
733 749 822 803 διὰ
879 749 1207 817 γεννήσεως.
1274 745 1420 813 Αὐτὴ
1454 743 1584 812 γὰρ,
1645 741 1778 794 ὄο’ὁ

212 836 336 899 Υίὸς
380 839 682 908 παρῆκται,
739 841 907 907 μήπω
955 836 1248 904 νοουμένου
1298 834 1392 886 τοῦ
1459 831 1780 900 Πνεῦματος

208 928 629 999 ἐκπορεύεσθαι,
671 929 926 1000 καθάπερ
957 930 1197 999 πρόσθεν
1248 926 1530 995 ἐλέγομεν,
1581 926 1645 977 ὲκ
1675 924 1781 975 Πα-

206 1022 333 1088 τρὸς
365 1020 572 1075 δέδοται
606 1022 683 1091 τῷ
716 1021 829 1092 Υἱῷ
866 1022 1034 1093 μήπω
1070 1020 1165 1073 τοῦ
1202 1021 1416 1090 Πατρδς
1469 1018 1545 1081 ὼς
1581 1016 1780 1086 προδο-

207 1113 345 1176 λέως
366 1113 504 1183 αὐτῇ
531 1114 593 1166 τδ
625 1114 850 1184 Πνεῦμα
898 1113 1253 1185 προάγοντος.
1303 1112 1393 1164 Διὸ
1421 1112 1517 1164 καὶ
1547 1111 1614 1179 τῇ
1641 1109 1779 1178 αὑτῇ

206 1204 434 1274 δυνάμει
462 1205 558 1258 καὶ
597 1208 623 1257 ὁ
675 1199 885 1280 Υίὸς,ᾗ
938 1205 1260 1275 προϐάλλων
1300 1207 1363 1257 ὲκ
1406 1203 1503 1257 τοῦ
1532 1204 1780 1271 ιΠατρὸς,

212 1293 431 1364 σύναμα
465 1296 636 1365 Πατρὶ
668 1298 766 1369 μιᾷ
797 1296 1010 1367 προόδῳ
1049 1298 1109 1349 τὸ
1133 1296 1357 1360 Πνεῦμα
1397 1295 1687 1365 ἐκπορεύει
1725 1295 1785 1345 τὸ

210 1382 386 1453 ἅγιον,
416 1384 495 1437 ὅθ’
521 1387 547 1435 ὁ
577 1386 764 1457 Πατὴρ
859 1385 1159 1455 προϐολεὺς
1192 1386 1326 1439 αὐτὸ
1361 1383 1678 1455 ὲκπορεύει.

284 1470 338 1526 ι’.
384 1474 615 1529 Ἔπειτα
640 1477 698 1529 δὲ
729 1477 824 1531 καὶ
854 1476 992 1546 πρὸς
1023 1477 1085 1529 τὸ
1112 1476 1368 1545 δεύτερον
1401 1475 1555 1540 ἵστω,
1593 1478 1678 1529 ὅτι
1725 1476 1786 1527 τὸ

207 1562 307 1630 τῆς
333 1565 510 1635 ἀρχῆς
540 1567 712 1635 ἤιομα
744 1567 941 1631 διττῶς
995 1569 1056 1623 οὑ
1090 1571 1253 1637 μόνον
1298 1571 1411 1631 τοῖς
1446 1569 1784 1639 φιλοσόφοις,

208 1657 347 1711 ἀλλὰ
382 1661 608 1724 καὶτοῖς
638 1662 950 1731 θεολογοῦσι
980 1661 1351 1730 λαμὸάνεται,
1385 1664 1481 1716 ἕνα
1518 1664 1618 1734 μὲν
1661 1664 1804 1732 ’πρό--

211 1766 312 1801 πον
341 1750 417 1812 ὡς
449 1751 701 1821 δύναμις,
730 1752 891 1808 ἄλλον
915 1753 961 1808 δ’
988 1753 1059 1807 αὑ
1087 1754 1161 1817 ὠς
1197 1756 1512 1825 πρόσωπον,
1576 1756 1608 1825 ἣ
1655 1755 1788 1808 άτο·

1882 650 2119 714 ductiva,
2148 665 2266 718 qua!
2299 650 2353 703 in
2384 648 2520 702 Filio
2544 657 2649 709 est,
2672 662 2735 700 ex
2774 645 2931 699 Patre
2965 642 3062 710 ipsi
3104 658 3198 709 per
3235 658 3446 693 canum

1886 743 2084 797 tionem
2117 742 2381 795 exhibita.
2420 740 2511 793 Illa
2560 742 2744 796 cnifn.
2793 753 2914 789 cum
2950 736 3119 788 Filius
3160 734 3458 802 prmiuctm

1882 841 2001 895 est,
2057 835 2299 886 nomium
2360 831 2671 894 intellecto,
2722 828 2988 896 Spiritum
3036 827 3368 895 procedere.
3406 835 3460 877 nt

1883 935 2041 979 antea
2070 923 2275 978 dictum
2311 933 2417 986 est,
2442 938 2508 977 ex
2536 923 2694 976 Patre
2756 920 2992 973 traditur
3023 918 3177 978 Filio,
3220 918 3460 969 uetidu-n

1885 1019 2066 1083 Patre,
2097 1018 2262 1072 veluti
2314 1017 2664 1086 productore,
2695 1031 2757 1070 ea
2792 1013 3055 1084 Spiritum
3102 1013 3460 1081 producente.

1886 1110 2288 1178 Pu-Optercaque
2332 1109 2522 1163 eadem
2570 1107 2829 1162 facultate
2865 1117 2921 1161 et
2950 1106 3140 1166 Filius,
3180 1120 3286 1173 qua
3335 1120 3462 1172 pro-

1887 1199 2081 1254 ductor
2111 1212 2191 1253 est
2223 1217 2287 1254 ex
2324 1200 2505 1263 Patre,
2542 1201 2702 1253 simul
2734 1214 2859 1253 cum
2891 1198 3049 1253 Patre
3083 1213 3186 1249 una
3243 1210 3462 1264 proces-

1888 1292 2040 1348 sione
2075 1293 2342 1361 Spiritum
2380 1303 2631 1347 sanctum
2674 1292 2950 1361 producit,
2988 1306 3111 1344 cum
3147 1288 3324 1349 Pater,
3359 1303 3463 1356 qua

1890 1385 2188 1454 productor
2219 1395 2324 1448 est,
2376 1386 2526 1439 illum
2552 1384 2825 1454 producit.

1963 1478 2048 1532 10.
2094 1477 2167 1531 Dc
2200 1477 2441 1532 secundo
2486 1477 2833 1547 postmodum
2865 1476 3025 1541 sciat,
3056 1473 3313 1544 principii
3369 1484 3467 1524 no-

1892 1586 2057 1634 men,
2102 1586 2207 1623 non
2258 1578 2470 1625 tantum
2524 1585 2552 1624 a
2608 1568 2953 1639 philosophis
3002 1565 3096 1620 sed
3131 1580 3160 1618 a
3199 1563 3468 1632 theologia

1890 1677 2108 1731 Quoque
2146 1662 2405 1731 bipartito
2442 1662 2641 1730 accipi,
2681 1671 2737 1715 et
2766 1675 2873 1714 uno
2912 1658 3135 1729 quidem
3178 1660 3357 1719 modo,
3392 1656 3467 1707 uti

1894 1756 2141 1819 facultas.
2196 1757 2303 1810 alio
2354 1758 2427 1811 uti
2495 1771 2749 1825 persona.
2792 1764 2887 1807 aut
2942 1751 3308 1811 individuum,
3375 1760 3466 1801 aut

212 1843 400 1912 μον,ἢ
439 1843 761 1908 ὑπόστασις.
785 1846 1051 1900 Καλείται
1098 1846 1155 1899 δὲ
1204 1848 1239 1917 ἡ
1290 1847 1389 1916 μὲν
1434 1849 1578 1919 ἀρχὴ
1630 1847 1663 1917 ἡ
1713 1847 1786 1908 ὼς

1893 1847 2202 1916 bypostasis
2238 1869 2249 1901 :
2293 1856 2522 1902 vocatur
2555 1861 2684 1900 vero
2715 1843 3067 1915 principium,
3112 1851 3171 1895 ut
3217 1840 3469 1899 facultas,
3519 1878 3524 1883 .

205 1932 459 2003 δύναμις,
495 1930 550 2008 ᾖ,
580 1937 886 2002 τουτέστιν,
983 1938 1213 2009 δυνάμει
1238 1941 1332 1993 καὶ
1383 1939 1525 2010 ἀρχῇ
1558 1939 1788 2009 προάγει

204 2029 269 2077 τό
290 2043 353 2094 γε
386 2029 651 2112 προάγον,
683 2029 856 2102 αὐτῆς
889 2030 990 2099 μὲν
1007 2033 1067 2085 οὐ
1111 2031 1489 2104 προαγούσηςο
1524 2034 1558 2103 ἠ
1590 2032 1697 2102 γὰρ
1725 2032 1789 2085 ἂν

204 2118 309 2174 καὶ
337 2121 477 2189 αὐτὴ
505 2119 639 2192 ἄλλῃ
668 2122 776 2175 τινὶ
798 2123 1026 2193 δυνάμει
1072 2123 1293 2195 παρῆγε
1326 2129 1390 2196 τῇ
1433 2127 1489 2179 ἐν
1512 2126 1668 2196 αὐτῇ,
1699 2128 1791 2179 καὶ

204 2208 349 2280 αὑτὴ
408 2211 571 2264 πάλιν
606 2211 675 2266 αὖ
713 2212 880 2285 ἑτέρᾳ
937 2215 1189 2282 δυνάμει,
1228 2216 1526 2271 κάντεῦθεν
1578 2218 1635 2270 ἑν
1678 2219 1790 2281 τοῖς

205 2299 333 2353 καθ’
354 2301 484 2354 αὑτό
508 2304 542 2373 ή
570 2303 656 2356 ἐπ’
682 2304 916 2376 άπειρον
945 2301 1014 2377 ἦν
1051 2307 1427 2379 προχώρησις,
1481 2310 1619 2381 ὅπερ
1669 2310 1789 2363 άτο-

204 2407 333 2444 ποψ
367 2394 540 2464 ἀρχῆς
571 2394 628 2449 δὲ
658 2394 826 2465 οὑσης
852 2397 1025 2468 αὐτῆς
1062 2402 1155 2452 καὶ
1193 2400 1503 2471 δυνάμεως,
1620 2406 1792 2474 προά-

203 2499 296 2551 γει
334 2484 395 2536 τὸ
432 2484 600 2556 αὐτὴν
620 2487 860 2557 ἔχον,ὡς
896 2490 1043 2560 ἀρχὴ
1089 2490 1232 2544 κατὰ
1293 2493 1352 2543 τὸ
1397 2492 1649 2561 δεύτερον
1689 2492 1788 2560 τῆς

201 2572 381 2642 ἀρχῆς
416 2576 840 2645 σημαινόμενον.
871 2578 936 2631 Ἦ
968 2579 1027 2633 δὲ
1061 2580 1208 2650 ἀρχὴ
1252 2583 1286 2651 ἡ
1309 2580 1383 2643 ὡς
1419 2582 1789 2654 πρόσωπον,ἢ

200 2662 434 2733 ἄτομον,
471 2666 504 2736 ἢ
533 2665 855 2735 ὑπόστασις,
897 2669 1023 2739 ἥτις
1052 2671 1324 2736 καλεῖται,
1344 2674 1640 2725 τουτέστιν
1666 2674 1789 2743 ἥτις

203 2757 452 2826 παράγει
479 2753 602 2832 τῇῇ
636 2760 866 2831 δυνάμει
894 2765 959 2832 τῇ
1005 2764 1063 2815 ἐν
1122 2762 1260 2834 αὑτῇ
1293 2764 1524 2835 δηλαδή.
1586 2767 1790 2820 Τοσαυ-

197 2845 509 2936 ταχῶςρῦν
529 2850 623 2903 τοῦ
654 2852 754 2921 τῆς
783 2852 959 2924 ἀρχῆς
995 2853 1260 2922 ὀνόματος
1283 2854 1786 2925 ἐκλαμϐανομὲνου,

200 2943 258 2995 εί
308 2943 409 3009 μὲν
441 2945 496 2995 ἐν
530 2944 708 3017 Πατρὶ
738 2946 833 2998 καὶ
884 2946 999 3018 Υίῷ
1030 2946 1127 2999 δύο
1170 2948 1270 3010 τὰς
1324 2948 1501 3018 ἀρχὰς
1536 2948 1657 3017 θείη
1708 2969 1787 3013 τις

197 3034 284 3096 ὡς
325 3034 586 3105 δυνάμεις
618 3038 1019 3109 προδλητικὶς,
1052 3036 1143 3101 αἶς
1176 3040 1366 3111 Πατὴρ
1424 3041 1517 3094 καὶ
1572 3042 1699 3105 Υἱὸς
1730 3048 1788 3095 τὸ

198 3126 439 3194 Πνεῦμα
466 3130 807 3197 παράγουσι,
842 3130 990 3199 μάλα
1025 3133 1256 3198 ἄτοπον,
1297 3132 1391 3185 καὶ
1426 3132 1643 3202 ψευδὲς,
1694 3135 1788 3187 καὶ

195 3215 309 3284 τῆς
326 3218 614 3284 εὐσεϐείας
641 3220 951 3293 ἀλλότριον.
978 3216 1055 3293 ’ᾟ
1075 3223 1184 3294 γάρ
1203 3223 1269 3278 ἂν
1287 3223 1399 3277 οὐδ’
1429 3225 1460 3295 ἡ
1484 3224 1621 3295 αὐτὴ
1636 3226 1791 3280 οὐσία
1820 3215 1860 3242 ’⁸

196 3310 288 3381 τῷ
327 3312 549 3380 ἀριθμῷ
612 3311 791 3385 Πατρὶ
834 3312 1052 3383 προσῆν
1107 3315 1201 3368 καὶ
1230 3314 1369 3384 Υίῷ,
1442 3308 1525 3378 οἷς
1572 3317 1638 3386 τῇ
1696 3317 1794 3385 τῆς

126 3458 133 3463 ,
198 3405 383 3492 αὐτῆς
418 3404 705 3473 δυνάμεως
758 3403 1034 3476 διακρίσει
1089 3408 1183 3460 καὶ
1229 3407 1262 3477 ἠ
1312 3408 1590 3474 διάκρισις
1632 3408 1813 3468 εὐθὺς,

194 3495 403 3546 ἕπεται
433 3494 533 3563 τῆς
565 3493 776 3559 οὐσίας,
811 3494 928 3547 ἔστι
963 3494 1065 3564 μὲν
1086 3496 1175 3547 ὅτε
1222 3497 1315 3549 καὶ
1365 3496 1519 3561 εῖδει,
1572 3498 1689 3549 ἐστι
1748 3496 1792 3548 δ’

195 3585 298 3637 ὅτε
346 3586 440 3638 καὶ
480 3585 559 3656 τῷ
594 3586 806 3657 ἀτόμῳ.
843 3584 984 3641 Ἀλλ’
1009 3585 1154 3639 οὕτω
1197 3586 1292 3640 δύο
1337 3588 1512 3655 ἀρχὰς
1572 3589 1629 3639 ἐν
1678 3590 1791 3639 τοῖν

198 3678 361 3730 δυοῖν
389 3677 464 3742 ὡς
489 3678 753 3749 δυνάμεις
794 3679 1051 3750 οὐδαμῶς
1085 3683 1117 3752 ὴ
1174 3682 1295 3751 ἱερά
1332 3681 1442 3734 τῶν
1502 3683 1792 3751 Ῥωμαίων

194 3765 465 3829 ἐδόξασεν
517 3767 838 3837 Ἐκκλησία.
869 3768 1168 3837 Πολλοῦγε
1233 3770 1331 3823 xei.
1360 3771 1441 3822 δεῖ
1485 3785 1501 3802 ·
1560 3772 1789 3838 ὄπουγε,

196 3854 467 3927 καθάπερ
497 3856 783 3926 ἐλέγομεν,
814 3858 1000 3932 πάντη
1022 3858 1124 3931 τὴν
1149 3860 1322 3928 αὐτῆς
1368 3862 1427 3913 ὲν
1454 3861 1632 3929 llath
1654 3876 1788 3930 προ-

195 3947 473 4028 ϐλητικῂν
498 3949 733 4019 δύναμιν
779 3949 1031 4021 τάριθμῷ
1085 3954 1369 4022 προσεῖναι
1433 3951 1649 4018 δοξάζει
1699 3954 1793 4008 καὶ

199 4036 288 4105 τῷ
318 4037 453 4107 Υίῷ,
484 4038 549 4090 lx
580 4038 675 4091 τοῦ
711 4038 926 4110 Πατρδς
954 4039 1102 4111 αὐτῷ
1132 4042 1420 4113 διδομένην
1464 4042 1553 4096 διὰ
1598 4045 1792 4115 γεννή-

203 4146 372 4197 σεως,
395 4130 652 4201 καθάπερ
681 4134 774 4185 καὶ
810 4132 911 4203 τὴν
949 4133 1138 4186 οὐσίαν
1161 4135 1357 4203 αὐτὴν,
1393 4135 1494 4188 ὅσα
1551 4152 1613 4188 τε
1653 4136 1792 4189 ἅλλα

202 4223 393 4291 φαμὲν
422 4225 534 4286 τοῖς
574 4222 892 4294 προσώποις
942 4227 1005 4279 ἐκ
1035 4225 1134 4295 τῆς
1169 4228 1414 4295 πηγαίας
1445 4227 1624 4297 ἀρχῆς
1656 4224 1831 4282 δίδοδ

204 4315 341 4367 σθαι
375 4314 470 4367 τοῦ
499 4311 637 4369 Θεοῦ
677 4317 768 4369 καὶ
801 4317 1041 4389 Πατρὺς,
1082 4316 1383 4371 κάντεῦθεν
1407 4318 1503 4372 καὶ
1533 4319 1663 4388 μίαν
1696 4320 1793 4373 τά·

204 4407 400 4477 ριθμῷ
438 4408 693 4478 πρόοδον,
749 4411 843 4461 καὶ
874 4409 933 4461 ἓν
961 4409 1137 4479 δήπου
1172 4410 1396 4479 Πνεῦμα
1447 4411 1509 4464 τὸ
1536 4411 1789 4482 παραγό-

205 4516 378 4568 μενον
410 4502 473 4552 ὲκ
508 4499 724 4571 Πατρδς
757 4499 823 4552 δι’
856 4499 1017 4567 Υίοῦ,
1046 4504 1112 4572 τῇ
1142 4503 1243 4572 μιᾷ
1272 4502 1532 4573 τάριθμῷ
1555 4502 1788 4571 δυνάμει

1898 4526 2043 4577 nem,
2074 4518 2130 4566 et
2160 4526 2327 4566 unum
2351 4527 2582 4567 numero
2608 4510 2876 4580 Spiritum
2899 4508 3229 4578 productum
3261 4522 3291 4561 a
3317 4506 3477 4561 Patre
3586 4548 3589 4551 ς

201 4595 277 4664 τῇ
314 4592 371 4644 ἐν
403 4593 632 4662 ἀμφοῖν.
658 4594 721 4647 Et
761 4594 818 4647 δὲ
850 4593 943 4645 δύο
988 4595 1162 4665 ἀρχάς
1193 4593 1340 4648 οὑτω
1384 4612 1468 4659 τις
1510 4596 1794 4666 ἐκλαμϐά-

201 4702 327 4738 νειν
347 4686 545 4750 ἐθέλει,
596 4685 852 4757 καθάπερ
881 4687 1211 4759 ὑποστάσεις
1244 4687 1339 4741 δύο
1373 4689 1466 4742 καὶ
1494 4689 1790 4760 πρόσωπα,

197 4781 262 4833 τί
293 4779 354 4829 τὸ
386 4779 587 4833 ἄτοπον
606 4780 741 4849 πρὶς
772 4779 871 4849 τῆς
900 4779 1129 4848 Τριάδος
1158 4780 1329 4851 αὐτῆς
1352 4798 1365 4845 ;
1392 4781 1427 4852 ἡ
1469 4784 1624 4836 ποῖον
1649 4784 1792 4840 κατὰ

201 4872 315 4939 τῆς
348 4871 682 4939 Ἐκκλησίας
719 4871 974 4925 ἐντεῦθεν
1008 4872 1210 4941 γένοιτ’
1232 4873 1299 4928 ἂν
1348 4874 1532 4944 δόγμα
1568 4875 1647 4947 τῷ
1697 4876 1791 4929 τοῦ

216 4965 791 5035 ’Δρείουσπροσεοικός
817 4981 832 5032 ;
862 4966 972 5019 Καὶ
1000 4966 1235 5019 πειθέτω
1261 4983 1320 5018 σε
1342 4967 1405 5019 τὸ
1431 4971 1531 5038 μιᾷ
1557 4968 1793 5038 δυνάμει

201 5054 314 5114 τὰς
357 5055 502 5122 τρεῖς
559 5053 891 5115 ὑποστάσεις
914 5054 1012 5122 τὴν
1051 5054 1233 5107 κτίσιν
1281 5053 1583 5124 παράγειν,
1641 5062 1792 5128 τρεῖς

200 5144 391 5214 ἀρχὰς
419 5142 590 5207 οὑτως
617 5144 691 5205 ὡς
715 5144 1064 5209 ὑποστάσεις,
1087 5148 1186 5215 οὐχ
1209 5146 1282 5207 ὡς
1311 5147 1599 5217 δυνάμεις.
1636 5149 1704 5202 '0
1733 5167 1791 5203 τε

201 5240 325 5307 γὰρ
340 5236 525 5306 Πατὴρ
544 5237 783 5306 παράγει
812 5236 911 5305 τὴν
936 5236 1134 5303 κτίσιν,
1157 5238 1184 5289 ὃ
1203 5237 1251 5290 θ’
1279 5238 1404 5301 Υἱὸς
1425 5242 1665 5311 παράγει
1690 5241 1793 5313 τὴν

201 5327 419 5389 κτίσιν,
450 5327 512 5381 τό
545 5343 605 5380 τε
638 5326 863 5397 Πνεῦμα
887 5328 949 5381 τδ
973 5329 1132 5398 ᾶγιον
1174 5332 1416 5401 παράγει
1440 5334 1540 5402 τὴν
1574 5335 1753 5387 κτίσιν
1776 5350 1791 5365 ·

200 5417 313 5472 καὶ
335 5416 486 5469 οὐδὲν
507 5416 760 5470 ἐντεῦθεν
781 5417 975 5471 ἕπεται
993 5420 1216 5488 ἄτοπον,
1237 5422 1347 5475 οὐδ’
1374 5422 1572 5487 ὰσεσὲς
1589 5423 1789 5495 δόγμα,

198 5507 337 5563 οὐδὲ
365 5508 441 5578 τῷ
466 5508 563 5562 τοῦ
601 5510 814 5581 ’Δρείου
853 5515 1198 5583 προσεοικός.
1258 5514 1406 5580 Ἕως
1452 5515 1559 5586 γὰρ
1586 5516 1652 5570 ἂν
1693 5521 1794 5590 μιᾷ

198 5602 505 5671 θεότητιαί
530 5603 860 5668 ὑποστάσεις
916 5606 1309 5675 πληθύνονται,
1358 5607 1619 5664 οὐδέποτε
1670 5614 1793 5668 άτο-

198 5709 318 5747 πον
340 5692 619 5765 νομισθείη
652 5695 711 5748 τὸ
736 5696 794 5748 εν
819 5696 919 5767 μιᾷ
936 5698 1030 5749 καὶ
1047 5700 1118 5768 τῇ
1146 5698 1287 5770 αὐτῇ
1317 5698 1548 5772 δυνάμει
1572 5704 1793 5768 πλείους

198 5784 315 5849 τὰς
352 5784 525 5856 ἀρχὰς
554 5784 822 5856 ὑπάρχειν
862 5786 937 5851 ὠς
964 5787 1317 5854 ὑποστάσεις.

1893 1954 1998 2008 qua
2033 1955 2227 2010 nempe
2253 1940 2513 1995 facultate
2551 1951 2605 1993 et
2628 1937 2898 2007 principio
2927 1934 3236 2006 producens
3265 1932 3471 2005 produ-

1892 2031 2062 2098 durit,
2105 2036 2219 2103 ipsa
2250 2033 2474 2101 quidem
2505 2031 2657 2087 nullo
2706 2030 2871 2083 mmlo
2914 2028 3285 2095 producente;
3318 2040 3471 2077 nam-

1892 2142 2002 2197 que
2037 2134 2151 2181 tum
2178 2135 2234 2182 et
2258 2127 2375 2197 ipsa
2414 2126 2519 2180 alia
2563 2122 2817 2193 quapiam
2853 2121 3130 2185 facultate,
3179 2133 3300 2187 qua:
3327 2117 3377 2170 iu
3408 2132 3469 2171 ea

1891 2226 2075 2285 esset,
2117 2219 2488 2289 produceret,
2522 2227 2578 2271 et
2628 2218 2742 2284 ipsa
2794 2228 2983 2279 rursus
3032 2212 3136 2266 alia
3187 2211 3468 2271 facultate,

1892 2311 2131 2380 hincque
2163 2310 2218 2366 in
2248 2311 2411 2365 rebus
2438 2308 2715 2364 similibus
2746 2308 3025 2368 processio
3050 2303 3280 2358 daretur
3308 2300 3361 2353 in
3389 2300 3471 2351 in-

1896 2402 2147 2470 finitum,
2188 2403 2332 2473 quod
2386 2403 2541 2473 pla‘ne
2591 2400 2891 2455 absurdum
2942 2407 3048 2453 est.
3086 2396 3190 2451 Sed
3226 2410 3351 2450 cum
3408 2410 3470 2446 ea

1892 2504 1976 2550 est
2013 2495 2345 2566 principium
2373 2504 2431 2550 et
2473 2492 2723 2557 facultas,
2770 2506 2877 2560 qua
2910 2490 3169 2560 producit
3220 2487 3469 2541 eamdem

1895 2589 2199 2657 possidens,
2231 2590 2307 2644 uti
2337 2588 2691 2659 principium,
2728 2586 2971 2641 secundo
3014 2583 3268 2653 principii
3305 2582 3473 2650 signi-

1895 2678 2077 2743 ficatu,
2112 2679 2370 2748 principii
2429 2678 2639 2731 scilicet
2669 2675 2816 2744 quod
2847 2686 2931 2730 est
2978 2684 3036 2727 ut
3069 2689 3303 2743 persona
3332 2715 3343 2732 .
3380 2682 3472 2728 aut

1892 2768 2261 2834 individuum,
2295 2779 2390 2825 aut
2420 2770 2752 2841 hypostasis,
2786 2769 2865 2822 sic
2897 2766 3096 2829 vocati,
3141 2765 3232 2834 qui
3269 2763 3469 2832 prmiu-

1891 2864 1965 2915 cit
1998 2863 2251 2919 facultate
2279 2878 2444 2932 quant
2477 2863 2531 2916 in
2580 2877 2638 2916 se
2687 2860 2876 2915 habet.
2933 2857 3039 2913 Tot
3078 2858 3261 2926 itaque
3297 2857 3473 2911 ItmtiiS

1892 2956 2112 3009 nomine
2144 2954 2396 3025 principii
2425 2963 2669 3023 accepto,
2697 2954 2739 3007 si
2779 2952 2833 3005 in
2883 2952 3043 3006 Patre
3079 2960 3133 3004 ct
3177 2949 3312 3003 Filia
3361 2947 3471 3000 duo

1890 3045 2160 3114 principia
2188 3046 2313 3115 quis
2334 3044 2705 3123 constituerit,
2727 3042 2891 3097 veluti
2923 3039 3209 3095 facultates
3233 3038 3468 3107 produc-

1893 3137 2051 3200 tivas,
2083 3137 2284 3205 quibus
2328 3137 2485 3191 Pater
2514 3145 2569 3191 ct
2613 3134 2785 3191 Filius
2831 3134 3099 3204 Spiritum
3135 3133 3465 3202 producunt.

1893 3225 2191 3283 abs’urdum
2234 3227 2287 3283 id
2326 3228 2716 3297 maximOpere,
2763 3242 2818 3282 et
2846 3225 3064 3289 falsum,
3099 3234 3155 3278 et
3186 3239 3214 3276 a
3241 3223 3471 3277 veritate

1895 3321 2138 3375 alienum
2177 3320 2758 3378 asseveraverit.Tum
2783 3318 3051 3386 siquidem
3073 3330 3250 3384 neque
3280 3314 3469 3369 eadem

1895 3429 2126 3468 numero
2154 3413 2391 3469 essentia
2415 3413 2562 3470 Patri
2582 3414 2786 3467 inesset
2813 3410 3044 3471 etFilio,
3063 3424 3201 3478 quos
3228 3405 3471 3475 υῙυδιιιοςιι

1895 3504 2168 3561 facultatis
2202 3506 2560 3561 distinctione
2602 3505 2789 3559 statim
2841 3513 2897 3569 et
2957 3512 3164 3556 natura:
3193 3498 3472 3552 distinctio

1894 3596 2348 3665 subsequeretur,
2391 3597 2686 3666 aliquando
2710 3595 2913 3664 specie,
2944 3589 3237 3662 aliquando
3277 3590 3466 3644 indivi-

1893 3687 2002 3743 duo
2036 3689 2273 3745 diversa.
2296 3688 2363 3742 Et
2396 3689 2495 3743 hac
2515 3688 2724 3742 ratione
2751 3688 2857 3741 duo
2877 3684 3144 3755 principia
3174 3683 3228 3738 in
3262 3681 3476 3737 duabus

1893 3781 2144 3851 personis
2188 3790 2249 3835 ut
2307 3780 2599 3836 facultates
2659 3793 2939 3849 nunquam
2987 3791 3143 3832 sacra
3196 3774 3472 3829 Romano-

1895 3886 2014 3925 rum
2056 3870 2294 3927 Ecclesia
2329 3871 2527 3927 tenuit.
2551 3871 2638 3927 Nil
2690 3871 2911 3935 minus;
2944 3882 3092 3931 cum,
3128 3866 3312 3936 utjam
3340 3865 3477 3918 dixi-

1894 3975 2037 4028 mus,
2081 3961 2257 4016 modis
2295 3961 2556 4016 omnibus
2581 3961 2829 4015 eamdem
2860 3957 3259 4029 producentom
3305 3955 3473 4010 facul-

1895 4060 2086 4118 tatem,
2128 4069 2250 4123 quas
2300 4054 2356 4107 in
2389 4054 2553 4109 Patre
2582 4063 2668 4108 est
2708 4066 2964 4113 numero.
2999 4052 3052 4105 in
3086 4049 3223 4103 Filio
3255 4063 3475 4117 quoque

1893 4160 2014 4200 esse
2045 4154 2255 4210 censet,
2289 4159 2355 4199 ex
2411 4144 2573 4200 Patre
2605 4143 2707 4214 ipsi
2741 4159 2841 4214 per
2890 4140 3297 4213 generationem
3329 4154 3478 4193 com-

1894 4236 2250 4301 municatam,
2286 4236 2367 4290 uti
2413 4245 2470 4291 et
2516 4235 2810 4291 essentiam
2844 4234 3050 4305 ipsam,
3104 4241 3159 4288 et
3207 4239 3478 4301 quotquot

1893 4328 1997 4384 alia
2030 4329 2283 4399 personis
2311 4344 2378 4384 ex
2412 4327 2743 4399 primigenio
2772 4326 3045 4397 principio
3076 4325 3187 4379 Deo
3223 4332 3280 4379 et
3317 4324 3478 4378 Patre

1895 4421 2216 4475 tribuuntur
2268 4436 2283 4476 :
2340 4419 2579 4489 indeque
2635 4433 2799 4473 unam
2856 4430 3090 4471 numero
3141 4415 3480 4485 progressio.

1897 4618 1995 4673 per
2028 4602 2263 4668 Filium,
2301 4605 2459 4658 unica
2511 4617 2745 4657 numero
2778 4600 3033 4657 facultate
3059 4642 3073 4665 ,
3108 4615 3229 4671 quae
3262 4600 3315 4654 in
3364 4614 3479 4653 am-

1895 4691 2075 4747 bobus
2103 4703 2209 4749 est.
2238 4691 2395 4758 Quod
2418 4692 2462 4747 si
2494 4692 2619 4763 quis
2646 4691 2756 4746 duo
2786 4691 3058 4762 principia
3081 4691 3153 4744 ita
3185 4689 3477 4759 acceperit,

1894 4785 2055 4855 quasi
2088 4786 2228 4839 duas
2260 4786 2586 4855 hypostases
2614 4791 2670 4837 et
2701 4799 2968 4853 personas
2993 4825 3008 4848 ,
3057 4782 3333 4854 quodnam
3380 4780 3477 4835 ab-

1896 4878 2148 4941 surdum,
2183 4892 2282 4948 per
2315 4877 2638 4947 Trinitatem
2676 4875 2875 4945 ipsam.
2905 4874 2988 4928 vel
3042 4874 3317 4944 quodnam
3353 4872 3481 4926 inde

1902 4970 2170 5026 adversus
2230 4967 2523 5023 Ecclesiam
2584 4966 2823 5036 dogma,
2896 4966 3033 5019 Ario
3091 4963 3477 5023 COIlCOl‘tlallS,

1895 5060 2180 5131 assurgat?
2204 5059 2273 5129 Et
2293 5058 2518 5114 suadeat
2546 5067 2618 5122 te,
2646 5056 2792 5127 quod
2817 5071 2922 5110 una
2947 5056 3203 5111 facultate
3236 5062 3352 5109 tres
3381 5056 3479 5124 hy-

1899 5162 2149 5225 postases
2168 5163 2478 5207 creaturam
2516 5150 2844 5221 producunt,
2867 5148 2967 5202 tria
3012 5148 3279 5217 principia
3328 5163 3482 5217 :cquc

1898 5256 2060 5316 atque
2085 5245 2622 5316 hypo‘stases,etnon
2649 5241 2953 5296 facultates.
2978 5239 3119 5294 Tum
3149 5240 3295 5294 enim
3327 5239 3482 5294 Pater

1896 5345 2205 5391 creaturam
2235 5335 2513 5405 producit,
2537 5343 2653 5387 tum
2703 5330 2875 5387 Filius
2920 5339 3225 5385 creaturam
3274 5331 3482 5398 produ-

1898 5430 2010 5493 cit,
2048 5441 2159 5483 tum
2204 5426 2442 5498 Spiritus
2473 5436 2699 5481 sanctus
2743 5434 3051 5479 creaturam
3105 5424 3394 5493 producit;
3426 5436 3482 5478 et

1896 5522 2035 5576 nihil
2090 5519 2215 5575 inde
2263 5518 2487 5575 absurdi
2522 5516 2904 5588 consequitur,
2942 5530 3117 5585 neque
3146 5516 3341 5585 dogma
3384 5515 3486 5569 int-

1898 5616 2262 5683 pium,neque
2301 5611 2445 5681 quod
2472 5610 2731 5665 Arianatn
2777 5608 3025 5663 hatresim
3060 5605 3279 5660 referat.
3301 5607 3484 5662 Donec

1896 5703 2043 5760 enim
2078 5705 2132 5758 in
2171 5719 2277 5758 una
2300 5702 2505 5760 Deitato
2537 5703 2856 5773 hypostases
2878 5698 3333 5769 multiplicantur,
3368 5700 3490 5751 nui-

1897 5799 2007 5851 lum
2050 5797 2352 5853 absurdum
2384 5795 2751 5867 reputabitur.
2795 5797 2846 5848 in
2880 5810 2985 5848 una
3047 5791 3349 5860 eademque
3406 5800 3487 5844 ta-

1904 5890 2105 5946 cuttate
2142 5896 2295 5961 plura
2328 5889 2595 5961 principia
2620 5889 2789 5946 veluti
2830 5888 3153 5957 hypostases
3190 5882 3486 5941 exsistere-
