4168 6434
651 388 785 449 1οθ7

643 586 968 639 divisionem
1012 598 1104 640 aut
1157 591 1590 643 contractionem
1644 593 1839 661 sequi,
1889 610 2069 665 neque
2124 595 2225 648 ali-

643 679 788 746 quod
823 679 1144 738 absurdum.
1187 697 1369 751 neque
1404 683 1548 753 quod
1604 684 1719 738 fleri
1754 700 1863 739 non
1896 688 2112 755 possit,
2166 687 2221 741 in

644 785 752 822 una
800 769 1071 837 siquidem
1123 772 1379 828 facultate
1432 774 1751 842 productiva
1783 816 1797 840 ,
1846 778 1921 831 uti
1954 794 2222 845 personae,

642 862 966 931 ltypostases
990 864 1314 920 dividuntur
1359 867 1517 921 Pater
1544 879 1599 922 et
1632 870 1821 933 Filius,
1866 873 2225 940 quemadmo-

643 954 775 1009 dum
813 965 869 1009 et
900 956 953 1010 in
994 973 1099 1011 uua
1130 958 1372 1013 essentia
1406 960 1569 1015 Pater
1606 972 1659 1015 et
1690 962 1861 1017 Filius
1900 973 1954 1017 et
1983 963 2226 1033 Spiritus

642 1056 901 1109 sanctus,
957 1062 1063 1101 non
1126 1048 1235 1102 duo
1299 1050 1661 1118 productores
1715 1053 2075 1118 exsisteutes,
2129 1054 2224 1110 sed

644 1154 808 1190 unus.
850 1137 967 1193 Duo
1004 1142 1191 1209 utique
1244 1141 1616 1210 producentes
1661 1144 1822 1198 modo
1881 1145 2226 1203 solummodo

643 1229 985 1285 differentes.
1024 1230 1159 1284 Illud
1193 1233 1397 1285 etenim
1449 1233 1767 1288 facultatem
1818 1236 2072 1304 respicitf,
2106 1252 2228 1304 quae

645 1339 749 1375 uua
778 1332 878 1378 est.
912 1339 1018 1376 non
1066 1324 1252 1392 plures
1280 1326 1333 1378 in
1361 1335 1616 1395 utroque.
1650 1327 2057 1399 Proptereaquc
2086 1345 2229 1385 unus

644 1413 872 1465 nitmiuo
900 1415 1250 1479 produccns:
1295 1416 1397 1469 hoc
1443 1433 1552 1470 uno
1593 1418 1916 1487 bypostases
1965 1436 2023 1475 re
2071 1422 2228 1490 quasi

646 1516 983 1572 separantes.
1022 1506 1426 1575 Proptereaque
1465 1509 1604 1563 duos
1641 1510 1878 1566 dicimus
1922 1512 2230 1581 producen-

649 1609 749 1654 ιιβ,
787 1610 851 1648 ex
898 1596 1240 1663 penitissima
1290 1599 1407 1667 ipsa
1453 1599 1741 1670 theologia:
1783 1601 2055 1658 doctrina.
2107 1603 2230 1660 Hmc

646 1700 730 1742 est
769 1690 1029 1743 Romanae
1060 1692 1334 1755 Ecclesire,
1370 1693 1514 1762 quod
1540 1694 1681 1748 idem
1719 1697 1831 1765 erit
1860 1696 2063 1765 dicere,
2102 1700 2228 1753 uni-

647 1780 878 1835 \crsalis
912 1781 1038 1836 lidei
1077 1781 1144 1835 de
1172 1785 1521 1851 processione
1548 1785 1787 1853 Spiritus
1813 1764 1987 1842 sancti
2030 1790 2225 1857 pietas.

650 1871 746 1926 llis
772 1886 874 1927 nos
902 1874 1118 1927 educati
1165 1890 1358 1931 sumus
1398 1877 1766 1946 instructique
1828 1879 2184 1949 dogmatibus
2215 1899 2227 1935 :

648 1978 756 2017 nou
788 1965 1117 2033 SOphismos,
1153 1974 1213 2018 ut
1259 1968 1481 2035 quidam
1536 1968 1936 2037 obloquuntur,
1973 1983 2067 2024 aut
2106 1987 2229 2041 per-

649 2054 935 2108 suasibilia
964 2055 1246 2125 sapientiae
1280 2058 1467 2121 verba,
1519 2068 1614 2112 aut
1656 2060 1893 2113 humana
1927 2062 2231 2130 excogitata

650 2158 856 2203 temere
900 2150 1213 2219 sequimur,
1280 2152 1372 2205 sed
1405 2152 1660 2207 Ecclesire
1693 2154 1965 2220 doctores,
2013 2164 2233 2211 senten-

650 2240 862 2310 tiasque
917 2257 1146 2308 eorum,
1200 2245 1445 2314 singulas
1496 2246 1758 2302 divinitus
1824 2249 2228 2316 pronuntiatas.

648 2332 788 2386 llinc
826 2332 991 2387 etiam
1051 2334 1229 2405 colligi
1266 2346 1443 2405 potest
1483 2339 1897 2410 existimarique
1948 2340 2051 2395 sibi
2098 2340 2229 2409 ipsis

649 2426 947 2479 concordia
978 2427 1167 2482 Patres
1202 2433 1540 2498 enuntiasse,
1592 2448 1770 2502 neque
1819 2434 1886 2487 de
1924 2433 2114 2487 iisdem
2148 2433 2229 2487 di-

646 2532 805 2571 versa
841 2529 1009 2589 atque
1044 2524 1344 2589 contraria,
1381 2524 1486 2579 sibi
1524 2526 1657 2595 ipsis
1689 2526 2065 2589 adversantes,
2100 2542 2230 2581 con-

648 2613 926 2678 cinnasse,
959 2614 1013 2668 in
1045 2631 1207 2685 quam
1256 2617 1606 2684 sententiam,
1637 2619 1730 2687 qui
1777 2634 1865 2673 res
1896 2619 2230 2687 theologicas

650 2708 922 2777 ignorant,
956 2710 1181 2775 abeunt,
1220 2726 1344 2765 cum
1382 2714 1466 2766 vel
1510 2724 1825 2767 sanctorum
1874 2714 2227 2783 pronuntiata

650 2802 811 2855 obelo
857 2802 1223 2871 trausiigunt,
1274 2806 1358 2859 vel
1411 2806 1865 2875 spuriis‘injectis
1892 2806 2228 2862 adulterant.

649 2897 735 2951 vel
766 2908 1085 2969 pernegant,
1120 2899 1203 2954 vel
1236 2900 1373 2953 male
1399 2909 1454 2955 et
1489 2900 1705 2967 inscite,
1739 2908 1814 2967 et,
1843 2910 1903 2955 ut
1932 2901 2064 2970 ipsis
2092 2900 2401 2968 allubescit,
2438 2903 2896 2971 interpretantur.

724 2993 813 3048 12.
857 2994 1059 3048 Verum
1111 3006 1165 3049 tu
1209 2995 1345 3048 nihil
1386 2997 1490 3051 tale
1530 2998 1791 3065 patiaris,
1828 3012 1992 3068 quem
2042 3013 2142 3069 ego
2177 3006 2234 3053 et

1818 392 2137 453 JUANNIS
2177 392 2670 453 ARGYROPULI

719 501 805 553 ‘Il.
853 499 945 553 llis
971 499 1152 568 itaque
1183 501 1529 557 manifestum
1567 514 1833 565 remanet,
1867 506 2067 559 nullam
2096 506 2219 558 inde
2248 504 2297 562 Α

3791 383 3941 447 1οθ8

2399 511 2485 558 ια’.
2507 506 2599 557 Ἐκ
2622 504 2826 557 τούτων
2849 502 2912 573 δὴ
2932 503 3186 571 φανερὸν,
3214 502 3293 554 ὅτι
3315 501 3542 569 οὐδεμία
3560 518 3645 563 τις
3668 501 3938 556 ἐντεῦθεν

2327 599 2593 666 διαίρεσις
2645 596 3023 669 ῆσυναίρεσις
3065 594 3280 658 ἕπεται,
3326 594 3523 646 ἕπεται
3562 592 3675 645 οὐδ’
3705 594 3847 647 ἄλλο
3888 614 3942 649 τι

2326 691 2530 744 ἄτοπον
2551 688 2642 741 καὶ
2656 687 2936 741 ἀδύνατον.
2961 687 3056 740 Ἐν
3071 686 3179 756 γὰρ
3198 687 3295 754 μιᾷ
3315 686 3545 754 δυνάμει
3570 685 3939 755 προϐλητιιῇ

2328 780 2700 852 προσωπικῶς
2718 780 2774 834 αἱ
2794 780 3120 843 ὑποστάσεις
3135 777 3421 849 διῄρηνται
3440 778 3633 847 Πατὴρ
3657 778 3758 830 καὶ
3778 777 3943 838 Υἱὸς,

2328 874 2583 943 καθάπερ
2615 874 2710 926 καὶ
2742 873 2798 925 ὲν
2832 872 2933 942 μιᾷ
2953 871 3113 938 οὐσίᾳ
3138 871 3330 940 Πατὴρ
3351 870 3481 933 rw;
3508 887 3570 923 τε
3589 868 3947 937 καὶΠνεῦμα

2329 965 2506 1029 ἅγιον,
2534 966 2595 1019 οὐ
2635 965 2727 1017 δύο
2767 965 2867 1035 μὲν
2898 964 3183 1034 προϐολεϊς
3213 963 3391 1026 ὄντες,
3417 961 3536 1016 ἀλλ’
3570 958 3653 1025 εἷς
3676 978 3691 991 σ
3745 961 3851 1014 δύο
3881 977 3947 1026 γε

2334 1056 2438 1127 μὴν
2476 1056 2902 1127 προϐάλλοντες,
2932 1054 3011 1123 τῷ
3042 1055 3230 1124 τρόπῳ
3262 1054 3411 1124 μόνῳ
3443 1070 3505 1120 γε
3539 1053 3947 1121 διαφέροντες.

2342 1150 2548 1202 Ἐκεῖνο
2574 1148 2675 1217 μὲν
2699 1148 2806 1218 γὰρ
2833 1147 2931 1216 τὴν
2963 1147 3194 1214 δύναμιν
3219 1147 3426 1216 ἀφορᾷ,
3462 1145 3595 1215 μίαν
3624 1140 3838 1209 οὖσαν,
3884 1144 3947 1196 οὐ

2334 1240 2551 1302 πλείους
2578 1240 2645 1294 ’ἐν
2690 1240 2960 1308 ἐκατέρῳ,
2998 1240 3093 1292 καὶ
3126 1238 3214 1305 διὰ
3263 1237 3426 1291 τοῦτο
3478 1232 3560 1300 εἷς
3616 1238 3862 1298 πάντως
3922 1240 3953 1290 ό

2333 1332 2660 1403 προϐολεύςο
2696 1332 2858 1385 τοῦτο
2891 1331 2946 1383 δὲ
2978 1332 3087 1401 ἄρα
3114 1332 3213 1394 τὰς
3237 1330 3572 1392 ὑποστάσεις
3601 1329 3679 1389 ὡς
3714 1330 3949 1398 διακρι-

2332 1427 2564 1492 νομένας
2588 1424 2663 1494 τῷ
2696 1425 2967 1494 χρήματι.
2992 1425 3107 1476 Καὶ
3138 1422 3228 1475 διά
3256 1418 3422 1475 τοῦτο
3448 1420 3541 1474 δύο
3574 1420 3769 1489 φαμὲν
3825 1422 3949 1472 θεο-

2331 1516 2673 1585 λογικὼτατα
2706 1517 2831 1578 τούς
2882 1514 3317 1585 προϐάλλοντας.
3381 1512 3533 1581 Αὕτη
3580 1511 3739 1563 ἐστὶν
3770 1513 3809 1580 ἡ
3845 1511 3950 1576 τῆς

2343 1608 2661 1677 Ῥωμαϊκῆς
2698 1607 3053 1676 Ἐκκλησίας,
3086 1604 3287 1659 ταυτὸν
3328 1603 3385 1655 δὲ
3434 1605 3634 1666 εἰπεῖν,
3675 1602 3785 1672 τῆς
3843 1618 3950 1653 κα-

2334 1701 2553 1770 θολικῆς
2587 1700 2827 1762 πίστεως
2890 1699 3021 1769 περὶ
3075 1700 3176 1767 τῆς
3206 1694 3597 1766 ὲκπορεύσεως
3643 1692 3745 1746 τοῦ
3777 1691 3947 1759 ἁγίου

2336 1791 2658 1859 Πνεύματος
2687 1794 2720 1859 ἡ
2749 1789 3029 1843 εὐσέϐεια.
3088 1786 3370 1846 Τοιούτοις
3409 1786 3572 1855 ἡμεῖς
3601 1782 3947 1854 ὲτράφημίν

2336 1900 2395 1937 τε
2431 1885 2528 1937 καὶ
2563 1881 2970 1950 ἐπαιδεύθημεν
2998 1879 3299 1948 δόγμασιν,
3330 1876 3389 1931 οὐ
3448 1874 3824 1944 σονρίσμασιν,
3868 1872 3948 1935 ὡς

2338 1974 2473 2026 ἔνιοί
2519 1971 2768 2043 φασιν,ἦ
2818 1970 3000 2024 πειθοῖ
3042 1969 3257 2037 σοφίας,
3322 1968 3355 2037 ἢ
3416 1964 3800 2035 ἀνθρωπίναις
3860 1965 3949 2017 ὲν·

2340 2066 2513 2129 νοίαις
2535 2066 2770 2135 γυμναῖς
2805 2062 3091 2131 ἑπόμενοι,
3135 2059 3275 2113 ἀλλά
3338 2059 3451 2119 τοῖς
3505 2054 3795 2122 θεολόγοις
3840 2052 3948 2121 τῆς

2348 2157 2698 2225 Ἐκκλησίας,
2736 2157 2831 2209 καὶ
2855 2154 3068 2222 ὅσαπερ
3097 2150 3285 2204 θεόθεν
3324 2146 3683 2214 ἐφθέγξαντο.
3720 2145 3948 2198 Ἑντεύ⁴

2338 2248 2429 2300 οεν
2461 2248 2576 2299 ἐστι
2606 2247 2693 2298 διά
2745 2244 2951 2297 τούτων
2991 2244 3087 2294 καὶ
3115 2242 3245 2303 τούς
3274 2239 3467 2306 ἁγίους
3522 2236 3781 2305 νομίζειν
3811 2236 3945 2303 Env-

2337 2343 2448 2410 ῳδά
2472 2338 2656 2409 σφίσιν
2686 2338 2871 2401 αὐτοῖς
2899 2332 3259 2404 φθέγγεσθαι,
3308 2332 3403 2385 καὶ
3436 2330 3499 2383 οὐ
3539 2331 3675 2400 περὶ
3698 2331 3817 2382 τῶν
3844 2328 3948 2383 αὐ-

2338 2436 2444 2488 τῶν
2493 2430 2869 2503 διαφέρεσθαι,
2917 2430 3056 2497 ὅπερ
3111 2430 3163 2480 οἱ
3200 2426 3300 2495 τῆς
3359 2423 3690 2491 θεολογικῆς
3732 2422 3943 2489 σοφίας

2337 2526 2769 2595 ἀνεπιστήμονες
2805 2522 3133 2592 πάσχουσιν,
3164 2519 3283 2589 ἤτοι
3310 2516 3377 2570 τά
3403 2516 3510 2569 τῶν
3532 2514 3715 2584 ἁγίων
3759 2512 3947 2565 665).!-

2338 2624 2524 2687 ζοντες
2555 2620 2865 2687 ἀξιώματα,
2914 2617 2947 2687 ἦ
3000 2613 3338 2678 νοθεύοντες,
3398 2609 3432 2679 ἢ
3484 2607 3853 2679 ἀρνούμενοι,
3911 2605 3946 2675 ἢ

2338 2716 2525 2776 κακῶς
2556 2715 2653 2767 καὶ
2695 2708 3177 2778 ἀνεπιστημόνως,
3228 2704 3323 2760 καὶ
3357 2703 3434 2766 ὠς
3456 2702 3661 2765 αὐτοῖς
3706 2699 3945 2769 ἐφετὸν,

2340 2808 2541 2878 ἐξηγοῦ
2553 2824 2725 2879 μενοι.

3934 2993 3946 3004 ι

2423 2999 2512 3069 ιβ’.
2567 2995 2731 3051 ’Λλλά
2773 2996 2847 3065 μὴ
2883 2992 3122 3048 τοιοῦτόν
3144 3006 3198 3043 τι
3255 2986 3453 3049 πάθοις
3487 2980 3678 3046 αὐτὸς,
3728 2979 3796 3033 δν
3830 2979 3939 3046 syri

651 3087 911 3141 onmibus
938 3087 1079 3154 aliis,
1123 3091 1215 3142 sed
1258 3089 1604 3158 potissimum
1634 3091 1906 3159 exquisito
1949 3091 2093 3145 circa
2122 3091 2236 3159 pie-

2348 3095 2513 3147 πᾶσιν
2546 3092 2728 3152 ἀλλοις
2757 3088 3052 3157 εὐδαίμονα
3084 3084 3162 3154 τῷ
3187 3082 3303 3136 ὄντι
3325 3078 3553 3149 νομίζω,
3607 3073 3707 3129 καὶ
3738 3073 3812 3173 δὴ
3846 3072 3950 3173 καὶ

653 3192 820 3237 latent
870 3181 1093 3247 studio,
1143 3192 1198 3237 et
1232 3191 1509 3237 rectorum
1559 3181 1875 3254 dogmatum
1925 3183 2236 3254 integritate

653 3288 783 3328 vere
819 3273 1157 3329 fortunatqu
1193 3286 1409 3344 reputo.
1446 3276 1509 3330 Et
1532 3276 1824 3346 diligenter
1856 3278 2062 3343 animo,
2117 3293 2239 3347 quae

654 3366 723 3421 ab
758 3366 1002 3436 utrisque
1040 3366 1419 3435 producuntur
1446 3369 1747 3438 perpensis,
1786 3382 2017 3435 sequere
2055 3368 2239 3437 potius

654 3474 752 3515 eos
789 3460 881 3528 qui
924 3460 1136 3513 ratione
1168 3475 1254 3514 res
1297 3460 1629 3527 tbeologicas
1670 3469 2038 3530 pertractant.
2077 3475 2238 3529 quam

657 3552 944 3621 imperitos
973 3552 1243 3621 improbe,
1276 3553 1368 3621 qui
1401 3552 1607 3608 nullam
1640 3554 1725 3607 sui
1771 3553 1900 3607 dicti
1944 3552 2239 3617 rationem,

656 3660 779 3715 qua:
805 3645 1007 3699 rationi
1053 3644 1154 3713 ipsi
1184 3659 1493 3699 consonans
1541 3645 1633 3706 sit,
1668 3644 1969 3707 adducunt,
2003 3654 2056 3698 et
2095 3644 2244 3715 judi-

658 3742 803 3796 cium
838 3741 1025 3811 potius
1056 3740 1246 3801 vitant,
1283 3750 1339 3794 et
1375 3739 1661 3793 veritatem
1729 3738 2017 3801 occulunt,
2053 3748 2109 3792 et
2141 3753 2240 3790 na-

658 3835 864 3889 tionem
912 3814 1228 3888 Grtncorum
1263 3842 1374 3885 tum
1409 3831 1604 3893 factis,
1657 3839 1771 3883 tum
1824 3828 1989 3883 dictis
2039 3828 2241 3881 misere

659 3926 917 3995 perdunt.
951 3926 1081 3979 Erat
1110 3925 1327 3978 animus
1374 3923 1513 3977 hanc
1542 3922 1847 3977 orationem
1888 3919 2240 3988 prolixiorem

659 4020 845 4085 edere;
870 4027 927 4075 et
954 4018 1021 4073 de
1041 4018 1234 4072 iisdem
1267 4018 1437 4071 multo
1456 4017 1610 4086 plura
1626 4017 1981 4082 concinnare,
2008 4013 2102 4070 sed
2129 4014 2244 4069 haec

660 4116 716 4169 in
750 4112 1043 4183 praasentia
1084 4113 1218 4166 satis
1242 4126 1364 4166 esse
1392 4111 1521 4164 duxi
1556 4121 1662 4165 tuae
1710 4108 2090 4166 examinatrict
2125 4109 2245 4161 ani-

662 4224 784 4272 mre,
837 4223 958 4276 quae
1004 4221 1069 4260 ex
1118 4203 1467 4275 paucissimis
1530 4203 1705 4257 multo
1761 4203 1919 4271 plura
1967 4199 2243 4271 conjicere

660 4311 824 4367 atque
887 4298 1308 4367 apprehendere
1358 4297 1523 4350 valet.
1569 4294 1839 4350 Secuturo
1888 4293 2242 4364 postmodum

663 4406 931 4462 tempore,
979 4392 1024 4447 si
1078 4391 1367 4455 ammeris,
1423 4389 1670 4444 latiorem
1722 4389 1791 4443 de
1844 4388 2010 4442 rebus
2041 4386 2243 4440 divinis

2349 3189 2415 3257 τῇ
2484 3184 2615 3253 περὶ
2690 3180 2793 3250 τὴν
2850 3178 3143 3233 εὐσέϐειαν
3197 3170 3463 3246 ἀκριϐείᾳ
3539 3168 3639 3221 καὶ
3697 3167 3773 3236 τῇ
3833 3162 3950 3257 τῷν

2345 3256 2526 3348 ὀρθῶν
2595 3275 2885 3345 δογμάτων
2964 3270 3242 3341 ὀρθότητι.
3300 3263 3443 3318 ’Δλλ“
3467 3259 3788 3327 ἐπιστήσας
3850 3256 3952 3309 σὺν

2346 3369 2605 3439 ἀκριϐείᾳ
2682 3367 2795 3429 τοῖς
2867 3362 3182 3433 λεγομένοις
3271 3356 3332 3422 ἐξ
3398 3352 3735 3423 ἑκατέρων,
3805 3349 3951 3401 ἕπου

2345 3465 2457 3521 τοῖς
2514 3456 2999 3524 θεολογικωτέροις
3048 3451 3255 3522 μᾶλλον
3346 3447 3446 3501 σὺν
3507 3444 3659 3512 λόγῳ
3723 3442 3763 3512 ἢ
3833 3440 3957 3501 τοῖς

2347 3550 2581 3621 ἀμαθέσι
2644 3549 2739 3602 σύν
2792 3544 3057 3615 άμκθείᾳ,
3123 3542 3287 3609 λόγον
3380 3538 3481 3606 μὲν
3542 3533 3749 3587 οὐδένα.
3813 3532 3959 3584 ﬁxo-

2348 3643 2604 3705 διδοῦσιν,
2643 3642 2700 3704 ὃς
2723 3640 2791 3695 ἂν
2824 3639 2917 3692 καὶ
2945 3635 3169 3703 εὔλογος
3210 3630 3523 3700 νομισθείη,
3574 3621 3960 3696 φυγοιδιιοῦσι

2348 3739 2408 3792 δὲ
2443 3736 2664 3808 μᾶλλον,
2692 3734 2789 3787 καὶ
2808 3732 2906 3801 τὴν
2931 3728 3193 3799 ἀλήθειαν
3230 3722 3700 3793 ξυγκαλύπτουσι,
3747 3716 3847 3768 καὶ
3894 3713 3957 3766 τὺ

2350 3834 2459 3887 τῶν
2503 3829 2775 3899 Ἑλλήνων
2807 3828 2965 3893 γένος
2991 3819 3077 3885 οἷς
3133 3815 3441 3890 πράττουσί
3473 3830 3533 3866 τε
3577 3812 3678 3865 καὶ
3716 3808 3959 3875 λέγουσι

2350 3923 2778 3993 διαφθείρουσιν.
2838 3915 3174 3983 Ἐϐουλόμην
3211 3910 3308 3964 τὸν
3326 3908 3573 3979 παρόντα
3624 3901 3799 3993 λόγον
3863 3902 3961 3993 εις

2350 3991 2581 4078 τείνειν,
2601 4012 2697 4066 καὶ
2744 4009 2919 4063 πλείω
2960 4023 3041 4060 σοι
3096 4003 3334 4073 γράφειν
3395 3997 3506 4053 τῶν
3552 3992 3743 4049 αὐτῶν
3807 3991 3949 4059 πέρι

2350 4108 2735 4179 λαμπρότατα·
2802 4101 2919 4155 ἀλλ’
2942 4099 3133 4168 ἀρκεῖν
3185 4094 3416 4162 ἐνόμισα
3458 4087 3645 4179 ταύτά,
3694 4084 3847 4179 νυνὶ,
3886 4083 3956 4151 τῇ

2352 4174 2676 4267 ἐξεταστικῇ
2710 4212 2805 4247 σου
2834 4193 3004 4261 ψυχῇ,
3025 4189 3083 4255 ἐξ
3105 4187 3305 4253 ὀλίγων
3331 4184 3472 4249 ἀγαν
3504 4177 3575 4232 τά
3590 4175 3780 4230 πλείω
3804 4174 3961 4267 ξυνι-

2350 4266 2461 4345 δεῖν
2498 4266 2795 4358 δυναμένῃ.
2841 4285 2930 4338 Ἐν
2956 4283 3013 4335 δὲ
3045 4279 3125 4351 τῷ
3153 4276 3295 4349 μετά
3316 4272 3493 4328 ταῦτα
3525 4270 3712 4341 χρόνῳ
3770 4266 3960 4358 διεξο-

2353 4383 2674 4451 δικώτερον,
2702 4357 2850 4431 είσύ
2889 4373 3160 4436 κελεύοις,
3217 4366 3650 4434 θεολογήσομεν,
3710 4357 3961 4429 ἀκριϐέ-

662 4501 975 4541 sermonem
1018 4484 1366 4549 habebimus,
1398 4484 1710 4538 accuratius
1746 4481 2085 4549 tlteologicas
2119 4493 2237 4533 sen-

2358 4492 2551 4545 στερον
2574 4475 2643 4526 τὰ
2696 4472 2794 4540 τῆς
2844 4465 3131 4534 θεολογίας
3190 4457 3603 4530 διεξερχόμενοι
3666 4451 3957 4549 δόγματα.

664 4578 865 4633 tentias
915 4586 1283 4632 recensentes.
1340 4577 1455 4631 Mos
1504 4576 1777 4645 siquidem
1832 4587 2060 4642 prorsus
2115 4572 2249 4635 tibi,

664 4672 832 4727 veluti
863 4672 1053 4741 patriae
1107 4680 1163 4725 ct
1217 4670 1455 4725 nationis
1491 4669 1731 4723 curatori
1768 4666 2043 4738 gerendus
2072 4675 2176 4719 est.

746 4886 1067 4949 JOANNIS
1148 4836 1641 4946 ARiIYBOPULl
1712 4880 2073 4943 EPISTOLA
2136 4878 2242 4938 AD
2313 4872 2773 4937 DOMINICUM
2838 4866 3288 4940 ROBOREUM,
3348 4860 3880 4924 C‘ARDINALEM

2359 4543 2467 4619 Ast
2498 4566 2609 4635 γάρ
2639 4580 2722 4617 σοι
2753 4559 3043 4615 πείθεσθαι
3083 4556 3324 4619 πάντως,
3358 4550 3616 4618 καθάπερ
3648 4543 3837 4614 πατρὶ
3863 4543 3960 4598 καὶ

2360 4656 2620 4728 κηδεμόνι
2652 4651 2745 4707 τοῦ
2774 4651 2991 4719 γένους.

3700 4780 3939 4794 ..——__

2022 4978 2603 5043 TAURINENSEM.

741 5127 795 5179 ιι
840 5123 1031 5177 codice
1090 5119 1420 5175 Taurincnsi
1467 5119 1573 5173 45³5
1609 5118 1816 5184 (Pasini
1868 5115 1995 5169 Cod.
2045 5113 2259 5184 Tam-iu.
2308 5125 2372 5184 p.
2409 5105 2798 5184 t_0_2)_habctur
2834 5082 3156 5184 Αξξειοςιτίὶζ
3183 5114 3315 5182 opus
3348 5090 3960 5184 de_ani_utquo.{oonne

670 5196 1001 5266 .lt'yyropylo
1036 5193 1409 5247 cumtdntiouc
1444 5163 1631 5243 ttltinui
1668 5188 1981 5266 clegauti_us_
2012 5201 2187 5266 causa.
2220 5163 2486 5266 Duiuinicii
2522 5178 2745 5266 Roborei
2782 5173 3079 5266 cnlrdiuallis
3114 5163 3850 5266 Taurgneztﬁsnltrfdfﬂizt:

744 5256 803 5321 iii
830 5256 1009 5319 fronte
1041 5265 1211 5316 totius
1244 5261 1425 5331 operis
1458 5261 1869 5327 elegantissima
1899 5257 2132 5309 habetur
2164 5256 2269 5319 Arg

675 5352 746 5391 ι.;ι
798 5336 1317 5403 interpretationem
1356 5332 1497 5384 hanc
1545 5331 1948 5403 accuratiorem
1985 5332 2326 5403 sust-operat.

2276 5251 2487 5321 yropyli
2524 5248 2755 5321 epistola
2788 5246 2853 5298 ad
2891 5241 3226 5321 cardinalem
3262 5238 3597 5321 lioborcuiu,
3630 5235 3807 5321 cujus
3838 5249 3964 5321 gra-

2379 5305 2651 5386 iutegram
2686 5318 2777 5369 hic
2822 5315 3095 5386 subjicere
3137 5326 3245 5365 non
3285 5308 3479 5364 inutile
3518 5305 3715 5362 fuerit.
3763 5314 3963 5376 utpote

676 5383 1633 5476 qua"Iea'rd'iinalis'mirabilemerga
1676 5402 1886 5455 litteras
1918 5409 1973 5452 et
2017 5383 2277 5452 scientias
2306 5383 2731 5461 propensionem
2773 5383 3146 5441 commendet.

745 5630 988 5681 Juanms
1034 5623 1403 5695 Argyropylus
1455 5620 1738 5675 Dominico
1788 5616 2046 5673 Roborco
2077 5614 2260 5670 cardi-

678 5720 783 5775 μιΙί
814 5716 1143 5771 Taurineusi
1187 5716 1419 5769 salutem
1451 5725 1884 5783 perpetuamque
1913 5709 2253 5762 felicitatem.

750 5811 903 5863 Meus
929 5823 1057 5878 erga
1095 5816 1145 5861 te
1181 5822 1333 5860 amor
1372 5819 1695 5873 summaque
1729 5800 2133 5863 benevolentia,
2167 5799 2260 5852 Sa-

682 5904 1023 5975 pientissimc
1063 5904 1252 5970 l’uter,
1296 5903 1347 5959 id
1407 5914 1567 5973 :tgvl‘e
1614 5915 1697 5955 uie
1744 5898 1951 5969 optimo
1999 5911 2099 5953 suo
2142 5898 2259 5965 jure

2367 5612 2646 5682 compellit
2674 5610 2857 5682 :quod
2901 5610 2953 5663 ni
2999 5608 3255 5669 iacerem,
3287 5616 3449 5657 nemo
3487 5599 3657 5654 homo
3691 5598 3962 5653 nimirum

2370 5718 2535 5771 esset,
2574 5706 2666 5775 qui
2730 5720 2838 5759 non
2873 5716 3054 5757 meum
3105 5714 3191 5753 me
3236 5710 3437 5751 munus
3474 5692 3835 5761 otiiciumquc
3871 5702 3967 5747 aut

2375 5802 2623 5869 ignorare
2654 5810 2748 5852 aut
2775 5797 3046 5866 negligere
3073 5793 3514 5863 postltalicreque
3539 5795 3780 5857 putaret,
3831 5803 3968 5855 quo—

2372 5906 2493 5946 rum
2524 5902 2817 5961 utrumque
2844 5884 3242 5958 turpitudinem
3268 5897 3378 5939 non
3401 5880 3738 5938 mediocrem
3762 5892 3886 5950 prae
3910 5890 3965 5934 se
4000 5878 4003 5879 ⁷
