  <div class='ocr_page' id='page_1' title='image "/cluster/home/n/w/nwhite01/storage/ocr_20150623/158/nnc1.0046980636/526.png"; bbox 0 0 4168 6434; ppageno 0'>
   <div class='ocr_carea' id='block_1_1' title="bbox 177 394 290 460">
    <p class='ocr_par' dir='ltr' id='par_1_1' title="bbox 177 394 290 460">
     <span class='ocr_line' id='line_1_1' title="bbox 177 394 290 460; baseline 0.027 -3"><span class='ocrx_word' id='word_1_1' title='bbox 177 394 290 460; x_wconf 79' lang='lat'><strong>1009</strong></span> 
     </span>
    </p>
   </div>
   <div class='ocr_carea' id='block_1_2' title="bbox 900 400 2596 481">
    <p class='ocr_par' dir='ltr' id='par_1_2' title="bbox 900 400 2596 481">
     <span class='ocr_line' id='line_1_2' title="bbox 900 400 2596 481; baseline 0.007 -22"><span class='ocrx_word' id='word_1_2' title='bbox 900 400 1137 463; x_wconf 86' lang='lat' dir='ltr'><strong>EPIST.</strong></span> <span class='ocrx_word' id='word_1_3' title='bbox 1184 402 1285 462; x_wconf 92' lang='lat' dir='ltr'><strong>AD</strong></span> <span class='ocrx_word' id='word_1_4' title='bbox 1325 402 1505 466; x_wconf 85' lang='lat' dir='ltr'><strong>DOM.</strong></span> <span class='ocrx_word' id='word_1_5' title='bbox 1544 401 2001 481; x_wconf 82' lang='lat' dir='ltr'><strong>ROBOBEUM,</strong></span> <span class='ocrx_word' id='word_1_6' title='bbox 2028 412 2245 473; x_wconf 71' lang='lat' dir='ltr'><strong>CARD.</strong></span> <span class='ocrx_word' id='word_1_7' title='bbox 2278 412 2596 473; x_wconf 81' lang='lat' dir='ltr'><strong>TAURIN.</strong></span> 
     </span>
    </p>
   </div>
   <div class='ocr_carea' id='block_1_3' title="bbox 3246 406 3380 471">
    <p class='ocr_par' dir='ltr' id='par_1_3' title="bbox 3246 406 3380 471">
     <span class='ocr_line' id='line_1_3' title="bbox 3246 406 3380 471; baseline 0.022 -3"><span class='ocrx_word' id='word_1_8' title='bbox 3246 406 3380 471; x_wconf 73' lang='grc'>1010</span> 
     </span>
    </p>
   </div>
   <div class='ocr_carea' id='block_1_4' title="bbox 168 508 3381 597">
    <p class='ocr_par' dir='ltr' id='par_1_4' title="bbox 168 508 3381 597">
     <span class='ocr_line' id='line_1_4' title="bbox 168 508 3381 597; baseline 0.004 -36"><span class='ocrx_word' id='word_1_9' title='bbox 168 508 291 563; x_wconf 81' lang='lat' dir='ltr'><strong>ferre</strong></span> <span class='ocrx_word' id='word_1_10' title='bbox 316 521 458 564; x_wconf 86' lang='lat' dir='ltr'><strong>nemo</strong></span> <span class='ocrx_word' id='word_1_11' title='bbox 490 516 575 565; x_wconf 90' lang='lat' dir='ltr'><strong>est</strong></span> <span class='ocrx_word' id='word_1_12' title='bbox 606 511 702 580; x_wconf 87' lang='lat' dir='ltr'><strong>qui</strong></span> <span class='ocrx_word' id='word_1_13' title='bbox 738 512 970 583; x_wconf 77' lang='lat' dir='ltr'><strong>ignoret.</strong></span> <span class='ocrx_word' id='word_1_14' title='bbox 1013 516 1148 570; x_wconf 88' lang='lat' dir='ltr'><strong>Nam</strong></span> <span class='ocrx_word' id='word_1_15' title='bbox 1183 517 1312 585; x_wconf 88' lang='lat' dir='ltr'><strong>quid</strong></span> <span class='ocrx_word' id='word_1_16' title='bbox 1364 533 1518 574; x_wconf 90' lang='lat' dir='ltr'><strong>amor</strong></span> <span class='ocrx_word' id='word_1_17' title='bbox 1563 518 1695 574; x_wconf 84' lang='lat' dir='ltr'><strong>atle-</strong></span> <span class='ocrx_word' id='word_1_18' title='bbox 1726 529 1771 583; x_wconf 82' lang='grc' dir='ltr'><strong>Α</strong></span> <span class='ocrx_word' id='word_1_19' title='bbox 1804 534 1949 579; x_wconf 89' lang='lat' dir='ltr'><strong>recta</strong></span> <span class='ocrx_word' id='word_1_20' title='bbox 2005 527 2233 581; x_wconf 88' lang='lat' dir='ltr'><strong>minime</strong></span> <span class='ocrx_word' id='word_1_21' title='bbox 2289 526 2405 581; x_wconf 89' lang='lat' dir='ltr'><strong>fieri</strong></span> <span class='ocrx_word' id='word_1_22' title='bbox 2457 534 2659 597; x_wconf 88' lang='lat' dir='ltr'><strong>potest.</strong></span> <span class='ocrx_word' id='word_1_23' title='bbox 2692 522 2958 590; x_wconf 86' lang='lat' dir='ltr'><strong>Quocirca</strong></span> <span class='ocrx_word' id='word_1_24' title='bbox 2996 534 3098 575; x_wconf 92' lang='lat' dir='ltr'><strong>nec</strong></span> <span class='ocrx_word' id='word_1_25' title='bbox 3150 519 3204 573; x_wconf 91' lang='lat' dir='ltr'><strong>id</strong></span> <span class='ocrx_word' id='word_1_26' title='bbox 3248 534 3381 574; x_wconf 86' lang='lat' dir='ltr'><strong>sane</strong></span> 
     </span>
    </p>
   </div>
   <div class='ocr_carea' id='block_1_5' title="bbox 170 598 1700 677">
    <p class='ocr_par' dir='ltr' id='par_1_5' title="bbox 170 598 1700 677">
     <span class='ocr_line' id='line_1_5' title="bbox 170 598 1700 677; baseline 0.007 -24"><span class='ocrx_word' id='word_1_27' title='bbox 170 605 296 664; x_wconf 84' lang='lat' dir='ltr'><strong>ctat,</strong></span> <span class='ocrx_word' id='word_1_28' title='bbox 323 598 435 668; x_wconf 90' lang='lat' dir='ltr'><strong>quid</strong></span> <span class='ocrx_word' id='word_1_29' title='bbox 484 600 866 658; x_wconf 75' lang='lat' dir='ltr'><strong>benevolentia</strong></span> <span class='ocrx_word' id='word_1_30' title='bbox 912 603 1144 675; x_wconf 82' lang='lat' dir='ltr'><strong>ﬂagitat,</strong></span> <span class='ocrx_word' id='word_1_31' title='bbox 1173 607 1427 677; x_wconf 89' lang='lat' dir='ltr'><strong>ignorare</strong></span> <span class='ocrx_word' id='word_1_32' title='bbox 1471 609 1700 663; x_wconf 89' lang='lat' dir='ltr'><strong>nimium</strong></span> 
     </span>
    </p>
   </div>
   <div class='ocr_carea' id='block_1_6' title="bbox 169 689 1704 760">
    <p class='ocr_par' dir='ltr' id='par_1_6' title="bbox 169 689 1704 760">
     <span class='ocr_line' id='line_1_6' title="bbox 169 689 1704 760; baseline 0.008 -17"><span class='ocrx_word' id='word_1_33' title='bbox 169 689 355 746; x_wconf 75' lang='lat' dir='ltr'><strong>hebetis</strong></span> <span class='ocrx_word' id='word_1_34' title='bbox 384 707 532 760; x_wconf 86' lang='lat' dir='ltr'><strong>sane,</strong></span> <span class='ocrx_word' id='word_1_35' title='bbox 566 694 800 749; x_wconf 88' lang='lat' dir='ltr'><strong>nimium</strong></span> <span class='ocrx_word' id='word_1_36' title='bbox 834 696 1086 752; x_wconf 88' lang='lat' dir='ltr'><strong>vecordis</strong></span> <span class='ocrx_word' id='word_1_37' title='bbox 1130 698 1368 753; x_wconf 82' lang='lat' dir='ltr'><strong>hominis</strong></span> <span class='ocrx_word' id='word_1_38' title='bbox 1402 714 1524 754; x_wconf 89' lang='lat' dir='ltr'><strong>esse</strong></span> <span class='ocrx_word' id='word_1_39' title='bbox 1570 716 1704 755; x_wconf 87' lang='lat' dir='ltr'><strong>eon-</strong></span> 
     </span>
    </p>
   </div>
   <div class='ocr_carea' id='block_1_7' title="bbox 169 781 1705 861">
    <p class='ocr_par' dir='ltr' id='par_1_7' title="bbox 169 781 1705 861">
     <span class='ocr_line' id='line_1_7' title="bbox 169 781 1705 861; baseline 0.008 -27"><span class='ocrx_word' id='word_1_40' title='bbox 169 788 279 835; x_wconf 80' lang='lat' dir='ltr'><strong>stat.</strong></span> <span class='ocrx_word' id='word_1_41' title='bbox 305 781 361 835; x_wconf 88' lang='lat' dir='ltr'><strong>Et</strong></span> <span class='ocrx_word' id='word_1_42' title='bbox 386 783 434 836; x_wconf 91' lang='lat' dir='ltr'><strong>id</strong></span> <span class='ocrx_word' id='word_1_43' title='bbox 458 785 602 852; x_wconf 88' lang='lat' dir='ltr'><strong>quod</strong></span> <span class='ocrx_word' id='word_1_44' title='bbox 648 787 1045 844; x_wconf 76' lang='lat' dir='ltr'><strong>benevolentiae</strong></span> <span class='ocrx_word' id='word_1_45' title='bbox 1075 791 1214 844; x_wconf 86' lang='lat' dir='ltr'><strong>ratio</strong></span> <span class='ocrx_word' id='word_1_46' title='bbox 1237 790 1503 860; x_wconf 84' lang='lat' dir='ltr'><strong>postulat,</strong></span> <span class='ocrx_word' id='word_1_47' title='bbox 1558 793 1705 861; x_wconf 83' lang='lat' dir='ltr'><strong>quod</strong></span> 
     </span>
    </p>
   </div>
   <div class='ocr_carea' id='block_1_8' title="bbox 172 874 1708 951">
    <p class='ocr_par' dir='ltr' id='par_1_8' title="bbox 172 874 1708 951">
     <span class='ocr_line' id='line_1_8' title="bbox 172 874 1708 951; baseline 0.008 -27"><span class='ocrx_word' id='word_1_48' title='bbox 172 884 199 925; x_wconf 87' lang='lat' dir='ltr'><strong>e</strong></span> <span class='ocrx_word' id='word_1_49' title='bbox 227 874 514 939; x_wconf 72' lang='lat' dir='ltr'><strong>praecordiis</strong></span> <span class='ocrx_word' id='word_1_50' title='bbox 542 875 751 930; x_wconf 91' lang='lat' dir='ltr'><strong>amoris</strong></span> <span class='ocrx_word' id='word_1_51' title='bbox 766 878 1007 948; x_wconf 78' lang='lat' dir='ltr'><strong>emergit</strong></span> <span class='ocrx_word' id='word_1_52' title='bbox 1035 881 1315 951; x_wconf 89' lang='lat' dir='ltr'><strong>negligere</strong></span> <span class='ocrx_word' id='word_1_53' title='bbox 1350 882 1708 951; x_wconf 88' lang='lat' dir='ltr'><strong>posthabere-</strong></span> 
     </span>
    </p>
   </div>
   <div class='ocr_carea' id='block_1_9' title="bbox 171 962 1707 1041">
    <p class='ocr_par' dir='ltr' id='par_1_9' title="bbox 171 962 1707 1041">
     <span class='ocr_line' id='line_1_9' title="bbox 171 962 1707 1041; baseline 0.008 -28"><span class='ocrx_word' id='word_1_54' title='bbox 171 974 263 1028; x_wconf 89' lang='lat' dir='ltr'><strong>que</strong></span> <span class='ocrx_word' id='word_1_55' title='bbox 285 962 388 1029; x_wconf 84' lang='lat' dir='ltr'><strong>ejus</strong></span> <span class='ocrx_word' id='word_1_56' title='bbox 411 975 493 1018; x_wconf 89' lang='lat' dir='ltr'><strong>est</strong></span> <span class='ocrx_word' id='word_1_57' title='bbox 521 964 793 1034; x_wconf 90' lang='lat' dir='ltr'><strong>profecto,</strong></span> <span class='ocrx_word' id='word_1_58' title='bbox 850 970 936 1023; x_wconf 92' lang='lat' dir='ltr'><strong>cui</strong></span> <span class='ocrx_word' id='word_1_59' title='bbox 979 984 1068 1024; x_wconf 89' lang='lat' dir='ltr'><strong>res</strong></span> <span class='ocrx_word' id='word_1_60' title='bbox 1098 970 1288 1025; x_wconf 90' lang='lat' dir='ltr'><strong>eadem</strong></span> <span class='ocrx_word' id='word_1_61' title='bbox 1325 971 1502 1040; x_wconf 81' lang='lat' dir='ltr'><strong>placet</strong></span> <span class='ocrx_word' id='word_1_62' title='bbox 1545 982 1707 1041; x_wconf 89' lang='lat' dir='ltr'><strong>atque</strong></span> 
     </span>
    </p>
   </div>
   <div class='ocr_carea' id='block_1_10' title="bbox 167 1053 1712 1126">
    <p class='ocr_par' dir='ltr' id='par_1_10' title="bbox 167 1053 1712 1126">
     <span class='ocr_line' id='line_1_10' title="bbox 167 1053 1712 1126; baseline 0.006 -22"><span class='ocrx_word' id='word_1_63' title='bbox 167 1065 261 1105; x_wconf 91' lang='lat' dir='ltr'><strong>non</strong></span> <span class='ocrx_word' id='word_1_64' title='bbox 312 1053 502 1121; x_wconf 86' lang='lat' dir='ltr'><strong>placet,</strong></span> <span class='ocrx_word' id='word_1_65' title='bbox 539 1056 751 1126; x_wconf 87' lang='lat' dir='ltr'><strong>quique</strong></span> <span class='ocrx_word' id='word_1_66' title='bbox 788 1060 1045 1115; x_wconf 78' lang='lat' dir='ltr'><strong>maximis</strong></span> <span class='ocrx_word' id='word_1_67' title='bbox 1080 1062 1134 1115; x_wconf 94' lang='lat' dir='ltr'><strong>in</strong></span> <span class='ocrx_word' id='word_1_68' title='bbox 1185 1062 1350 1117; x_wconf 86' lang='lat' dir='ltr'><strong>rebus</strong></span> <span class='ocrx_word' id='word_1_69' title='bbox 1389 1062 1712 1117; x_wconf 88' lang='lat' dir='ltr'><strong>honestissi-</strong></span> 
     </span>
    </p>
   </div>
   <div class='ocr_carea' id='block_1_11' title="bbox 166 1230 1712 1317">
    <p class='ocr_par' dir='ltr' id='par_1_11' title="bbox 166 1230 1712 1317">
     <span class='ocr_line' id='line_1_11' title="bbox 166 1230 1712 1317; baseline 0.008 -32"><span class='ocrx_word' id='word_1_70' title='bbox 166 1230 526 1317; x_wconf 68' lang='lat' dir='ltr'><strong>hencvolentiae</strong></span> <span class='ocrx_word' id='word_1_71' title='bbox 566 1240 852 1310; x_wconf 91' lang='lat' dir='ltr'><strong>mutuique</strong></span> <span class='ocrx_word' id='word_1_72' title='bbox 896 1243 1103 1298; x_wconf 88' lang='lat' dir='ltr'><strong>amoris</strong></span> <span class='ocrx_word' id='word_1_73' title='bbox 1136 1245 1330 1300; x_wconf 90' lang='lat' dir='ltr'><strong>merita</strong></span> <span class='ocrx_word' id='word_1_74' title='bbox 1358 1244 1590 1315; x_wconf 89' lang='lat' dir='ltr'><strong>juraque</strong></span> <span class='ocrx_word' id='word_1_75' title='bbox 1624 1260 1712 1298; x_wconf 89' lang='lat' dir='ltr'><strong>re-</strong></span> 
     </span>
    </p>
   </div>
   <div class='ocr_carea' id='block_1_12' title="bbox 165 1324 1713 1407">
    <p class='ocr_par' dir='ltr' id='par_1_12' title="bbox 165 1324 1713 1407">
     <span class='ocr_line' id='line_1_12' title="bbox 165 1324 1713 1407; baseline 0.009 -29"><span class='ocrx_word' id='word_1_76' title='bbox 165 1324 546 1396; x_wconf 88' lang='lat' dir='ltr'><strong>ferre:quibus</strong></span> <span class='ocrx_word' id='word_1_77' title='bbox 594 1333 639 1387; x_wconf 90' lang='lat' dir='ltr'><strong>si</strong></span> <span class='ocrx_word' id='word_1_78' title='bbox 690 1333 964 1403; x_wconf 85' lang='lat' dir='ltr'><strong>quispiam</strong></span> <span class='ocrx_word' id='word_1_79' title='bbox 1018 1336 1202 1404; x_wconf 87' lang='lat' dir='ltr'><strong>quoad</strong></span> <span class='ocrx_word' id='word_1_80' title='bbox 1233 1338 1381 1391; x_wconf 89' lang='lat' dir='ltr'><strong>vires</strong></span> <span class='ocrx_word' id='word_1_81' title='bbox 1410 1347 1713 1407; x_wconf 87' lang='lat' dir='ltr'><strong>suppetunt</strong></span> 
     </span>
    </p>
   </div>
   <div class='ocr_carea' id='block_1_13' title="bbox 164 1420 1717 1498">
    <p class='ocr_par' dir='ltr' id='par_1_13' title="bbox 164 1420 1717 1498">
     <span class='ocr_line' id='line_1_13' title="bbox 164 1420 1717 1498; baseline 0.005 -23"><span class='ocrx_word' id='word_1_82' title='bbox 164 1420 296 1475; x_wconf 79' lang='lat' dir='ltr'><strong>haud</strong></span> <span class='ocrx_word' id='word_1_83' title='bbox 349 1424 695 1493; x_wconf 88' lang='lat' dir='ltr'><strong>respondeat,</strong></span> <span class='ocrx_word' id='word_1_84' title='bbox 724 1427 1138 1497; x_wconf 88' lang='lat' dir='ltr'><strong>ingratitudinis</strong></span> <span class='ocrx_word' id='word_1_85' title='bbox 1162 1428 1434 1483; x_wconf 81' lang='lat' dir='ltr'><strong>obnoxius</strong></span> <span class='ocrx_word' id='word_1_86' title='bbox 1457 1429 1717 1498; x_wconf 89' lang='lat' dir='ltr'><strong>iniquita-</strong></span> 
     </span>
    </p>
   </div>
   <div class='ocr_carea' id='block_1_14' title="bbox 163 1512 1713 1590">
    <p class='ocr_par' dir='ltr' id='par_1_14' title="bbox 163 1512 1713 1590">
     <span class='ocr_line' id='line_1_14' title="bbox 163 1512 1713 1590; baseline 0.005 -24"><span class='ocrx_word' id='word_1_87' title='bbox 163 1512 286 1568; x_wconf 87' lang='lat' dir='ltr'><strong>tisve</strong></span> <span class='ocrx_word' id='word_1_88' title='bbox 309 1514 515 1570; x_wconf 85' lang='lat' dir='ltr'><strong>crimini</strong></span> <span class='ocrx_word' id='word_1_89' title='bbox 545 1532 653 1570; x_wconf 90' lang='lat' dir='ltr'><strong>non</strong></span> <span class='ocrx_word' id='word_1_90' title='bbox 688 1517 885 1588; x_wconf 82' lang='lat' dir='ltr'><strong>injuria</strong></span> <span class='ocrx_word' id='word_1_91' title='bbox 931 1519 1097 1573; x_wconf 85' lang='lat' dir='ltr'><strong>fuerit</strong></span> <span class='ocrx_word' id='word_1_92' title='bbox 1127 1536 1140 1572; x_wconf 90' lang='lat'><strong>:</strong></span> <span class='ocrx_word' id='word_1_93' title='bbox 1175 1535 1204 1574; x_wconf 90' lang='lat' dir='ltr'><strong>a</strong></span> <span class='ocrx_word' id='word_1_94' title='bbox 1234 1520 1435 1590; x_wconf 81' lang='lat' dir='ltr'><strong>quibus</strong></span> <span class='ocrx_word' id='word_1_95' title='bbox 1476 1519 1713 1573; x_wconf 90' lang='lat' dir='ltr'><strong>humana</strong></span> 
     </span>
    </p>
   </div>
   <div class='ocr_carea' id='block_1_15' title="bbox 160 1606 1714 1681">
    <p class='ocr_par' dir='ltr' id='par_1_15' title="bbox 160 1606 1714 1681">
     <span class='ocr_line' id='line_1_15' title="bbox 160 1606 1714 1681; baseline 0.004 -21"><span class='ocrx_word' id='word_1_96' title='bbox 160 1606 385 1675; x_wconf 85' lang='lat' dir='ltr'><strong>probitas</strong></span> <span class='ocrx_word' id='word_1_97' title='bbox 435 1609 771 1679; x_wconf 78' lang='lat' dir='ltr'><strong>ingenuique</strong></span> <span class='ocrx_word' id='word_1_98' title='bbox 810 1626 993 1666; x_wconf 85' lang='lat' dir='ltr'><strong>mores</strong></span> <span class='ocrx_word' id='word_1_99' title='bbox 1033 1613 1379 1681; x_wconf 84' lang='lat' dir='ltr'><strong>potissimum</strong></span> <span class='ocrx_word' id='word_1_100' title='bbox 1413 1612 1714 1667; x_wconf 82' lang='lat' dir='ltr'><strong>abhorrere</strong></span> 
     </span>
    </p>
   </div>
   <div class='ocr_carea' id='block_1_16' title="bbox 156 1695 1713 1773">
    <p class='ocr_par' dir='ltr' id='par_1_16' title="bbox 156 1695 1713 1773">
     <span class='ocr_line' id='line_1_16' title="bbox 156 1695 1713 1773; baseline 0.006 -26"><span class='ocrx_word' id='word_1_101' title='bbox 156 1695 409 1753; x_wconf 86' lang='lat' dir='ltr'><strong>videntur.</strong></span> <span class='ocrx_word' id='word_1_102' title='bbox 438 1698 518 1754; x_wconf 88' lang='lat' dir='ltr'><strong>Tu</strong></span> <span class='ocrx_word' id='word_1_103' title='bbox 541 1700 667 1755; x_wconf 60' lang='lat' dir='ltr'><strong>vita</strong></span> <span class='ocrx_word' id='word_1_104' title='bbox 691 1702 857 1757; x_wconf 87' lang='lat' dir='ltr'><strong>talem</strong></span> <span class='ocrx_word' id='word_1_105' title='bbox 884 1711 1070 1758; x_wconf 91' lang='lat' dir='ltr'><strong>tenere</strong></span> <span class='ocrx_word' id='word_1_106' title='bbox 1097 1704 1467 1773; x_wconf 86' lang='lat' dir='ltr'><strong>pulcherrime</strong></span> <span class='ocrx_word' id='word_1_107' title='bbox 1493 1719 1713 1759; x_wconf 91' lang='lat' dir='ltr'><strong>cursum</strong></span> 
     </span>
    </p>
   </div>
   <div class='ocr_carea' id='block_1_17' title="bbox 157 1789 1716 1859">
    <p class='ocr_par' dir='ltr' id='par_1_17' title="bbox 157 1789 1716 1859">
     <span class='ocr_line' id='line_1_17' title="bbox 157 1789 1716 1859; baseline 0.006 -16"><span class='ocrx_word' id='word_1_108' title='bbox 157 1789 443 1859; x_wconf 84' lang='lat' dir='ltr'><strong>instituisti,</strong></span> <span class='ocrx_word' id='word_1_109' title='bbox 498 1801 560 1848; x_wconf 93' lang='lat' dir='ltr'><strong>ut</strong></span> <span class='ocrx_word' id='word_1_110' title='bbox 583 1795 901 1851; x_wconf 80' lang='lat' dir='ltr'><strong>domesticis</strong></span> <span class='ocrx_word' id='word_1_111' title='bbox 927 1796 1094 1851; x_wconf 84' lang='lat' dir='ltr'><strong>rebus</strong></span> <span class='ocrx_word' id='word_1_112' title='bbox 1121 1797 1551 1852; x_wconf 87' lang='lat' dir='ltr'><strong>familiarihusve</strong></span> <span class='ocrx_word' id='word_1_113' title='bbox 1576 1798 1716 1852; x_wconf 86' lang='lat' dir='ltr'><strong>bene</strong></span> 
     </span>
    </p>
   </div>
   <div class='ocr_carea' id='block_1_18' title="bbox 153 1868 1791 1957">
    <p class='ocr_par' dir='ltr' id='par_1_18' title="bbox 153 1868 1791 1957">
     <span class='ocr_line' id='line_1_18' title="bbox 153 1868 1791 1957; baseline 0.005 -25"><span class='ocrx_word' id='word_1_114' title='bbox 153 1879 395 1951; x_wconf 88' lang='lat' dir='ltr'><strong>lauteque</strong></span> <span class='ocrx_word' id='word_1_115' title='bbox 429 1882 713 1953; x_wconf 82' lang='lat' dir='ltr'><strong>dispositis</strong></span> <span class='ocrx_word' id='word_1_116' title='bbox 755 1888 953 1956; x_wconf 85' lang='lat' dir='ltr'><strong>partim</strong></span> <span class='ocrx_word' id='word_1_117' title='bbox 999 1887 1326 1956; x_wconf 87' lang='lat' dir='ltr'><strong>amplissimi</strong></span> <span class='ocrx_word' id='word_1_118' title='bbox 1363 1888 1717 1957; x_wconf 84' lang='lat' dir='ltr'><strong>magistratus</strong></span> <span class='ocrx_word' id='word_1_119' title='bbox 1744 1868 1791 1928; x_wconf 80' lang='grc' dir='ltr'><strong>Β</strong></span> 
     </span>
    </p>
   </div>
   <div class='ocr_carea' id='block_1_19' title="bbox 156 1970 1714 2047">
    <p class='ocr_par' dir='ltr' id='par_1_19' title="bbox 156 1970 1714 2047">
     <span class='ocr_line' id='line_1_19' title="bbox 156 1970 1714 2047; baseline 0.003 -21"><span class='ocrx_word' id='word_1_120' title='bbox 156 1970 324 2027; x_wconf 84' lang='lat' dir='ltr'><strong>oilicio</strong></span> <span class='ocrx_word' id='word_1_121' title='bbox 351 1987 684 2044; x_wconf 88' lang='lat' dir='ltr'><strong>munereque</strong></span> <span class='ocrx_word' id='word_1_122' title='bbox 712 1977 929 2032; x_wconf 64' lang='lat' dir='ltr'><strong>caeteris</strong></span> <span class='ocrx_word' id='word_1_123' title='bbox 951 1978 1272 2033; x_wconf 88' lang='lat' dir='ltr'><strong>hominibus</strong></span> <span class='ocrx_word' id='word_1_124' title='bbox 1291 1980 1442 2033; x_wconf 87' lang='lat' dir='ltr'><strong>vivas</strong></span> <span class='ocrx_word' id='word_1_125' title='bbox 1476 1997 1489 2032; x_wconf 86' lang='lat'><strong>:</strong></span> <span class='ocrx_word' id='word_1_126' title='bbox 1519 1979 1714 2047; x_wconf 88' lang='lat' dir='ltr'><strong>partim</strong></span> 
     </span>
    </p>
   </div>
   <div class='ocr_carea' id='block_1_20' title="bbox 154 2063 1718 2141">
    <p class='ocr_par' dir='ltr' id='par_1_20' title="bbox 154 2063 1718 2141">
     <span class='ocr_line' id='line_1_20' title="bbox 154 2063 1718 2141; baseline 0.005 -23"><span class='ocrx_word' id='word_1_127' title='bbox 154 2063 210 2119; x_wconf 90' lang='lat' dir='ltr'><strong>in</strong></span> <span class='ocrx_word' id='word_1_128' title='bbox 235 2065 529 2123; x_wconf 85' lang='lat' dir='ltr'><strong>litterarum</strong></span> <span class='ocrx_word' id='word_1_129' title='bbox 572 2068 669 2123; x_wconf 89' lang='lat' dir='ltr'><strong>tibi</strong></span> <span class='ocrx_word' id='word_1_130' title='bbox 711 2070 911 2125; x_wconf 90' lang='lat' dir='ltr'><strong>studiis</strong></span> <span class='ocrx_word' id='word_1_131' title='bbox 944 2070 1323 2141; x_wconf 88' lang='lat' dir='ltr'><strong>doctrinisque</strong></span> <span class='ocrx_word' id='word_1_132' title='bbox 1357 2072 1718 2128; x_wconf 66' lang='lat' dir='ltr'><strong>nobilissimis</strong></span> 
     </span>
    </p>
   </div>
   <div class='ocr_carea' id='block_1_21' title="bbox 150 2157 1717 2231">
    <p class='ocr_par' dir='ltr' id='par_1_21' title="bbox 150 2157 1717 2231">
     <span class='ocr_line' id='line_1_21' title="bbox 150 2157 1717 2231; baseline 0.004 -20"><span class='ocrx_word' id='word_1_133' title='bbox 150 2157 467 2222; x_wconf 84' lang='lat' dir='ltr'><strong>satisfacias,</strong></span> <span class='ocrx_word' id='word_1_134' title='bbox 520 2170 810 2231; x_wconf 89' lang='lat' dir='ltr'><strong>utramque</strong></span> <span class='ocrx_word' id='word_1_135' title='bbox 859 2179 1131 2218; x_wconf 87' lang='lat' dir='ltr'><strong>summam</strong></span> <span class='ocrx_word' id='word_1_136' title='bbox 1183 2164 1403 2219; x_wconf 81' lang='lat' dir='ltr'><strong>vivendi</strong></span> <span class='ocrx_word' id='word_1_137' title='bbox 1446 2168 1717 2220; x_wconf 90' lang='lat' dir='ltr'><strong>rationem</strong></span> 
     </span>
    </p>
   </div>
   <div class='ocr_carea' id='block_1_22' title="bbox 150 2251 1719 2326">
    <p class='ocr_par' dir='ltr' id='par_1_22' title="bbox 150 2251 1719 2326">
     <span class='ocr_line' id='line_1_22' title="bbox 150 2251 1719 2326; baseline 0.005 -23"><span class='ocrx_word' id='word_1_138' title='bbox 150 2251 475 2320; x_wconf 90' lang='lat' dir='ltr'><strong>complexus.</strong></span> <span class='ocrx_word' id='word_1_139' title='bbox 507 2251 563 2306; x_wconf 89' lang='lat' dir='ltr'><strong>lu</strong></span> <span class='ocrx_word' id='word_1_140' title='bbox 599 2269 707 2323; x_wconf 89' lang='lat' dir='ltr'><strong>qua</strong></span> <span class='ocrx_word' id='word_1_141' title='bbox 746 2254 845 2309; x_wconf 90' lang='lat' dir='ltr'><strong>tibi</strong></span> <span class='ocrx_word' id='word_1_142' title='bbox 887 2269 975 2309; x_wconf 89' lang='lat' dir='ltr'><strong>me</strong></span> <span class='ocrx_word' id='word_1_143' title='bbox 1018 2270 1239 2326; x_wconf 89' lang='lat' dir='ltr'><strong>quoque</strong></span> <span class='ocrx_word' id='word_1_144' title='bbox 1264 2256 1518 2311; x_wconf 88' lang='lat' dir='ltr'><strong>comitem</strong></span> <span class='ocrx_word' id='word_1_145' title='bbox 1555 2267 1719 2325; x_wconf 88' lang='lat' dir='ltr'><strong>atque</strong></span> 
     </span>
    </p>
   </div>
   <div class='ocr_carea' id='block_1_23' title="bbox 146 2342 1721 2418">
    <p class='ocr_par' dir='ltr' id='par_1_23' title="bbox 146 2342 1721 2418">
     <span class='ocr_line' id='line_1_23' title="bbox 146 2342 1721 2418; baseline 0.006 -21"><span class='ocrx_word' id='word_1_146' title='bbox 146 2342 351 2397; x_wconf 81' lang='lat' dir='ltr'><strong>socium</strong></span> <span class='ocrx_word' id='word_1_147' title='bbox 380 2344 621 2399; x_wconf 89' lang='lat' dir='ltr'><strong>ascivisti</strong></span> <span class='ocrx_word' id='word_1_148' title='bbox 649 2361 664 2400; x_wconf 90' lang='lat'><strong>:</strong></span> <span class='ocrx_word' id='word_1_149' title='bbox 695 2359 805 2401; x_wconf 93' lang='lat' dir='ltr'><strong>non</strong></span> <span class='ocrx_word' id='word_1_150' title='bbox 838 2346 1046 2404; x_wconf 90' lang='lat' dir='ltr'><strong>inscius</strong></span> <span class='ocrx_word' id='word_1_151' title='bbox 1067 2348 1247 2403; x_wconf 92' lang='lat' dir='ltr'><strong>studia</strong></span> <span class='ocrx_word' id='word_1_152' title='bbox 1276 2348 1477 2418; x_wconf 87' lang='lat' dir='ltr'><strong>quibus</strong></span> <span class='ocrx_word' id='word_1_153' title='bbox 1508 2351 1721 2406; x_wconf 84' lang='lat' dir='ltr'><strong>incum-</strong></span> 
     </span>
    </p>
   </div>
   <div class='ocr_carea' id='block_1_24' title="bbox 147 2436 1717 2513">
    <p class='ocr_par' dir='ltr' id='par_1_24' title="bbox 147 2436 1717 2513">
     <span class='ocr_line' id='line_1_24' title="bbox 147 2436 1717 2513; baseline 0.006 -23"><span class='ocrx_word' id='word_1_154' title='bbox 147 2436 326 2493; x_wconf 88' lang='lat' dir='ltr'><strong>bimus</strong></span> <span class='ocrx_word' id='word_1_155' title='bbox 360 2439 685 2508; x_wconf 83' lang='lat' dir='ltr'><strong>expeditius,</strong></span> <span class='ocrx_word' id='word_1_156' title='bbox 710 2441 960 2496; x_wconf 85' lang='lat' dir='ltr'><strong>exactius</strong></span> <span class='ocrx_word' id='word_1_157' title='bbox 993 2442 1097 2496; x_wconf 92' lang='lat' dir='ltr'><strong>hoc</strong></span> <span class='ocrx_word' id='word_1_158' title='bbox 1120 2453 1282 2513; x_wconf 89' lang='lat' dir='ltr'><strong>pacto</strong></span> <span class='ocrx_word' id='word_1_159' title='bbox 1310 2444 1576 2500; x_wconf 85' lang='lat' dir='ltr'><strong>meliusve</strong></span> <span class='ocrx_word' id='word_1_160' title='bbox 1599 2446 1717 2501; x_wconf 84' lang='lat' dir='ltr'><strong>fieri</strong></span> 
     </span>
    </p>
   </div>
   <div class='ocr_carea' id='block_1_25' title="bbox 150 2529 1720 2606">
    <p class='ocr_par' dir='ltr' id='par_1_25' title="bbox 150 2529 1720 2606">
     <span class='ocr_line' id='line_1_25' title="bbox 150 2529 1720 2606; baseline 0.006 -23"><span class='ocrx_word' id='word_1_161' title='bbox 150 2543 331 2599; x_wconf 85' lang='lat' dir='ltr'><strong>posse.</strong></span> <span class='ocrx_word' id='word_1_162' title='bbox 378 2529 490 2601; x_wconf 87' lang='lat' dir='ltr'><strong>Ego</strong></span> <span class='ocrx_word' id='word_1_163' title='bbox 524 2532 619 2603; x_wconf 90' lang='lat' dir='ltr'><strong>qui</strong></span> <span class='ocrx_word' id='word_1_164' title='bbox 671 2548 763 2589; x_wconf 91' lang='lat' dir='ltr'><strong>res</strong></span> <span class='ocrx_word' id='word_1_165' title='bbox 816 2550 1012 2589; x_wconf 90' lang='lat' dir='ltr'><strong>omnes</strong></span> <span class='ocrx_word' id='word_1_166' title='bbox 1047 2534 1337 2604; x_wconf 87' lang='lat' dir='ltr'><strong>humanas,</strong></span> <span class='ocrx_word' id='word_1_167' title='bbox 1362 2538 1571 2606; x_wconf 91' lang='lat' dir='ltr'><strong>optimo</strong></span> <span class='ocrx_word' id='word_1_168' title='bbox 1612 2538 1720 2593; x_wconf 88' lang='lat' dir='ltr'><strong>fine</strong></span> 
     </span>
    </p>
   </div>
   <div class='ocr_carea' id='block_1_26' title="bbox 145 2623 1722 2700">
    <p class='ocr_par' dir='ltr' id='par_1_26' title="bbox 145 2623 1722 2700">
     <span class='ocr_line' id='line_1_26' title="bbox 145 2623 1722 2700; baseline 0.006 -24"><span class='ocrx_word' id='word_1_169' title='bbox 145 2623 375 2691; x_wconf 79' lang='lat' dir='ltr'><strong>sublato,</strong></span> <span class='ocrx_word' id='word_1_170' title='bbox 406 2639 576 2679; x_wconf 91' lang='lat' dir='ltr'><strong>vanas</strong></span> <span class='ocrx_word' id='word_1_171' title='bbox 621 2639 742 2680; x_wconf 84' lang='lat' dir='ltr'><strong>esse</strong></span> <span class='ocrx_word' id='word_1_172' title='bbox 820 2625 983 2681; x_wconf 90' lang='lat' dir='ltr'><strong>nihili</strong></span> <span class='ocrx_word' id='word_1_173' title='bbox 1034 2626 1458 2699; x_wconf 89' lang='lat' dir='ltr'><strong>pendendasque</strong></span> <span class='ocrx_word' id='word_1_174' title='bbox 1503 2644 1722 2700; x_wconf 86' lang='lat' dir='ltr'><strong>semper</strong></span> 
     </span>
    </p>
   </div>
   <div class='ocr_carea' id='block_1_27' title="bbox 146 2716 1723 2791">
    <p class='ocr_par' dir='ltr' id='par_1_27' title="bbox 146 2716 1723 2791">
     <span class='ocr_line' id='line_1_27' title="bbox 146 2716 1723 2791; baseline 0.004 -23"><span class='ocrx_word' id='word_1_175' title='bbox 146 2716 330 2784; x_wconf 85' lang='lat' dir='ltr'><strong>putavi</strong></span> <span class='ocrx_word' id='word_1_176' title='bbox 362 2733 374 2769; x_wconf 89' lang='lat'>:</span> <span class='ocrx_word' id='word_1_177' title='bbox 411 2717 574 2786; x_wconf 86' lang='lat' dir='ltr'><strong>cujus</strong></span> <span class='ocrx_word' id='word_1_178' title='bbox 619 2716 709 2771; x_wconf 90' lang='lat' dir='ltr'><strong>illa</strong></span> <span class='ocrx_word' id='word_1_179' title='bbox 740 2718 1014 2773; x_wconf 88' lang='lat' dir='ltr'><strong>sententia</strong></span> <span class='ocrx_word' id='word_1_180' title='bbox 1046 2729 1315 2791; x_wconf 90' lang='lat' dir='ltr'><strong>perpetua</strong></span> <span class='ocrx_word' id='word_1_181' title='bbox 1361 2721 1464 2775; x_wconf 89' lang='lat' dir='ltr'><strong>fuit</strong></span> <span class='ocrx_word' id='word_1_182' title='bbox 1500 2721 1723 2776; x_wconf 88' lang='lat' dir='ltr'><strong>:homi-</strong></span> 
     </span>
    </p>
   </div>
   <div class='ocr_carea' id='block_1_28' title="bbox 143 2812 1723 2888">
    <p class='ocr_par' dir='ltr' id='par_1_28' title="bbox 143 2812 1723 2888">
     <span class='ocr_line' id='line_1_28' title="bbox 143 2812 1723 2888; baseline 0.006 -24"><span class='ocrx_word' id='word_1_183' title='bbox 143 2825 272 2866; x_wconf 86' lang='lat' dir='ltr'><strong>nem</strong></span> <span class='ocrx_word' id='word_1_184' title='bbox 310 2812 600 2882; x_wconf 86' lang='lat' dir='ltr'><strong>utriusque</strong></span> <span class='ocrx_word' id='word_1_185' title='bbox 642 2813 769 2868; x_wconf 65' lang='lat' dir='ltr'><strong>vitae</strong></span> <span class='ocrx_word' id='word_1_186' title='bbox 815 2815 1087 2870; x_wconf 89' lang='lat' dir='ltr'><strong>rationem</strong></span> <span class='ocrx_word' id='word_1_187' title='bbox 1124 2817 1470 2888; x_wconf 87' lang='lat' dir='ltr'><strong>complexum</strong></span> <span class='ocrx_word' id='word_1_188' title='bbox 1505 2819 1723 2875; x_wconf 87' lang='lat' dir='ltr'><strong>:oeulis</strong></span> 
     </span>
    </p>
   </div>
   <div class='ocr_carea' id='block_1_29' title="bbox 142 2903 1716 2977">
    <p class='ocr_par' dir='ltr' id='par_1_29' title="bbox 142 2903 1716 2977">
     <span class='ocr_line' id='line_1_29' title="bbox 142 2903 1716 2977; baseline 0.005 -20"><span class='ocrx_word' id='word_1_189' title='bbox 142 2903 391 2974; x_wconf 89' lang='lat' dir='ltr'><strong>utrisque</strong></span> <span class='ocrx_word' id='word_1_190' title='bbox 449 2906 680 2976; x_wconf 67' lang='lat' dir='ltr'><strong>praedito</strong></span> <span class='ocrx_word' id='word_1_191' title='bbox 695 2907 935 2977; x_wconf 65' lang='lat' dir='ltr'><strong>.corpori</strong></span> <span class='ocrx_word' id='word_1_192' title='bbox 970 2922 984 2962; x_wconf 88' lang='lat'><strong>:</strong></span> <span class='ocrx_word' id='word_1_193' title='bbox 1017 2918 1295 2964; x_wconf 89' lang='lat' dir='ltr'><strong>carentem</strong></span> <span class='ocrx_word' id='word_1_194' title='bbox 1336 2909 1505 2964; x_wconf 83' lang='lat' dir='ltr'><strong>altera</strong></span> <span class='ocrx_word' id='word_1_195' title='bbox 1544 2910 1716 2977; x_wconf 90' lang='lat' dir='ltr'><strong>lusco,</strong></span> 
     </span>
    </p>
   </div>
   <div class='ocr_carea' id='block_1_30' title="bbox 139 2996 1038 3070">
    <p class='ocr_par' dir='ltr' id='par_1_30' title="bbox 139 2996 1038 3070">
     <span class='ocr_line' id='line_1_30' title="bbox 139 2996 1038 3070; baseline 0.003 -20"><span class='ocrx_word' id='word_1_196' title='bbox 139 2996 524 3065; x_wconf 66' lang='lat' dir='ltr'><strong>praestantiore</strong></span> <span class='ocrx_word' id='word_1_197' title='bbox 580 2998 775 3063; x_wconf 87' lang='lat' dir='ltr'><strong>dextro</strong></span> <span class='ocrx_word' id='word_1_198' title='bbox 816 3010 1038 3070; x_wconf 90' lang='lat' dir='ltr'><strong>aspectu</strong></span> 
     </span>
    </p>
   </div>
   <div class='ocr_carea' id='block_1_31' title="bbox 141 3092 1719 3164">
    <p class='ocr_par' dir='ltr' id='par_1_31' title="bbox 141 3092 1719 3164">
     <span class='ocr_line' id='line_1_31' title="bbox 141 3092 1719 3164; baseline 0.006 -22"><span class='ocrx_word' id='word_1_199' title='bbox 141 3099 424 3158; x_wconf 89' lang='lat' dir='ltr'><strong>expertem</strong></span> <span class='ocrx_word' id='word_1_200' title='bbox 459 3092 747 3160; x_wconf 60' lang='lat' dir='ltr'><strong>utri-isque</strong></span> <span class='ocrx_word' id='word_1_201' title='bbox 779 3106 924 3147; x_wconf 56' lang='lat' dir='ltr'><strong>caeco</strong></span> <span class='ocrx_word' id='word_1_202' title='bbox 960 3093 1183 3162; x_wconf 91' lang='lat' dir='ltr'><strong>penitus</strong></span> <span class='ocrx_word' id='word_1_203' title='bbox 1215 3094 1552 3164; x_wconf 91' lang='lat' dir='ltr'><strong>persimilem</strong></span> <span class='ocrx_word' id='word_1_204' title='bbox 1578 3110 1719 3151; x_wconf 91' lang='lat' dir='ltr'><strong>esse.</strong></span> 
     </span>
    </p>
   </div>
   <div class='ocr_carea' id='block_1_32' title="bbox 1095 3000 1766 3062">
    <p class='ocr_par' dir='ltr' id='par_1_32' title="bbox 1095 3000 1766 3062">
     <span class='ocr_line' id='line_1_32' title="bbox 1095 3000 1766 3062; baseline 0 -6"><span class='ocrx_word' id='word_1_205' title='bbox 1095 3018 1110 3056; x_wconf 90' lang='lat'><strong>:</strong></span> <span class='ocrx_word' id='word_1_206' title='bbox 1145 3000 1405 3057; x_wconf 90' lang='lat' dir='ltr'><strong>inferiore</strong></span> <span class='ocrx_word' id='word_1_207' title='bbox 1443 3002 1668 3057; x_wconf 67' lang='lat' dir='ltr'><strong>sinistro</strong></span> <span class='ocrx_word' id='word_1_208' title='bbox 1702 3018 1719 3056; x_wconf 93' lang='lat'><strong>:</strong></span> <span class='ocrx_word' id='word_1_209' title='bbox 1760 3057 1766 3062; x_wconf 79' lang='grc'>,</span> 
     </span>
    </p>
   </div>
   <div class='ocr_carea' id='block_1_33' title="bbox 1808 610 3380 686">
    <p class='ocr_par' dir='ltr' id='par_1_33' title="bbox 1808 610 3380 686">
     <span class='ocr_line' id='line_1_33' title="bbox 1808 610 3380 686; baseline -0.006 -16"><span class='ocrx_word' id='word_1_210' title='bbox 1808 617 2191 686; x_wconf 85' lang='lat' dir='ltr'><strong>negligendum</strong></span> <span class='ocrx_word' id='word_1_211' title='bbox 2227 633 2349 674; x_wconf 88' lang='lat' dir='ltr'><strong>esse</strong></span> <span class='ocrx_word' id='word_1_212' title='bbox 2380 618 2565 673; x_wconf 83' lang='lat' dir='ltr'><strong>censui</strong></span> <span class='ocrx_word' id='word_1_213' title='bbox 2603 637 2615 671; x_wconf 90' lang='lat'>:</span> <span class='ocrx_word' id='word_1_214' title='bbox 2647 615 2792 685; x_wconf 90' lang='lat' dir='ltr'><strong>quod</strong></span> <span class='ocrx_word' id='word_1_215' title='bbox 2823 612 3044 683; x_wconf 86' lang='lat' dir='ltr'><strong>quidem</strong></span> <span class='ocrx_word' id='word_1_216' title='bbox 3082 610 3226 664; x_wconf 86' lang='lat' dir='ltr'><strong>haud</strong></span> <span class='ocrx_word' id='word_1_217' title='bbox 3269 625 3380 662; x_wconf 88' lang='lat' dir='ltr'><strong>mc-</strong></span> 
     </span>
    </p>
   </div>
   <div class='ocr_carea' id='block_1_34' title="bbox 1809 697 3380 768">
    <p class='ocr_par' dir='ltr' id='par_1_34' title="bbox 1809 697 3380 768">
     <span class='ocr_line' id='line_1_34' title="bbox 1809 697 3380 768; baseline -0.007 -6"><span class='ocrx_word' id='word_1_218' title='bbox 1809 708 2072 764; x_wconf 86' lang='lat' dir='ltr'><strong>diocriter</strong></span> <span class='ocrx_word' id='word_1_219' title='bbox 2104 710 2221 763; x_wconf 90' lang='lat' dir='ltr'><strong>sine</strong></span> <span class='ocrx_word' id='word_1_220' title='bbox 2258 708 2429 763; x_wconf 89' lang='lat' dir='ltr'><strong>dubio</strong></span> <span class='ocrx_word' id='word_1_221' title='bbox 2458 707 2619 762; x_wconf 88' lang='lat' dir='ltr'><strong>nobis</strong></span> <span class='ocrx_word' id='word_1_222' title='bbox 2657 706 2904 761; x_wconf 88' lang='lat' dir='ltr'><strong>conferet</strong></span> <span class='ocrx_word' id='word_1_223' title='bbox 2934 703 3000 757; x_wconf 89' lang='lat' dir='ltr'><strong>ad</strong></span> <span class='ocrx_word' id='word_1_224' title='bbox 3035 701 3089 757; x_wconf 90' lang='lat' dir='ltr'><strong>id</strong></span> <span class='ocrx_word' id='word_1_225' title='bbox 3124 702 3188 754; x_wconf 92' lang='lat' dir='ltr'><strong>ad</strong></span> <span class='ocrx_word' id='word_1_226' title='bbox 3234 697 3380 768; x_wconf 87' lang='lat' dir='ltr'><strong>quod</strong></span> 
     </span>
    </p>
   </div>
   <div class='ocr_carea' id='block_1_35' title="bbox 1812 792 3378 869">
    <p class='ocr_par' dir='ltr' id='par_1_35' title="bbox 1812 792 3378 869">
     <span class='ocr_line' id='line_1_35' title="bbox 1812 792 3378 869; baseline -0.009 -16"><span class='ocrx_word' id='word_1_227' title='bbox 1812 799 2034 853; x_wconf 87' lang='lat' dir='ltr'><strong>tendere</strong></span> <span class='ocrx_word' id='word_1_228' title='bbox 2062 800 2431 869; x_wconf 82' lang='lat' dir='ltr'><strong>maximopere</strong></span> <span class='ocrx_word' id='word_1_229' title='bbox 2462 798 2735 866; x_wconf 89' lang='lat' dir='ltr'><strong>cupimus.</strong></span> <span class='ocrx_word' id='word_1_230' title='bbox 2768 793 3096 856; x_wconf 86' lang='lat' dir='ltr'><strong>Aristotelis,</strong></span> <span class='ocrx_word' id='word_1_231' title='bbox 3132 792 3378 858; x_wconf 87' lang='lat' dir='ltr'><strong>inquam,</strong></span> 
     </span>
    </p>
   </div>
   <div class='ocr_carea' id='block_1_36' title="bbox 1811 880 3388 960">
    <p class='ocr_par' dir='ltr' id='par_1_36' title="bbox 1811 880 3388 960">
     <span class='ocr_line' id='line_1_36' title="bbox 1811 880 3388 960; baseline -0.006 -17"><span class='ocrx_word' id='word_1_232' title='bbox 1811 890 1961 943; x_wconf 80' lang='lat' dir='ltr'><strong>illius</strong></span> <span class='ocrx_word' id='word_1_233' title='bbox 1992 890 2165 944; x_wconf 88' lang='lat' dir='ltr'><strong>nostri</strong></span> <span class='ocrx_word' id='word_1_234' title='bbox 2212 889 2653 960; x_wconf 69' lang='lat' dir='ltr'><strong>praestantissimi</strong></span> <span class='ocrx_word' id='word_1_235' title='bbox 2711 884 3024 955; x_wconf 86' lang='lat' dir='ltr'><strong>philosophi</strong></span> <span class='ocrx_word' id='word_1_236' title='bbox 3077 880 3388 948; x_wconf 88' lang='lat' dir='ltr'><strong>summique</strong></span> 
     </span>
    </p>
   </div>
   <div class='ocr_carea' id='block_1_37' title="bbox 1812 973 3390 1049">
    <p class='ocr_par' dir='ltr' id='par_1_37' title="bbox 1812 973 3390 1049">
     <span class='ocr_line' id='line_1_37' title="bbox 1812 973 3390 1049; baseline -0.005 -17"><span class='ocrx_word' id='word_1_237' title='bbox 1812 980 2040 1034; x_wconf 75' lang='lat' dir='ltr'><strong>artificis</strong></span> <span class='ocrx_word' id='word_1_238' title='bbox 2063 995 2230 1049; x_wconf 86' lang='lat' dir='ltr'><strong>opera</strong></span> <span class='ocrx_word' id='word_1_239' title='bbox 2257 980 2523 1035; x_wconf 90' lang='lat' dir='ltr'><strong>nonnulla</strong></span> <span class='ocrx_word' id='word_1_240' title='bbox 2551 980 2823 1034; x_wconf 91' lang='lat' dir='ltr'><strong>bonorum</strong></span> <span class='ocrx_word' id='word_1_241' title='bbox 2856 976 3101 1031; x_wconf 90' lang='lat' dir='ltr'><strong>omnium</strong></span> <span class='ocrx_word' id='word_1_242' title='bbox 3129 973 3244 1027; x_wconf 89' lang='lat' dir='ltr'><strong>sola</strong></span> <span class='ocrx_word' id='word_1_243' title='bbox 3268 985 3390 1025; x_wconf 90' lang='lat' dir='ltr'><strong>meo</strong></span> 
     </span>
    </p>
   </div>
   <div class='ocr_carea' id='block_1_38' title="bbox 1807 1062 3392 1139">
    <p class='ocr_par' dir='ltr' id='par_1_38' title="bbox 1807 1062 3392 1139">
     <span class='ocr_line' id='line_1_38' title="bbox 1807 1062 3392 1139; baseline -0.004 -15"><span class='ocrx_word' id='word_1_244' title='bbox 1807 1070 2017 1139; x_wconf 89' lang='lat' dir='ltr'><strong>judicio</strong></span> <span class='ocrx_word' id='word_1_245' title='bbox 2063 1071 2258 1132; x_wconf 90' lang='lat' dir='ltr'><strong>fontes.</strong></span> <span class='ocrx_word' id='word_1_246' title='bbox 2295 1072 2442 1127; x_wconf 88' lang='lat' dir='ltr'><strong>unde</strong></span> <span class='ocrx_word' id='word_1_247' title='bbox 2503 1071 2629 1125; x_wconf 91' lang='lat' dir='ltr'><strong>finis</strong></span> <span class='ocrx_word' id='word_1_248' title='bbox 2659 1071 2936 1124; x_wconf 89' lang='lat' dir='ltr'><strong>humanus</strong></span> <span class='ocrx_word' id='word_1_249' title='bbox 2979 1074 3219 1126; x_wconf 88' lang='lat' dir='ltr'><strong>emanat,</strong></span> <span class='ocrx_word' id='word_1_250' title='bbox 3281 1062 3392 1118; x_wconf 90' lang='lat' dir='ltr'><strong>ele-</strong></span> 
     </span>
    </p>
   </div>
   <div class='ocr_carea' id='block_1_39' title="bbox 168 1144 3092 1233">
    <p class='ocr_par' dir='ltr' id='par_1_39' title="bbox 168 1144 3092 1233">
     <span class='ocr_line' id='line_1_39' title="bbox 168 1144 3092 1233; baseline 0.004 -36"><span class='ocrx_word' id='word_1_251' title='bbox 168 1144 353 1213; x_wconf 88' lang='lat' dir='ltr'><strong>misque</strong></span> <span class='ocrx_word' id='word_1_252' title='bbox 398 1155 588 1217; x_wconf 90' lang='lat' dir='ltr'><strong>suapte</strong></span> <span class='ocrx_word' id='word_1_253' title='bbox 644 1159 840 1218; x_wconf 80' lang='lat' dir='ltr'><strong>sponte</strong></span> <span class='ocrx_word' id='word_1_254' title='bbox 883 1152 1177 1223; x_wconf 88' lang='lat' dir='ltr'><strong>delinquit.</strong></span> <span class='ocrx_word' id='word_1_255' title='bbox 1241 1153 1451 1210; x_wconf 91' lang='lat' dir='ltr'><strong>Omitto</strong></span> <span class='ocrx_word' id='word_1_256' title='bbox 1510 1164 1712 1209; x_wconf 67' lang='lat' dir='ltr'><strong>mutuae</strong></span> <span class='ocrx_word' id='word_1_257' title='bbox 1813 1162 2031 1233; x_wconf 81' lang='lat' dir='ltr'><strong>gantius</strong></span> <span class='ocrx_word' id='word_1_258' title='bbox 2080 1180 2226 1218; x_wconf 92' lang='lat' dir='ltr'><strong>nunc</strong></span> <span class='ocrx_word' id='word_1_259' title='bbox 2279 1164 2567 1219; x_wconf 88' lang='lat' dir='ltr'><strong>traducere</strong></span> <span class='ocrx_word' id='word_1_260' title='bbox 2624 1161 2835 1231; x_wconf 90' lang='lat' dir='ltr'><strong>tibique</strong></span> <span class='ocrx_word' id='word_1_261' title='bbox 2890 1159 3092 1214; x_wconf 72' lang='lat' dir='ltr'><strong>offerre</strong></span> 
     </span>
    </p>
   </div>
   <div class='ocr_carea' id='block_1_40' title="bbox 1813 1246 3395 1326">
    <p class='ocr_par' dir='ltr' id='par_1_40' title="bbox 1813 1246 3395 1326">
     <span class='ocr_line' id='line_1_40' title="bbox 1813 1246 3395 1326; baseline -0.006 -18"><span class='ocrx_word' id='word_1_262' title='bbox 1813 1255 2160 1326; x_wconf 91' lang='lat' dir='ltr'><strong>potissimum</strong></span> <span class='ocrx_word' id='word_1_263' title='bbox 2211 1256 2370 1311; x_wconf 91' lang='lat' dir='ltr'><strong>initio</strong></span> <span class='ocrx_word' id='word_1_264' title='bbox 2404 1265 2648 1325; x_wconf 88' lang='lat' dir='ltr'><strong>sumpto,</strong></span> <span class='ocrx_word' id='word_1_265' title='bbox 2709 1267 2820 1323; x_wconf 91' lang='lat' dir='ltr'><strong>quo</strong></span> <span class='ocrx_word' id='word_1_266' title='bbox 2852 1251 3081 1307; x_wconf 87' lang='lat' dir='ltr'><strong>scientia</strong></span> <span class='ocrx_word' id='word_1_267' title='bbox 3117 1248 3184 1303; x_wconf 92' lang='lat' dir='ltr'><strong>de</strong></span> <span class='ocrx_word' id='word_1_268' title='bbox 3214 1246 3395 1301; x_wconf 87' lang='lat' dir='ltr'><strong>anima</strong></span> 
     </span>
    </p>
   </div>
   <div class='ocr_carea' id='block_1_41' title="bbox 3140 1154 3391 1209">
    <p class='ocr_par' dir='ltr' id='par_1_41' title="bbox 3140 1154 3391 1209">
     <span class='ocr_line' id='line_1_41' title="bbox 3140 1154 3391 1209; baseline -0.008 0"><span class='ocrx_word' id='word_1_269' title='bbox 3140 1154 3261 1209; x_wconf 89' lang='lat' dir='ltr'><strong>:ab</strong></span> <span class='ocrx_word' id='word_1_270' title='bbox 3323 1168 3391 1207; x_wconf 89' lang='lat' dir='ltr'><strong>eo</strong></span> 
     </span>
    </p>
   </div>
   <div class='ocr_carea' id='block_1_42' title="bbox 1818 1339 3393 1417">
    <p class='ocr_par' dir='ltr' id='par_1_42' title="bbox 1818 1339 3393 1417">
     <span class='ocr_line' id='line_1_42' title="bbox 1818 1339 3393 1417; baseline -0.007 -16"><span class='ocrx_word' id='word_1_271' title='bbox 1818 1347 2072 1402; x_wconf 90' lang='lat' dir='ltr'><strong>traditur.</strong></span> <span class='ocrx_word' id='word_1_272' title='bbox 2102 1347 2220 1413; x_wconf 87' lang='lat' dir='ltr'><strong>Qua</strong></span> <span class='ocrx_word' id='word_1_273' title='bbox 2247 1348 2410 1417; x_wconf 91' lang='lat' dir='ltr'><strong>plane</strong></span> <span class='ocrx_word' id='word_1_274' title='bbox 2442 1363 2552 1401; x_wconf 92' lang='lat' dir='ltr'><strong>non</strong></span> <span class='ocrx_word' id='word_1_275' title='bbox 2587 1346 2754 1400; x_wconf 90' lang='lat' dir='ltr'><strong>modo</strong></span> <span class='ocrx_word' id='word_1_276' title='bbox 2782 1353 3108 1399; x_wconf 70' lang='lat' dir='ltr'><strong>caaterorum</strong></span> <span class='ocrx_word' id='word_1_277' title='bbox 3146 1339 3393 1394; x_wconf 89' lang='lat' dir='ltr'><strong>omnium</strong></span> 
     </span>
    </p>
   </div>
   <div class='ocr_carea' id='block_1_43' title="bbox 1816 1429 3400 1503">
    <p class='ocr_par' dir='ltr' id='par_1_43' title="bbox 1816 1429 3400 1503">
     <span class='ocr_line' id='line_1_43' title="bbox 1816 1429 3400 1503; baseline -0.007 -12"><span class='ocrx_word' id='word_1_278' title='bbox 1816 1439 2200 1503; x_wconf 87' lang='lat' dir='ltr'><strong>animantium,</strong></span> <span class='ocrx_word' id='word_1_279' title='bbox 2277 1438 2371 1492; x_wconf 86' lang='lat' dir='ltr'><strong>sed</strong></span> <span class='ocrx_word' id='word_1_280' title='bbox 2421 1447 2667 1491; x_wconf 89' lang='lat' dir='ltr'><strong>nostrum</strong></span> <span class='ocrx_word' id='word_1_281' title='bbox 2717 1436 2883 1489; x_wconf 89' lang='lat' dir='ltr'><strong>etiam</strong></span> <span class='ocrx_word' id='word_1_282' title='bbox 2915 1429 3263 1487; x_wconf 89' lang='lat' dir='ltr'><strong>exactissime</strong></span> <span class='ocrx_word' id='word_1_283' title='bbox 3305 1443 3400 1481; x_wconf 76' lang='lat' dir='ltr'><strong>na~</strong></span> 
     </span>
    </p>
   </div>
   <div class='ocr_carea' id='block_1_44' title="bbox 1818 1522 3401 1596">
    <p class='ocr_par' dir='ltr' id='par_1_44' title="bbox 1818 1522 3401 1596">
     <span class='ocr_line' id='line_1_44' title="bbox 1818 1522 3401 1596; baseline -0.007 -16"><span class='ocrx_word' id='word_1_284' title='bbox 1818 1537 2017 1593; x_wconf 88' lang='lat' dir='ltr'><strong>turam,</strong></span> <span class='ocrx_word' id='word_1_285' title='bbox 2079 1529 2440 1596; x_wconf 75' lang='lat' dir='ltr'><strong>humanmque</strong></span> <span class='ocrx_word' id='word_1_286' title='bbox 2492 1525 2771 1581; x_wconf 88' lang='lat' dir='ltr'><strong>felicitatis</strong></span> <span class='ocrx_word' id='word_1_287' title='bbox 2833 1522 3126 1591; x_wconf 85' lang='lat' dir='ltr'><strong>originem,</strong></span> <span class='ocrx_word' id='word_1_288' title='bbox 3182 1532 3401 1583; x_wconf 88' lang='lat' dir='ltr'><strong>causas,</strong></span> 
     </span>
    </p>
   </div>
   <div class='ocr_carea' id='block_1_45' title="bbox 1818 1609 3405 1689">
    <p class='ocr_par' dir='ltr' id='par_1_45' title="bbox 1818 1609 3405 1689">
     <span class='ocr_line' id='line_1_45' title="bbox 1818 1609 3405 1689; baseline -0.008 -16"><span class='ocrx_word' id='word_1_289' title='bbox 1818 1619 2091 1689; x_wconf 88' lang='lat' dir='ltr'><strong>principia</strong></span> <span class='ocrx_word' id='word_1_290' title='bbox 2144 1619 2433 1689; x_wconf 80' lang='lat' dir='ltr'><strong>fontesque</strong></span> <span class='ocrx_word' id='word_1_291' title='bbox 2480 1617 2769 1688; x_wconf 86' lang='lat' dir='ltr'><strong>percipere</strong></span> <span class='ocrx_word' id='word_1_292' title='bbox 2821 1625 3136 1684; x_wconf 85' lang='lat' dir='ltr'><strong>possumus.</strong></span> <span class='ocrx_word' id='word_1_293' title='bbox 3172 1609 3310 1663; x_wconf 87' lang='lat' dir='ltr'><strong>Nam</strong></span> <span class='ocrx_word' id='word_1_294' title='bbox 3344 1616 3405 1662; x_wconf 90' lang='lat' dir='ltr'><strong>ut</strong></span> 
     </span>
    </p>
   </div>
   <div class='ocr_carea' id='block_1_46' title="bbox 1818 1699 3406 1786">
    <p class='ocr_par' dir='ltr' id='par_1_46' title="bbox 1818 1699 3406 1786">
     <span class='ocr_line' id='line_1_46' title="bbox 1818 1699 3406 1786; baseline -0.009 -22"><span class='ocrx_word' id='word_1_295' title='bbox 1818 1719 1872 1764; x_wconf 90' lang='lat' dir='ltr'><strong>te</strong></span> <span class='ocrx_word' id='word_1_296' title='bbox 1913 1724 2021 1786; x_wconf 84' lang='lat' dir='ltr'><strong>non</strong></span> <span class='ocrx_word' id='word_1_297' title='bbox 2058 1710 2324 1779; x_wconf 65' lang='lat' dir='ltr'><strong>praeterit,</strong></span> <span class='ocrx_word' id='word_1_298' title='bbox 2359 1721 2654 1776; x_wconf 88' lang='lat' dir='ltr'><strong>utrumque</strong></span> <span class='ocrx_word' id='word_1_299' title='bbox 2702 1721 2847 1760; x_wconf 69' lang='lat' dir='ltr'><strong>cura:</strong></span> <span class='ocrx_word' id='word_1_300' title='bbox 2907 1718 3015 1758; x_wconf 90' lang='lat' dir='ltr'><strong>non</strong></span> <span class='ocrx_word' id='word_1_301' title='bbox 3057 1699 3259 1770; x_wconf 81' lang='lat' dir='ltr'><strong>injuria</strong></span> <span class='ocrx_word' id='word_1_302' title='bbox 3308 1711 3406 1751; x_wconf 92' lang='lat' dir='ltr'><strong>no-</strong></span> 
     </span>
    </p>
   </div>
   <div class='ocr_carea' id='block_1_47' title="bbox 1823 1791 3404 1869">
    <p class='ocr_par' dir='ltr' id='par_1_47' title="bbox 1823 1791 3404 1869">
     <span class='ocr_line' id='line_1_47' title="bbox 1823 1791 3404 1869; baseline -0.009 -14"><span class='ocrx_word' id='word_1_303' title='bbox 1823 1800 1907 1855; x_wconf 85' lang='lat' dir='ltr'><strong>bis</strong></span> <span class='ocrx_word' id='word_1_304' title='bbox 1934 1815 2053 1856; x_wconf 90' lang='lat' dir='ltr'><strong>esse</strong></span> <span class='ocrx_word' id='word_1_305' title='bbox 2087 1817 2101 1854; x_wconf 93' lang='lat'><strong>:</strong></span> <span class='ocrx_word' id='word_1_306' title='bbox 2134 1815 2237 1855; x_wconf 93' lang='lat' dir='ltr'><strong>nos</strong></span> <span class='ocrx_word' id='word_1_307' title='bbox 2282 1800 2393 1869; x_wconf 90' lang='lat' dir='ltr'><strong>jam</strong></span> <span class='ocrx_word' id='word_1_308' title='bbox 2436 1799 2526 1853; x_wconf 87' lang='lat' dir='ltr'><strong>diu</strong></span> <span class='ocrx_word' id='word_1_309' title='bbox 2561 1797 2857 1852; x_wconf 87' lang='lat' dir='ltr'><strong>statuimus</strong></span> <span class='ocrx_word' id='word_1_310' title='bbox 2907 1811 2920 1847; x_wconf 93' lang='lat'>:</span> <span class='ocrx_word' id='word_1_311' title='bbox 2961 1807 3146 1848; x_wconf 89' lang='lat' dir='ltr'><strong>rerum</strong></span> <span class='ocrx_word' id='word_1_312' title='bbox 3182 1791 3404 1859; x_wconf 88' lang='lat' dir='ltr'><strong>inquam</strong></span> 
     </span>
    </p>
   </div>
   <div class='ocr_carea' id='block_1_48' title="bbox 1819 1885 3407 1959">
    <p class='ocr_par' dir='ltr' id='par_1_48' title="bbox 1819 1885 3407 1959">
     <span class='ocr_line' id='line_1_48' title="bbox 1819 1885 3407 1959; baseline -0.01 -10"><span class='ocrx_word' id='word_1_313' title='bbox 1819 1894 2070 1949; x_wconf 87' lang='lat' dir='ltr'><strong>notitiam</strong></span> <span class='ocrx_word' id='word_1_314' title='bbox 2122 1914 2136 1947; x_wconf 86' lang='lat'><strong>:</strong></span> <span class='ocrx_word' id='word_1_315' title='bbox 2184 1900 2292 1946; x_wconf 90' lang='lat' dir='ltr'><strong>tam</strong></span> <span class='ocrx_word' id='word_1_316' title='bbox 2344 1905 2537 1945; x_wconf 90' lang='lat' dir='ltr'><strong>earum</strong></span> <span class='ocrx_word' id='word_1_317' title='bbox 2592 1904 2715 1959; x_wconf 73' lang='lat' dir='ltr'><strong>qua:</strong></span> <span class='ocrx_word' id='word_1_318' title='bbox 2762 1885 2970 1941; x_wconf 90' lang='lat' dir='ltr'><strong>nullius</strong></span> <span class='ocrx_word' id='word_1_319' title='bbox 3018 1892 3185 1953; x_wconf 83' lang='lat' dir='ltr'><strong>egeat</strong></span> <span class='ocrx_word' id='word_1_320' title='bbox 3224 1895 3407 1949; x_wconf 72' lang='lat' dir='ltr'><strong>operm</strong></span> 
     </span>
    </p>
   </div>
   <div class='ocr_carea' id='block_1_49' title="bbox 1821 1984 3403 2054">
    <p class='ocr_par' dir='ltr' id='par_1_49' title="bbox 1821 1984 3403 2054">
     <span class='ocr_line' id='line_1_49' title="bbox 1821 1984 3403 2054; baseline -0.011 -13"><span class='ocrx_word' id='word_1_321' title='bbox 1821 1994 2023 2041; x_wconf 69' lang='lat' dir='ltr'><strong>nostrae</strong></span> <span class='ocrx_word' id='word_1_322' title='bbox 2069 2005 2082 2040; x_wconf 88' lang='lat'><strong>:</strong></span> <span class='ocrx_word' id='word_1_323' title='bbox 2124 1999 2287 2054; x_wconf 86' lang='lat' dir='ltr'><strong>quam</strong></span> <span class='ocrx_word' id='word_1_324' title='bbox 2344 1997 2534 2037; x_wconf 90' lang='lat' dir='ltr'><strong>earum</strong></span> <span class='ocrx_word' id='word_1_325' title='bbox 2572 1995 2809 2051; x_wconf 87' lang='lat' dir='ltr'><strong>quarum</strong></span> <span class='ocrx_word' id='word_1_326' title='bbox 2854 1992 2956 2031; x_wconf 89' lang='lat' dir='ltr'><strong>nos</strong></span> <span class='ocrx_word' id='word_1_327' title='bbox 3008 1984 3263 2030; x_wconf 84' lang='lat' dir='ltr'><strong>auctores</strong></span> <span class='ocrx_word' id='word_1_328' title='bbox 3314 1987 3403 2027; x_wconf 88' lang='lat' dir='ltr'><strong>su-</strong></span> 
     </span>
    </p>
   </div>
   <div class='ocr_carea' id='block_1_50' title="bbox 1821 2067 3402 2156">
    <p class='ocr_par' dir='ltr' id='par_1_50' title="bbox 1821 2067 3402 2156">
     <span class='ocr_line' id='line_1_50' title="bbox 1821 2067 3402 2156; baseline -0.011 -24"><span class='ocrx_word' id='word_1_329' title='bbox 1821 2092 1942 2132; x_wconf 88' lang='lat' dir='ltr'><strong>mus</strong></span> <span class='ocrx_word' id='word_1_330' title='bbox 1973 2096 1986 2130; x_wconf 90' lang='lat'><strong>:</strong></span> <span class='ocrx_word' id='word_1_331' title='bbox 2011 2092 2243 2147; x_wconf 76' lang='lat' dir='ltr'><strong>qumque</strong></span> <span class='ocrx_word' id='word_1_332' title='bbox 2267 2075 2367 2130; x_wconf 88' lang='lat' dir='ltr'><strong>sub</strong></span> <span class='ocrx_word' id='word_1_333' title='bbox 2392 2081 2677 2156; x_wconf 60' lang='lat' dir='ltr'><strong>potestate</strong></span> <span class='ocrx_word' id='word_1_334' title='bbox 2698 2079 2893 2125; x_wconf 88' lang='lat' dir='ltr'><strong>nostra</strong></span> <span class='ocrx_word' id='word_1_335' title='bbox 2920 2076 3051 2124; x_wconf 88' lang='lat' dir='ltr'><strong>sunt</strong></span> <span class='ocrx_word' id='word_1_336' title='bbox 3081 2067 3358 2121; x_wconf 73' lang='lat' dir='ltr'><strong>collocata:</strong></span> <span class='ocrx_word' id='word_1_337' title='bbox 3389 2079 3402 2115; x_wconf 92' lang='lat'><strong>:</strong></span> 
     </span>
    </p>
   </div>
   <div class='ocr_carea' id='block_1_51' title="bbox 1821 2160 3405 2242">
    <p class='ocr_par' dir='ltr' id='par_1_51' title="bbox 1821 2160 3405 2242">
     <span class='ocr_line' id='line_1_51' title="bbox 1821 2160 3405 2242; baseline -0.009 -17"><span class='ocrx_word' id='word_1_338' title='bbox 1821 2181 1878 2225; x_wconf 90' lang='lat' dir='ltr'><strong>et</strong></span> <span class='ocrx_word' id='word_1_339' title='bbox 1901 2172 2230 2242; x_wconf 85' lang='lat' dir='ltr'><strong>elegantiam</strong></span> <span class='ocrx_word' id='word_1_340' title='bbox 2258 2169 2461 2237; x_wconf 79' lang='lat' dir='ltr'><strong>linguae</strong></span> <span class='ocrx_word' id='word_1_341' title='bbox 2492 2185 2507 2223; x_wconf 89' lang='lat'><strong>:</strong></span> <span class='ocrx_word' id='word_1_342' title='bbox 2542 2164 2760 2222; x_wconf 91' lang='lat' dir='ltr'><strong>dicendi</strong></span> <span class='ocrx_word' id='word_1_343' title='bbox 2788 2164 3059 2219; x_wconf 90' lang='lat' dir='ltr'><strong>rationem</strong></span> <span class='ocrx_word' id='word_1_344' title='bbox 3090 2179 3102 2214; x_wconf 87' lang='lat'>:</span> <span class='ocrx_word' id='word_1_345' title='bbox 3132 2160 3405 2214; x_wconf 85' lang='lat' dir='ltr'><strong>delectum</strong></span> 
     </span>
    </p>
   </div>
   <div class='ocr_carea' id='block_1_52' title="bbox 1821 2254 3411 2327">
    <p class='ocr_par' dir='ltr' id='par_1_52' title="bbox 1821 2254 3411 2327">
     <span class='ocr_line' id='line_1_52' title="bbox 1821 2254 3411 2327; baseline -0.01 -9"><span class='ocrx_word' id='word_1_346' title='bbox 1821 2263 2116 2318; x_wconf 83' lang='lat' dir='ltr'><strong>verborum</strong></span> <span class='ocrx_word' id='word_1_347' title='bbox 2150 2282 2164 2317; x_wconf 92' lang='lat'>:</span> <span class='ocrx_word' id='word_1_348' title='bbox 2197 2270 2481 2327; x_wconf 89' lang='lat' dir='ltr'><strong>ornatum,</strong></span> <span class='ocrx_word' id='word_1_349' title='bbox 2523 2265 2869 2315; x_wconf 86' lang='lat' dir='ltr'><strong>venustatem</strong></span> <span class='ocrx_word' id='word_1_350' title='bbox 2911 2270 2976 2309; x_wconf 88' lang='lat' dir='ltr'><strong>ac</strong></span> <span class='ocrx_word' id='word_1_351' title='bbox 3004 2254 3219 2323; x_wconf 90' lang='lat' dir='ltr'><strong>copiam</strong></span> <span class='ocrx_word' id='word_1_352' title='bbox 3254 2270 3267 2305; x_wconf 90' lang='lat'><strong>:</strong></span> <span class='ocrx_word' id='word_1_353' title='bbox 3302 2264 3411 2319; x_wconf 90' lang='lat' dir='ltr'><strong>quo</strong></span> 
     </span>
    </p>
   </div>
   <div class='ocr_carea' id='block_1_53' title="bbox 1824 2343 3414 2424">
    <p class='ocr_par' dir='ltr' id='par_1_53' title="bbox 1824 2343 3414 2424">
     <span class='ocr_line' id='line_1_53' title="bbox 1824 2343 3414 2424; baseline -0.011 -13"><span class='ocrx_word' id='word_1_354' title='bbox 1824 2372 1918 2411; x_wconf 92' lang='lat' dir='ltr'><strong>res</strong></span> <span class='ocrx_word' id='word_1_355' title='bbox 1949 2355 2355 2424; x_wconf 86' lang='lat' dir='ltr'><strong>sententiaeque</strong></span> <span class='ocrx_word' id='word_1_356' title='bbox 2398 2353 2628 2407; x_wconf 88' lang='lat' dir='ltr'><strong>dictioni</strong></span> <span class='ocrx_word' id='word_1_357' title='bbox 2666 2369 2680 2406; x_wconf 90' lang='lat'><strong>:</strong></span> <span class='ocrx_word' id='word_1_358' title='bbox 2713 2359 2769 2405; x_wconf 89' lang='lat' dir='ltr'><strong>et</strong></span> <span class='ocrx_word' id='word_1_359' title='bbox 2802 2348 2973 2404; x_wconf 90' lang='lat' dir='ltr'><strong>rebus</strong></span> <span class='ocrx_word' id='word_1_360' title='bbox 3013 2343 3414 2411; x_wconf 87' lang='lat' dir='ltr'><strong>sententiisque</strong></span> 
     </span>
    </p>
   </div>
   <div class='ocr_carea' id='block_1_54' title="bbox 1823 2432 3418 2513">
    <p class='ocr_par' dir='ltr' id='par_1_54' title="bbox 1823 2432 3418 2513">
     <span class='ocr_line' id='line_1_54' title="bbox 1823 2432 3418 2513; baseline -0.01 -11"><span class='ocrx_word' id='word_1_361' title='bbox 1823 2447 1993 2503; x_wconf 91' lang='lat' dir='ltr'><strong>dictio</strong></span> <span class='ocrx_word' id='word_1_362' title='bbox 2027 2446 2098 2501; x_wconf 91' lang='lat' dir='ltr'><strong>sit</strong></span> <span class='ocrx_word' id='word_1_363' title='bbox 2122 2442 2455 2501; x_wconf 85' lang='lat' dir='ltr'><strong>conveniens</strong></span> <span class='ocrx_word' id='word_1_364' title='bbox 2483 2452 2647 2513; x_wconf 88' lang='lat' dir='ltr'><strong>atque</strong></span> <span class='ocrx_word' id='word_1_365' title='bbox 2672 2439 3107 2502; x_wconf 89' lang='lat' dir='ltr'><strong>accommodata,</strong></span> <span class='ocrx_word' id='word_1_366' title='bbox 3165 2437 3210 2491; x_wconf 90' lang='lat' dir='ltr'><strong>si</strong></span> <span class='ocrx_word' id='word_1_367' title='bbox 3238 2432 3418 2490; x_wconf 88' lang='lat' dir='ltr'><strong>scnsis</strong></span> 
     </span>
    </p>
   </div>
   <div class='ocr_carea' id='block_1_55' title="bbox 1823 2532 3415 2597">
    <p class='ocr_par' dir='ltr' id='par_1_55' title="bbox 1823 2532 3415 2597">
     <span class='ocr_line' id='line_1_55' title="bbox 1823 2532 3415 2597; baseline -0.011 -3"><span class='ocrx_word' id='word_1_368' title='bbox 1823 2541 2098 2595; x_wconf 90' lang='lat' dir='ltr'><strong>orationes</strong></span> <span class='ocrx_word' id='word_1_369' title='bbox 2123 2556 2136 2595; x_wconf 92' lang='lat'>:</span> <span class='ocrx_word' id='word_1_370' title='bbox 2162 2553 2319 2597; x_wconf 84' lang='lat' dir='ltr'><strong>sensa</strong></span> <span class='ocrx_word' id='word_1_371' title='bbox 2344 2538 2511 2593; x_wconf 90' lang='lat' dir='ltr'><strong>rebus</strong></span> <span class='ocrx_word' id='word_1_372' title='bbox 2531 2532 2997 2593; x_wconf 90' lang='lat' dir='ltr'><strong>accommodanda</strong></span> <span class='ocrx_word' id='word_1_373' title='bbox 3022 2532 3155 2593; x_wconf 90' lang='lat' dir='ltr'><strong>sint,</strong></span> <span class='ocrx_word' id='word_1_374' title='bbox 3216 2536 3273 2581; x_wconf 93' lang='lat' dir='ltr'><strong>ut</strong></span> <span class='ocrx_word' id='word_1_375' title='bbox 3301 2534 3415 2579; x_wconf 92' lang='lat' dir='ltr'><strong>tum</strong></span> 
     </span>
    </p>
   </div>
   <div class='ocr_carea' id='block_1_56' title="bbox 1823 2621 3416 2702">
    <p class='ocr_par' dir='ltr' id='par_1_56' title="bbox 1823 2621 3416 2702">
     <span class='ocr_line' id='line_1_56' title="bbox 1823 2621 3416 2702; baseline -0.012 -14"><span class='ocrx_word' id='word_1_376' title='bbox 1823 2634 2068 2702; x_wconf 87' lang='lat' dir='ltr'><strong>ipsorum</strong></span> <span class='ocrx_word' id='word_1_377' title='bbox 2098 2632 2240 2688; x_wconf 90' lang='lat' dir='ltr'><strong>ratio</strong></span> <span class='ocrx_word' id='word_1_378' title='bbox 2272 2641 2579 2701; x_wconf 88' lang='lat' dir='ltr'><strong>naturaque</strong></span> <span class='ocrx_word' id='word_1_379' title='bbox 2609 2671 2623 2693; x_wconf 93' lang='lat'><strong>,</strong></span> <span class='ocrx_word' id='word_1_380' title='bbox 2656 2637 2773 2684; x_wconf 89' lang='lat' dir='ltr'><strong>tum</strong></span> <span class='ocrx_word' id='word_1_381' title='bbox 2796 2624 3077 2682; x_wconf 91' lang='lat' dir='ltr'><strong>institutio</strong></span> <span class='ocrx_word' id='word_1_382' title='bbox 3104 2621 3416 2691; x_wconf 87' lang='lat' dir='ltr'><strong>sapientum</strong></span> 
     </span>
    </p>
   </div>
   <div class='ocr_carea' id='block_1_57' title="bbox 1824 2712 3419 2793">
    <p class='ocr_par' dir='ltr' id='par_1_57' title="bbox 1824 2712 3419 2793">
     <span class='ocr_line' id='line_1_57' title="bbox 1824 2712 3419 2793; baseline -0.01 -15"><span class='ocrx_word' id='word_1_383' title='bbox 1824 2723 2108 2779; x_wconf 91' lang='lat' dir='ltr'><strong>hominum</strong></span> <span class='ocrx_word' id='word_1_384' title='bbox 2130 2723 2634 2793; x_wconf 87' lang='lat' dir='ltr'><strong>expetit,efllagitat</strong></span> <span class='ocrx_word' id='word_1_385' title='bbox 2657 2731 2821 2791; x_wconf 89' lang='lat' dir='ltr'><strong>atque</strong></span> <span class='ocrx_word' id='word_1_386' title='bbox 2838 2716 3107 2789; x_wconf 88' lang='lat' dir='ltr'><strong>exposcit.</strong></span> <span class='ocrx_word' id='word_1_387' title='bbox 3128 2714 3247 2769; x_wconf 84' lang='lat' dir='ltr'><strong>Non</strong></span> <span class='ocrx_word' id='word_1_388' title='bbox 3274 2712 3419 2766; x_wconf 89' lang='lat' dir='ltr'><strong>enim</strong></span> 
     </span>
    </p>
   </div>
   <div class='ocr_carea' id='block_1_58' title="bbox 1825 2802 3421 2887">
    <p class='ocr_par' dir='ltr' id='par_1_58' title="bbox 1825 2802 3421 2887">
     <span class='ocr_line' id='line_1_58' title="bbox 1825 2802 3421 2887; baseline -0.01 -15"><span class='ocrx_word' id='word_1_389' title='bbox 1825 2818 1863 2872; x_wconf 90' lang='lat' dir='ltr'><strong>ii</strong></span> <span class='ocrx_word' id='word_1_390' title='bbox 1896 2817 2060 2872; x_wconf 91' lang='lat' dir='ltr'><strong>nobis</strong></span> <span class='ocrx_word' id='word_1_391' title='bbox 2117 2826 2177 2871; x_wconf 91' lang='lat' dir='ltr'><strong>ut</strong></span> <span class='ocrx_word' id='word_1_392' title='bbox 2211 2816 2553 2887; x_wconf 86' lang='lat' dir='ltr'><strong>exemplaria</strong></span> <span class='ocrx_word' id='word_1_393' title='bbox 2608 2814 2722 2871; x_wconf 89' lang='lat' dir='ltr'><strong>sint</strong></span> <span class='ocrx_word' id='word_1_394' title='bbox 2762 2808 3107 2884; x_wconf 87' lang='lat' dir='ltr'><strong>proponendi</strong></span> <span class='ocrx_word' id='word_1_395' title='bbox 3158 2804 3296 2874; x_wconf 91' lang='lat' dir='ltr'><strong>:qui</strong></span> <span class='ocrx_word' id='word_1_396' title='bbox 3339 2802 3421 2856; x_wconf 85' lang='lat' dir='ltr'><strong>vel</strong></span> 
     </span>
    </p>
   </div>
   <div class='ocr_carea' id='block_1_59' title="bbox 1825 2890 3421 2964">
    <p class='ocr_par' dir='ltr' id='par_1_59' title="bbox 1825 2890 3421 2964">
     <span class='ocr_line' id='line_1_59' title="bbox 1825 2890 3421 2964; baseline -0.011 -1"><span class='ocrx_word' id='word_1_397' title='bbox 1825 2915 2025 2964; x_wconf 88' lang='lat' dir='ltr'><strong>ornatu</strong></span> <span class='ocrx_word' id='word_1_398' title='bbox 2058 2907 2358 2963; x_wconf 89' lang='lat' dir='ltr'><strong>verborum</strong></span> <span class='ocrx_word' id='word_1_399' title='bbox 2415 2913 2649 2962; x_wconf 87' lang='lat' dir='ltr'><strong>utuntur</strong></span> <span class='ocrx_word' id='word_1_400' title='bbox 2682 2903 2803 2958; x_wconf 89' lang='lat' dir='ltr'><strong>sine</strong></span> <span class='ocrx_word' id='word_1_401' title='bbox 2837 2900 3031 2956; x_wconf 88' lang='lat' dir='ltr'><strong>notitia</strong></span> <span class='ocrx_word' id='word_1_402' title='bbox 3064 2911 3249 2951; x_wconf 90' lang='lat' dir='ltr'><strong>rerum</strong></span> <span class='ocrx_word' id='word_1_403' title='bbox 3292 2910 3305 2948; x_wconf 89' lang='lat'><strong>:</strong></span> <span class='ocrx_word' id='word_1_404' title='bbox 3335 2890 3421 2946; x_wconf 92' lang='lat' dir='ltr'><strong>vel</strong></span> 
     </span>
    </p>
   </div>
   <div class='ocr_carea' id='block_1_60' title="bbox 1825 2982 3421 3070">
    <p class='ocr_par' dir='ltr' id='par_1_60' title="bbox 1825 2982 3421 3070">
     <span class='ocr_line' id='line_1_60' title="bbox 1825 2982 3421 3070; baseline -0.013 -15"><span class='ocrx_word' id='word_1_405' title='bbox 1825 3000 2056 3056; x_wconf 84' lang='lat' dir='ltr'><strong>scientia</strong></span> <span class='ocrx_word' id='word_1_406' title='bbox 2088 2999 2301 3070; x_wconf 69' lang='lat' dir='ltr'><strong>prmditi</strong></span> <span class='ocrx_word' id='word_1_407' title='bbox 2332 3006 2480 3066; x_wconf 89' lang='lat' dir='ltr'><strong>sunt,</strong></span> <span class='ocrx_word' id='word_1_408' title='bbox 2532 2998 2653 3052; x_wconf 90' lang='lat' dir='ltr'><strong>sine</strong></span> <span class='ocrx_word' id='word_1_409' title='bbox 2695 2993 2892 3065; x_wconf 90' lang='lat' dir='ltr'><strong>peritia</strong></span> <span class='ocrx_word' id='word_1_410' title='bbox 2922 2989 3152 3047; x_wconf 85' lang='lat' dir='ltr'><strong>rationis</strong></span> <span class='ocrx_word' id='word_1_411' title='bbox 3179 2982 3421 3041; x_wconf 83' lang='lat' dir='ltr'><strong>dicendi-</strong></span> 
     </span>
    </p>
   </div>
   <div class='ocr_carea' id='block_1_61' title="bbox 1827 3083 3422 3163">
    <p class='ocr_par' dir='ltr' id='par_1_61' title="bbox 1827 3083 3422 3163">
     <span class='ocr_line' id='line_1_61' title="bbox 1827 3083 3422 3163; baseline -0.014 -16"><span class='ocrx_word' id='word_1_412' title='bbox 1827 3092 2063 3163; x_wconf 89' lang='lat' dir='ltr'><strong>lnsignis</strong></span> <span class='ocrx_word' id='word_1_413' title='bbox 2117 3090 2365 3160; x_wconf 90' lang='lat' dir='ltr'><strong>profecto</strong></span> <span class='ocrx_word' id='word_1_414' title='bbox 2414 3086 2774 3158; x_wconf 81' lang='lat' dir='ltr'><strong>turpitudinis</strong></span> <span class='ocrx_word' id='word_1_415' title='bbox 2828 3092 2912 3139; x_wconf 87' lang='lat' dir='ltr'><strong>est</strong></span> <span class='ocrx_word' id='word_1_416' title='bbox 2964 3083 3422 3148; x_wconf 90' lang='lat' dir='ltr'><strong>utrumque,tam</strong></span> 
     </span>
    </p>
   </div>
   <div class='ocr_carea' id='block_1_62' title="bbox 137 3164 3426 3268">
    <p class='ocr_par' dir='ltr' id='par_1_62' title="bbox 137 3164 3426 3268">
     <span class='ocr_line' id='line_1_62' title="bbox 137 3164 3426 3268; baseline -0.004 -33"><span class='ocrx_word' id='word_1_417' title='bbox 137 3178 245 3235; x_wconf 90' lang='lat' dir='ltr'><strong>Cui</strong></span> <span class='ocrx_word' id='word_1_418' title='bbox 287 3180 477 3250; x_wconf 89' lang='lat' dir='ltr'><strong>religio</strong></span> <span class='ocrx_word' id='word_1_419' title='bbox 513 3181 854 3237; x_wconf 91' lang='lat' dir='ltr'><strong>sanctissima</strong></span> <span class='ocrx_word' id='word_1_420' title='bbox 898 3192 1109 3247; x_wconf 91' lang='lat' dir='ltr'><strong>nostra,</strong></span> <span class='ocrx_word' id='word_1_421' title='bbox 1149 3185 1317 3239; x_wconf 84' lang='lat' dir='ltr'><strong>nobis</strong></span> <span class='ocrx_word' id='word_1_422' title='bbox 1355 3185 1538 3241; x_wconf 89' lang='lat' dir='ltr'><strong>oblata</strong></span> <span class='ocrx_word' id='word_1_423' title='bbox 1585 3186 1721 3241; x_wconf 73' lang='lat' dir='ltr'><strong>divi.</strong></span> <span class='ocrx_word' id='word_1_424' title='bbox 1758 3209 1802 3268; x_wconf 66' lang='grc' dir='ltr'>ο</span> <span class='ocrx_word' id='word_1_425' title='bbox 1834 3199 1973 3239; x_wconf 90' lang='lat' dir='ltr'><strong>vane</strong></span> <span class='ocrx_word' id='word_1_426' title='bbox 2008 3198 2173 3253; x_wconf 90' lang='lat' dir='ltr'><strong>quam</strong></span> <span class='ocrx_word' id='word_1_427' title='bbox 2236 3196 2404 3252; x_wconf 92' lang='lat' dir='ltr'><strong>prave</strong></span> <span class='ocrx_word' id='word_1_428' title='bbox 2443 3179 2620 3249; x_wconf 88' lang='lat' dir='ltr'><strong>loqui,</strong></span> <span class='ocrx_word' id='word_1_429' title='bbox 2671 3189 3002 3268; x_wconf 82' lang='lat' dir='ltr'><strong>quanquam</strong></span> <span class='ocrx_word' id='word_1_430' title='bbox 3038 3172 3295 3268; x_wconf 79' lang='lat' dir='ltr'><strong>alterum,</strong></span> <span class='ocrx_word' id='word_1_431' title='bbox 3340 3164 3426 3217; x_wconf 82' lang='lat' dir='ltr'><strong>vel</strong></span> 
     </span>
    </p>
   </div>
   <div class='ocr_carea' id='block_1_63' title="bbox 140 3273 1734 3349">
    <p class='ocr_par' dir='ltr' id='par_1_63' title="bbox 140 3273 1734 3349">
     <span class='ocr_line' id='line_1_63' title="bbox 140 3273 1734 3349; baseline 0.004 -23"><span class='ocrx_word' id='word_1_432' title='bbox 140 3273 318 3341; x_wconf 83' lang='lat' dir='ltr'><strong>nitus,</strong></span> <span class='ocrx_word' id='word_1_433' title='bbox 372 3273 480 3329; x_wconf 91' lang='lat' dir='ltr'><strong>hac</strong></span> <span class='ocrx_word' id='word_1_434' title='bbox 525 3290 745 3344; x_wconf 90' lang='lat' dir='ltr'><strong>quoque</strong></span> <span class='ocrx_word' id='word_1_435' title='bbox 781 3276 994 3332; x_wconf 89' lang='lat' dir='ltr'><strong>ratione</strong></span> <span class='ocrx_word' id='word_1_436' title='bbox 1038 3276 1186 3346; x_wconf 91' lang='lat' dir='ltr'><strong>quod</strong></span> <span class='ocrx_word' id='word_1_437' title='bbox 1234 3287 1559 3347; x_wconf 88' lang='lat' dir='ltr'><strong>perornatos</strong></span> <span class='ocrx_word' id='word_1_438' title='bbox 1604 3295 1734 3349; x_wconf 82' lang='lat' dir='ltr'><strong>per-</strong></span> 
     </span>
    </p>
   </div>
   <div class='ocr_carea' id='block_1_64' title="bbox 137 3364 1738 3438">
    <p class='ocr_par' dir='ltr' id='par_1_64' title="bbox 137 3364 1738 3438">
     <span class='ocr_line' id='line_1_64' title="bbox 137 3364 1738 3438; baseline 0.005 -19"><span class='ocrx_word' id='word_1_439' title='bbox 137 3364 440 3436; x_wconf 67' lang='lat' dir='ltr'><strong>tectosque</strong></span> <span class='ocrx_word' id='word_1_440' title='bbox 509 3366 764 3423; x_wconf 89' lang='lat' dir='ltr'><strong>homines</strong></span> <span class='ocrx_word' id='word_1_441' title='bbox 821 3379 1057 3438; x_wconf 89' lang='lat' dir='ltr'><strong>utroque</strong></span> <span class='ocrx_word' id='word_1_442' title='bbox 1121 3370 1344 3425; x_wconf 79' lang='lat' dir='ltr'><strong>vivendi</strong></span> <span class='ocrx_word' id='word_1_443' title='bbox 1406 3371 1571 3427; x_wconf 89' lang='lat' dir='ltr'><strong>modo</strong></span> <span class='ocrx_word' id='word_1_444' title='bbox 1620 3373 1738 3427; x_wconf 89' lang='lat' dir='ltr'><strong>suis</strong></span> 
     </span>
    </p>
   </div>
   <div class='ocr_carea' id='block_1_65' title="bbox 144 3458 1741 3531">
    <p class='ocr_par' dir='ltr' id='par_1_65' title="bbox 144 3458 1741 3531">
     <span class='ocr_line' id='line_1_65' title="bbox 144 3458 1741 3531; baseline 0.005 -20"><span class='ocrx_word' id='word_1_445' title='bbox 144 3458 547 3528; x_wconf 86' lang='lat' dir='ltr'><strong>pulcherrimis</strong></span> <span class='ocrx_word' id='word_1_446' title='bbox 573 3460 791 3531; x_wconf 83' lang='lat' dir='ltr'><strong>legibus</strong></span> <span class='ocrx_word' id='word_1_447' title='bbox 817 3460 1200 3531; x_wconf 90' lang='lat' dir='ltr'><strong>institutisque</strong></span> <span class='ocrx_word' id='word_1_448' title='bbox 1237 3462 1468 3518; x_wconf 88' lang='lat' dir='ltr'><strong>reddere</strong></span> <span class='ocrx_word' id='word_1_449' title='bbox 1503 3474 1610 3517; x_wconf 89' lang='lat' dir='ltr'><strong>tam</strong></span> <span class='ocrx_word' id='word_1_450' title='bbox 1646 3480 1741 3519; x_wconf 82' lang='lat' dir='ltr'><strong>na-</strong></span> 
     </span>
    </p>
   </div>
   <div class='ocr_carea' id='block_1_66' title="bbox 140 3549 1743 3625">
    <p class='ocr_par' dir='ltr' id='par_1_66' title="bbox 140 3549 1743 3625">
     <span class='ocr_line' id='line_1_66' title="bbox 140 3549 1743 3625; baseline 0.003 -21"><span class='ocrx_word' id='word_1_451' title='bbox 140 3558 289 3605; x_wconf 74' lang='lat' dir='ltr'><strong>tura:</strong></span> <span class='ocrx_word' id='word_1_452' title='bbox 321 3565 487 3620; x_wconf 86' lang='lat' dir='ltr'><strong>quam</strong></span> <span class='ocrx_word' id='word_1_453' title='bbox 532 3549 726 3621; x_wconf 86' lang='lat' dir='ltr'><strong>Opifiei</strong></span> <span class='ocrx_word' id='word_1_454' title='bbox 753 3567 856 3607; x_wconf 90' lang='lat' dir='ltr'><strong>suo</strong></span> <span class='ocrx_word' id='word_1_455' title='bbox 914 3562 1169 3620; x_wconf 92' lang='lat' dir='ltr'><strong>conatur,</strong></span> <span class='ocrx_word' id='word_1_456' title='bbox 1230 3553 1589 3609; x_wconf 90' lang='lat' dir='ltr'><strong>vehementer</strong></span> <span class='ocrx_word' id='word_1_457' title='bbox 1627 3556 1743 3625; x_wconf 84' lang='lat' dir='ltr'><strong>pla-</strong></span> 
     </span>
    </p>
   </div>
   <div class='ocr_carea' id='block_1_67' title="bbox 141 3640 1743 3716">
    <p class='ocr_par' dir='ltr' id='par_1_67' title="bbox 141 3640 1743 3716">
     <span class='ocr_line' id='line_1_67' title="bbox 141 3640 1743 3716; baseline 0.004 -20"><span class='ocrx_word' id='word_1_458' title='bbox 141 3650 240 3697; x_wconf 83' lang='lat' dir='ltr'><strong>cet</strong></span> <span class='ocrx_word' id='word_1_459' title='bbox 276 3658 290 3696; x_wconf 88' lang='lat'><strong>:</strong></span> <span class='ocrx_word' id='word_1_460' title='bbox 327 3657 493 3712; x_wconf 89' lang='lat' dir='ltr'><strong>quem</strong></span> <span class='ocrx_word' id='word_1_461' title='bbox 531 3643 772 3714; x_wconf 90' lang='lat' dir='ltr'><strong>denique</strong></span> <span class='ocrx_word' id='word_1_462' title='bbox 800 3640 1002 3716; x_wconf 69' lang='lat' dir='ltr'><strong>praeter</strong></span> <span class='ocrx_word' id='word_1_463' title='bbox 1031 3646 1372 3702; x_wconf 89' lang='lat' dir='ltr'><strong>honestatem</strong></span> <span class='ocrx_word' id='word_1_464' title='bbox 1402 3648 1628 3703; x_wconf 90' lang='lat' dir='ltr'><strong>omnino</strong></span> <span class='ocrx_word' id='word_1_465' title='bbox 1657 3664 1743 3703; x_wconf 81' lang='lat' dir='ltr'><strong>sa-</strong></span> 
     </span>
    </p>
   </div>
   <div class='ocr_carea' id='block_1_68' title="bbox 136 3734 1739 3809">
    <p class='ocr_par' dir='ltr' id='par_1_68' title="bbox 136 3734 1739 3809">
     <span class='ocr_line' id='line_1_68' title="bbox 136 3734 1739 3809; baseline 0.005 -22"><span class='ocrx_word' id='word_1_466' title='bbox 136 3734 483 3805; x_wconf 67' lang='lat' dir='ltr'><strong>pientiaeque</strong></span> <span class='ocrx_word' id='word_1_467' title='bbox 505 3736 682 3792; x_wconf 86' lang='lat' dir='ltr'><strong>studia</strong></span> <span class='ocrx_word' id='word_1_468' title='bbox 706 3737 841 3791; x_wconf 89' lang='lat' dir='ltr'><strong>nihil</strong></span> <span class='ocrx_word' id='word_1_469' title='bbox 863 3738 1103 3793; x_wconf 88' lang='lat' dir='ltr'><strong>delectat</strong></span> <span class='ocrx_word' id='word_1_470' title='bbox 1128 3755 1143 3791; x_wconf 90' lang='lat'><strong>:</strong></span> <span class='ocrx_word' id='word_1_471' title='bbox 1166 3739 1298 3808; x_wconf 90' lang='lat' dir='ltr'><strong>quid</strong></span> <span class='ocrx_word' id='word_1_472' title='bbox 1320 3754 1446 3809; x_wconf 86' lang='lat' dir='ltr'><strong>erga</strong></span> <span class='ocrx_word' id='word_1_473' title='bbox 1466 3748 1517 3793; x_wconf 91' lang='lat' dir='ltr'><strong>te</strong></span> <span class='ocrx_word' id='word_1_474' title='bbox 1544 3739 1739 3795; x_wconf 81' lang='lat' dir='ltr'><strong>faciam</strong></span> 
     </span>
    </p>
   </div>
   <div class='ocr_carea' id='block_1_69' title="bbox 136 3827 1743 3899">
    <p class='ocr_par' dir='ltr' id='par_1_69' title="bbox 136 3827 1743 3899">
     <span class='ocr_line' id='line_1_69' title="bbox 136 3827 1743 3899; baseline 0.004 -19"><span class='ocrx_word' id='word_1_475' title='bbox 136 3841 339 3897; x_wconf 65' lang='lat' dir='ltr'><strong>quaeso</strong></span> <span class='ocrx_word' id='word_1_476' title='bbox 365 3827 497 3896; x_wconf 88' lang='lat' dir='ltr'><strong>quid</strong></span> <span class='ocrx_word' id='word_1_477' title='bbox 517 3842 673 3897; x_wconf 90' lang='lat' dir='ltr'><strong>agam</strong></span> <span class='ocrx_word' id='word_1_478' title='bbox 701 3844 716 3882; x_wconf 89' lang='lat'><strong>:</strong></span> <span class='ocrx_word' id='word_1_479' title='bbox 749 3829 895 3897; x_wconf 90' lang='lat' dir='ltr'><strong>quod</strong></span> <span class='ocrx_word' id='word_1_480' title='bbox 916 3829 984 3884; x_wconf 90' lang='lat' dir='ltr'><strong>ad</strong></span> <span class='ocrx_word' id='word_1_481' title='bbox 1016 3838 1280 3899; x_wconf 87' lang='lat' dir='ltr'><strong>utrosque</strong></span> <span class='ocrx_word' id='word_1_482' title='bbox 1301 3846 1401 3887; x_wconf 88' lang='lat' dir='ltr'><strong>nos</strong></span> <span class='ocrx_word' id='word_1_483' title='bbox 1429 3846 1743 3886; x_wconf 89' lang='lat' dir='ltr'><strong>accommo-</strong></span> 
     </span>
    </p>
   </div>
   <div class='ocr_carea' id='block_1_70' title="bbox 136 3916 1742 3990">
    <p class='ocr_par' dir='ltr' id='par_1_70' title="bbox 136 3916 1742 3990">
     <span class='ocr_line' id='line_1_70' title="bbox 136 3916 1742 3990; baseline 0.001 -21"><span class='ocrx_word' id='word_1_484' title='bbox 136 3916 502 3972; x_wconf 81' lang='lat' dir='ltr'><strong>datissimum</strong></span> <span class='ocrx_word' id='word_1_485' title='bbox 528 3917 698 3972; x_wconf 90' lang='lat' dir='ltr'><strong>fuerit</strong></span> <span class='ocrx_word' id='word_1_486' title='bbox 727 3935 743 3974; x_wconf 87' lang='lat'><strong>:</strong></span> <span class='ocrx_word' id='word_1_487' title='bbox 776 3927 890 3973; x_wconf 92' lang='lat' dir='ltr'><strong>tum</strong></span> <span class='ocrx_word' id='word_1_488' title='bbox 931 3920 1197 3987; x_wconf 88' lang='lat' dir='ltr'><strong>instante,</strong></span> <span class='ocrx_word' id='word_1_489' title='bbox 1239 3930 1467 3990; x_wconf 87' lang='lat' dir='ltr'><strong>urgente</strong></span> <span class='ocrx_word' id='word_1_490' title='bbox 1496 3918 1742 3989; x_wconf 82' lang='lat' dir='ltr'><strong>compel-</strong></span> 
     </span>
    </p>
   </div>
   <div class='ocr_carea' id='block_1_71' title="bbox 133 3999 1743 4080">
    <p class='ocr_par' dir='ltr' id='par_1_71' title="bbox 133 3999 1743 4080">
     <span class='ocr_line' id='line_1_71' title="bbox 133 3999 1743 4080; baseline 0.002 -19"><span class='ocrx_word' id='word_1_491' title='bbox 133 4007 417 4077; x_wconf 89' lang='lat' dir='ltr'><strong>lenteque</strong></span> <span class='ocrx_word' id='word_1_492' title='bbox 446 4023 634 4063; x_wconf 87' lang='lat' dir='ltr'><strong>amore</strong></span> <span class='ocrx_word' id='word_1_493' title='bbox 672 4025 687 4062; x_wconf 89' lang='lat'><strong>:</strong></span> <span class='ocrx_word' id='word_1_494' title='bbox 725 4019 838 4064; x_wconf 91' lang='lat' dir='ltr'><strong>tum</strong></span> <span class='ocrx_word' id='word_1_495' title='bbox 867 4009 1125 4074; x_wconf 86' lang='lat' dir='ltr'><strong>instituto</strong></span> <span class='ocrx_word' id='word_1_496' title='bbox 1154 4011 1283 4065; x_wconf 69' lang='lat' dir='ltr'><strong>vita:</strong></span> <span class='ocrx_word' id='word_1_497' title='bbox 1315 3999 1548 4080; x_wconf 88' lang='lat' dir='ltr'><strong>perinde</strong></span> <span class='ocrx_word' id='word_1_498' title='bbox 1579 4018 1743 4080; x_wconf 88' lang='lat' dir='ltr'><strong>atque</strong></span> 
     </span>
    </p>
   </div>
   <div class='ocr_carea' id='block_1_72' title="bbox 131 4098 1742 4169">
    <p class='ocr_par' dir='ltr' id='par_1_72' title="bbox 131 4098 1742 4169">
     <span class='ocr_line' id='line_1_72' title="bbox 131 4098 1742 4169; baseline 0.001 -18"><span class='ocrx_word' id='word_1_499' title='bbox 131 4107 348 4151; x_wconf 85' lang='lat' dir='ltr'><strong>natura</strong></span> <span class='ocrx_word' id='word_1_500' title='bbox 415 4110 696 4165; x_wconf 90' lang='lat' dir='ltr'><strong>movente,</strong></span> <span class='ocrx_word' id='word_1_501' title='bbox 726 4108 783 4153; x_wconf 90' lang='lat' dir='ltr'><strong>et</strong></span> <span class='ocrx_word' id='word_1_502' title='bbox 816 4099 988 4152; x_wconf 87' lang='lat' dir='ltr'><strong>veluti</strong></span> <span class='ocrx_word' id='word_1_503' title='bbox 1039 4111 1194 4153; x_wconf 89' lang='lat' dir='ltr'><strong>recta</strong></span> <span class='ocrx_word' id='word_1_504' title='bbox 1238 4100 1450 4153; x_wconf 88' lang='lat' dir='ltr'><strong>ratione</strong></span> <span class='ocrx_word' id='word_1_505' title='bbox 1493 4098 1742 4169; x_wconf 91' lang='lat' dir='ltr'><strong>jubente.</strong></span> 
     </span>
    </p>
   </div>
   <div class='ocr_carea' id='block_1_73' title="bbox 129 4188 1747 4260">
    <p class='ocr_par' dir='ltr' id='par_1_73' title="bbox 129 4188 1747 4260">
     <span class='ocr_line' id='line_1_73' title="bbox 129 4188 1747 4260; baseline 0.003 -17"><span class='ocrx_word' id='word_1_506' title='bbox 129 4188 346 4243; x_wconf 80' lang='lat' dir='ltr'><strong>Nonne</strong></span> <span class='ocrx_word' id='word_1_507' title='bbox 383 4189 439 4243; x_wconf 89' lang='lat' dir='ltr'><strong>id</strong></span> <span class='ocrx_word' id='word_1_508' title='bbox 490 4205 651 4245; x_wconf 90' lang='lat' dir='ltr'><strong>omne</strong></span> <span class='ocrx_word' id='word_1_509' title='bbox 694 4191 840 4260; x_wconf 89' lang='lat' dir='ltr'><strong>quod</strong></span> <span class='ocrx_word' id='word_1_510' title='bbox 874 4190 1098 4246; x_wconf 80' lang='lat' dir='ltr'><strong>aﬂ‘ectas</strong></span> <span class='ocrx_word' id='word_1_511' title='bbox 1137 4192 1299 4247; x_wconf 89' lang='lat' dir='ltr'><strong>modo</strong></span> <span class='ocrx_word' id='word_1_512' title='bbox 1325 4192 1485 4248; x_wconf 89' lang='lat' dir='ltr'><strong>nobis</strong></span> <span class='ocrx_word' id='word_1_513' title='bbox 1516 4192 1747 4249; x_wconf 82' lang='lat' dir='ltr'><strong>facultas</strong></span> 
     </span>
    </p>
   </div>
   <div class='ocr_carea' id='block_1_74' title="bbox 133 4281 1749 4356">
    <p class='ocr_par' dir='ltr' id='par_1_74' title="bbox 133 4281 1749 4356">
     <span class='ocr_line' id='line_1_74' title="bbox 133 4281 1749 4356; baseline 0.004 -21"><span class='ocrx_word' id='word_1_514' title='bbox 133 4281 299 4336; x_wconf 83' lang='lat' dir='ltr'><strong>adsit</strong></span> <span class='ocrx_word' id='word_1_515' title='bbox 337 4300 353 4337; x_wconf 88' lang='lat'><strong>:</strong></span> <span class='ocrx_word' id='word_1_516' title='bbox 383 4291 447 4337; x_wconf 91' lang='lat' dir='ltr'><strong>ut</strong></span> <span class='ocrx_word' id='word_1_517' title='bbox 478 4298 589 4337; x_wconf 93' lang='lat' dir='ltr'><strong>non</strong></span> <span class='ocrx_word' id='word_1_518' title='bbox 649 4282 818 4353; x_wconf 87' lang='lat' dir='ltr'><strong>inepti</strong></span> <span class='ocrx_word' id='word_1_519' title='bbox 845 4284 1147 4344; x_wconf 87' lang='lat' dir='ltr'><strong>videamur.</strong></span> <span class='ocrx_word' id='word_1_520' title='bbox 1178 4300 1289 4339; x_wconf 91' lang='lat' dir='ltr'><strong>non</strong></span> <span class='ocrx_word' id='word_1_521' title='bbox 1319 4282 1491 4356; x_wconf 84' lang='lat' dir='ltr'><strong>ignari</strong></span> <span class='ocrx_word' id='word_1_522' title='bbox 1531 4285 1749 4355; x_wconf 92' lang='lat' dir='ltr'><strong>penitus</strong></span> 
     </span>
    </p>
   </div>
   <div class='ocr_carea' id='block_1_75' title="bbox 128 4373 1750 4446">
    <p class='ocr_par' dir='ltr' id='par_1_75' title="bbox 128 4373 1750 4446">
     <span class='ocr_line' id='line_1_75' title="bbox 128 4373 1750 4446; baseline 0.002 -18"><span class='ocrx_word' id='word_1_523' title='bbox 128 4373 409 4439; x_wconf 85' lang='lat' dir='ltr'><strong>rationis,</strong></span> <span class='ocrx_word' id='word_1_524' title='bbox 443 4373 547 4427; x_wconf 92' lang='lat' dir='ltr'><strong>alia</strong></span> <span class='ocrx_word' id='word_1_525' title='bbox 588 4374 795 4444; x_wconf 70' lang='lat' dir='ltr'><strong>quaevis</strong></span> <span class='ocrx_word' id='word_1_526' title='bbox 846 4373 1146 4430; x_wconf 72' lang='lat' dir='ltr'><strong>offerentes</strong></span> <span class='ocrx_word' id='word_1_527' title='bbox 1199 4392 1307 4430; x_wconf 91' lang='lat' dir='ltr'><strong>non</strong></span> <span class='ocrx_word' id='word_1_528' title='bbox 1342 4391 1408 4431; x_wconf 88' lang='lat' dir='ltr'><strong>ea</strong></span> <span class='ocrx_word' id='word_1_529' title='bbox 1439 4376 1642 4446; x_wconf 89' lang='lat' dir='ltr'><strong>quibus</strong></span> <span class='ocrx_word' id='word_1_530' title='bbox 1665 4387 1750 4432; x_wconf 90' lang='lat' dir='ltr'><strong>est</strong></span> 
     </span>
    </p>
   </div>
   <div class='ocr_carea' id='block_1_76' title="bbox 128 4464 1750 4535">
    <p class='ocr_par' dir='ltr' id='par_1_76' title="bbox 128 4464 1750 4535">
     <span class='ocr_line' id='line_1_76' title="bbox 128 4464 1750 4535; baseline 0.002 -16"><span class='ocrx_word' id='word_1_531' title='bbox 128 4480 312 4535; x_wconf 86' lang='lat' dir='ltr'><strong>opus.</strong></span> <span class='ocrx_word' id='word_1_532' title='bbox 340 4464 541 4520; x_wconf 87' lang='lat' dir='ltr'><strong>Nonne</strong></span> <span class='ocrx_word' id='word_1_533' title='bbox 572 4464 627 4520; x_wconf 90' lang='lat' dir='ltr'><strong>id</strong></span> <span class='ocrx_word' id='word_1_534' title='bbox 662 4480 826 4521; x_wconf 90' lang='lat' dir='ltr'><strong>omne</strong></span> <span class='ocrx_word' id='word_1_535' title='bbox 851 4466 997 4535; x_wconf 91' lang='lat' dir='ltr'><strong>quod</strong></span> <span class='ocrx_word' id='word_1_536' title='bbox 1046 4465 1112 4521; x_wconf 91' lang='lat' dir='ltr'><strong>ad</strong></span> <span class='ocrx_word' id='word_1_537' title='bbox 1145 4476 1460 4535; x_wconf 84' lang='lat' dir='ltr'><strong>exoptatum</strong></span> <span class='ocrx_word' id='word_1_538' title='bbox 1508 4468 1750 4523; x_wconf 88' lang='lat' dir='ltr'><strong>hominis</strong></span> 
     </span>
    </p>
   </div>
   <div class='ocr_carea' id='block_1_77' title="bbox 1842 3259 3423 3347">
    <p class='ocr_par' dir='ltr' id='par_1_77' title="bbox 1842 3259 3423 3347">
     <span class='ocr_line' id='line_1_77' title="bbox 1842 3259 3423 3347; baseline -0.015 -15"><span class='ocrx_word' id='word_1_539' title='bbox 1842 3277 2178 3347; x_wconf 79' lang='lat' dir='ltr'><strong>impotentiae</strong></span> <span class='ocrx_word' id='word_1_540' title='bbox 2230 3273 2375 3328; x_wconf 90' lang='lat' dir='ltr'><strong>forte</strong></span> <span class='ocrx_word' id='word_1_541' title='bbox 2426 3272 2669 3334; x_wconf 80' lang='lat' dir='ltr'><strong>fortuna,</strong></span> <span class='ocrx_word' id='word_1_542' title='bbox 2718 3268 2801 3323; x_wconf 91' lang='lat' dir='ltr'><strong>vel</strong></span> <span class='ocrx_word' id='word_1_543' title='bbox 2854 3262 3113 3335; x_wconf 86' lang='lat' dir='ltr'><strong>segnitiei</strong></span> <span class='ocrx_word' id='word_1_544' title='bbox 3163 3259 3423 3313; x_wconf 89' lang='lat' dir='ltr'><strong>ratione:</strong></span> 
     </span>
    </p>
   </div>
   <div class='ocr_carea' id='block_1_78' title="bbox 1841 3354 3429 3437">
    <p class='ocr_par' dir='ltr' id='par_1_78' title="bbox 1841 3354 3429 3437">
     <span class='ocr_line' id='line_1_78' title="bbox 1841 3354 3429 3437; baseline -0.017 -11"><span class='ocrx_word' id='word_1_545' title='bbox 1841 3369 2145 3426; x_wconf 87' lang='lat' dir='ltr'><strong>secundum</strong></span> <span class='ocrx_word' id='word_1_546' title='bbox 2188 3366 2371 3437; x_wconf 90' lang='lat' dir='ltr'><strong>potius</strong></span> <span class='ocrx_word' id='word_1_547' title='bbox 2426 3372 2513 3420; x_wconf 91' lang='lat' dir='ltr'><strong>est</strong></span> <span class='ocrx_word' id='word_1_548' title='bbox 2561 3360 2962 3432; x_wconf 89' lang='lat' dir='ltr'><strong>expetendum.</strong></span> <span class='ocrx_word' id='word_1_549' title='bbox 3013 3354 3429 3425; x_wconf 87' lang='lat' dir='ltr'><strong>Conjungamus</strong></span> 
     </span>
    </p>
   </div>
   <div class='ocr_carea' id='block_1_79' title="bbox 1842 3455 3430 3530">
    <p class='ocr_par' dir='ltr' id='par_1_79' title="bbox 1842 3455 3430 3530">
     <span class='ocr_line' id='line_1_79' title="bbox 1842 3455 3430 3530; baseline -0.017 -12"><span class='ocrx_word' id='word_1_550' title='bbox 1842 3479 1943 3517; x_wconf 91' lang='lat' dir='ltr'><strong>nos</strong></span> <span class='ocrx_word' id='word_1_551' title='bbox 1969 3477 2031 3515; x_wconf 90' lang='lat' dir='ltr'><strong>ea</strong></span> <span class='ocrx_word' id='word_1_552' title='bbox 2064 3475 2184 3530; x_wconf 70' lang='lat' dir='ltr'><strong>qum</strong></span> <span class='ocrx_word' id='word_1_553' title='bbox 2213 3455 2594 3529; x_wconf 86' lang='lat' dir='ltr'><strong>conjungenda</strong></span> <span class='ocrx_word' id='word_1_554' title='bbox 2627 3458 2854 3509; x_wconf 89' lang='lat' dir='ltr'><strong>omnino</strong></span> <span class='ocrx_word' id='word_1_555' title='bbox 2889 3458 3039 3512; x_wconf 86' lang='lat' dir='ltr'><strong>sunt,</strong></span> <span class='ocrx_word' id='word_1_556' title='bbox 3076 3460 3184 3500; x_wconf 91' lang='lat' dir='ltr'><strong>non</strong></span> <span class='ocrx_word' id='word_1_557' title='bbox 3216 3459 3280 3498; x_wconf 91' lang='lat' dir='ltr'><strong>ea</strong></span> <span class='ocrx_word' id='word_1_558' title='bbox 3311 3455 3430 3510; x_wconf 68' lang='lat' dir='ltr'><strong>quae</strong></span> 
     </span>
    </p>
   </div>
   <div class='ocr_carea' id='block_1_80' title="bbox 1844 3540 3431 3619">
    <p class='ocr_par' dir='ltr' id='par_1_80' title="bbox 1844 3540 3431 3619">
     <span class='ocr_line' id='line_1_80' title="bbox 1844 3540 3431 3619; baseline -0.015 -10"><span class='ocrx_word' id='word_1_559' title='bbox 1844 3556 1963 3609; x_wconf 89' lang='lat' dir='ltr'><strong>sine</strong></span> <span class='ocrx_word' id='word_1_560' title='bbox 2000 3554 2269 3607; x_wconf 89' lang='lat' dir='ltr'><strong>dedecore</strong></span> <span class='ocrx_word' id='word_1_561' title='bbox 2308 3565 2409 3605; x_wconf 86' lang='lat' dir='ltr'><strong>suo</strong></span> <span class='ocrx_word' id='word_1_562' title='bbox 2455 3555 2639 3619; x_wconf 90' lang='lat' dir='ltr'><strong>potest</strong></span> <span class='ocrx_word' id='word_1_563' title='bbox 2678 3557 2919 3614; x_wconf 88' lang='lat' dir='ltr'><strong>unquam</strong></span> <span class='ocrx_word' id='word_1_564' title='bbox 2964 3540 3306 3609; x_wconf 80' lang='lat' dir='ltr'><strong>conjungere</strong></span> <span class='ocrx_word' id='word_1_565' title='bbox 3338 3547 3431 3586; x_wconf 84' lang='lat' dir='ltr'><strong>ne-</strong></span> 
     </span>
    </p>
   </div>
   <div class='ocr_carea' id='block_1_81' title="bbox 1845 3633 3433 3714">
    <p class='ocr_par' dir='ltr' id='par_1_81' title="bbox 1845 3633 3433 3714">
     <span class='ocr_line' id='line_1_81' title="bbox 1845 3633 3433 3714; baseline -0.016 -13"><span class='ocrx_word' id='word_1_566' title='bbox 1845 3633 1957 3712; x_wconf 86' lang='lat' dir='ltr'><strong>mo,</strong></span> <span class='ocrx_word' id='word_1_567' title='bbox 1993 3661 2056 3701; x_wconf 91' lang='lat' dir='ltr'><strong>ac</strong></span> <span class='ocrx_word' id='word_1_568' title='bbox 2087 3643 2411 3714; x_wconf 89' lang='lat' dir='ltr'><strong>sapientiam</strong></span> <span class='ocrx_word' id='word_1_569' title='bbox 2447 3641 2514 3695; x_wconf 91' lang='lat' dir='ltr'><strong>ab</strong></span> <span class='ocrx_word' id='word_1_570' title='bbox 2542 3638 2837 3708; x_wconf 82' lang='lat' dir='ltr'><strong>elegantia,</strong></span> <span class='ocrx_word' id='word_1_571' title='bbox 2883 3635 3071 3702; x_wconf 93' lang='lat' dir='ltr'><strong>lepore</strong></span> <span class='ocrx_word' id='word_1_572' title='bbox 3120 3633 3433 3683; x_wconf 82' lang='lat' dir='ltr'><strong>venustate-</strong></span> 
     </span>
    </p>
   </div>
   <div class='ocr_carea' id='block_1_82' title="bbox 1846 3719 3433 3809">
    <p class='ocr_par' dir='ltr' id='par_1_82' title="bbox 1846 3719 3433 3809">
     <span class='ocr_line' id='line_1_82' title="bbox 1846 3719 3433 3809; baseline -0.016 -15"><span class='ocrx_word' id='word_1_573' title='bbox 1846 3754 1953 3809; x_wconf 92' lang='lat' dir='ltr'><strong>que</strong></span> <span class='ocrx_word' id='word_1_574' title='bbox 1982 3737 2281 3792; x_wconf 87' lang='lat' dir='ltr'><strong>verborum</strong></span> <span class='ocrx_word' id='word_1_575' title='bbox 2315 3732 2699 3800; x_wconf 88' lang='lat' dir='ltr'><strong>orationisque</strong></span> <span class='ocrx_word' id='word_1_576' title='bbox 2750 3743 2858 3781; x_wconf 88' lang='lat' dir='ltr'><strong>non</strong></span> <span class='ocrx_word' id='word_1_577' title='bbox 2893 3736 3240 3793; x_wconf 77' lang='lat' dir='ltr'><strong>separemus.</strong></span> <span class='ocrx_word' id='word_1_578' title='bbox 3283 3719 3433 3772; x_wconf 74' lang='lat' dir='ltr'><strong>lianc</strong></span> 
     </span>
    </p>
   </div>
   <div class='ocr_carea' id='block_1_83' title="bbox 1847 3816 3430 3912">
    <p class='ocr_par' dir='ltr' id='par_1_83' title="bbox 1847 3816 3430 3912">
     <span class='ocr_line' id='line_1_83' title="bbox 1847 3816 3430 3912; baseline -0.015 -27"><span class='ocrx_word' id='word_1_579' title='bbox 1847 3832 2011 3902; x_wconf 87' lang='lat' dir='ltr'><strong>igitur</strong></span> <span class='ocrx_word' id='word_1_580' title='bbox 2040 3843 2264 3899; x_wconf 85' lang='lat' dir='ltr'><strong>Operam</strong></span> <span class='ocrx_word' id='word_1_581' title='bbox 2294 3828 2411 3896; x_wconf 89' lang='lat' dir='ltr'><strong>ipse</strong></span> <span class='ocrx_word' id='word_1_582' title='bbox 2459 3840 2577 3879; x_wconf 90' lang='lat' dir='ltr'><strong>mea</strong></span> <span class='ocrx_word' id='word_1_583' title='bbox 2621 3819 2894 3878; x_wconf 87' lang='lat' dir='ltr'><strong>sententia</strong></span> <span class='ocrx_word' id='word_1_584' title='bbox 2924 3833 3033 3871; x_wconf 91' lang='lat' dir='ltr'><strong>non</strong></span> <span class='ocrx_word' id='word_1_585' title='bbox 3057 3816 3430 3912; x_wconf 73' lang='lat' dir='ltr'><strong>inhonestam,</strong></span> 
     </span>
    </p>
   </div>
   <div class='ocr_carea' id='block_1_84' title="bbox 1847 3912 3433 3985">
    <p class='ocr_par' dir='ltr' id='par_1_84' title="bbox 1847 3912 3433 3985">
     <span class='ocr_line' id='line_1_84' title="bbox 1847 3912 3433 3985; baseline -0.015 -7"><span class='ocrx_word' id='word_1_586' title='bbox 1847 3939 1956 3978; x_wconf 90' lang='lat' dir='ltr'><strong>non</strong></span> <span class='ocrx_word' id='word_1_587' title='bbox 2007 3920 2424 3983; x_wconf 85' lang='lat' dir='ltr'><strong>inutilem,non</strong></span> <span class='ocrx_word' id='word_1_588' title='bbox 2478 3912 2856 3985; x_wconf 88' lang='lat' dir='ltr'><strong>injucundam,</strong></span> <span class='ocrx_word' id='word_1_589' title='bbox 2914 3924 3020 3963; x_wconf 90' lang='lat' dir='ltr'><strong>non</strong></span> <span class='ocrx_word' id='word_1_590' title='bbox 3076 3922 3105 3961; x_wconf 89' lang='lat' dir='ltr'><strong>a</strong></span> <span class='ocrx_word' id='word_1_591' title='bbox 3154 3919 3433 3959; x_wconf 86' lang='lat' dir='ltr'><strong>commqu</strong></span> 
     </span>
    </p>
   </div>
   <div class='ocr_carea' id='block_1_85' title="bbox 1848 3996 3436 4082">
    <p class='ocr_par' dir='ltr' id='par_1_85' title="bbox 1848 3996 3436 4082">
     <span class='ocr_line' id='line_1_85' title="bbox 1848 3996 3436 4082; baseline -0.014 -13"><span class='ocrx_word' id='word_1_592' title='bbox 1848 4023 2038 4069; x_wconf 88' lang='lat' dir='ltr'><strong>nostro</strong></span> <span class='ocrx_word' id='word_1_593' title='bbox 2073 4010 2359 4082; x_wconf 90' lang='lat' dir='ltr'><strong>proposito</strong></span> <span class='ocrx_word' id='word_1_594' title='bbox 2389 4026 2402 4062; x_wconf 90' lang='lat'><strong>:</strong></span> <span class='ocrx_word' id='word_1_595' title='bbox 2432 4023 2541 4062; x_wconf 91' lang='lat' dir='ltr'><strong>non</strong></span> <span class='ocrx_word' id='word_1_596' title='bbox 2560 4022 2589 4060; x_wconf 92' lang='lat' dir='ltr'><strong>a</strong></span> <span class='ocrx_word' id='word_1_597' title='bbox 2619 4014 2807 4059; x_wconf 90' lang='lat' dir='ltr'><strong>mutua</strong></span> <span class='ocrx_word' id='word_1_598' title='bbox 2835 4011 3022 4056; x_wconf 87' lang='lat' dir='ltr'><strong>nostra</strong></span> <span class='ocrx_word' id='word_1_599' title='bbox 3054 3996 3436 4053; x_wconf 88' lang='lat' dir='ltr'><strong>benevolentia</strong></span> 
     </span>
    </p>
   </div>
   <div class='ocr_carea' id='block_1_86' title="bbox 1850 4085 3437 4160">
    <p class='ocr_par' dir='ltr' id='par_1_86' title="bbox 1850 4085 3437 4160">
     <span class='ocr_line' id='line_1_86' title="bbox 1850 4085 3437 4160; baseline -0.014 -1"><span class='ocrx_word' id='word_1_600' title='bbox 1850 4104 2209 4160; x_wconf 89' lang='lat' dir='ltr'><strong>dissidentem</strong></span> <span class='ocrx_word' id='word_1_601' title='bbox 2240 4117 2304 4155; x_wconf 90' lang='lat' dir='ltr'><strong>ac</strong></span> <span class='ocrx_word' id='word_1_602' title='bbox 2343 4099 2739 4155; x_wconf 90' lang='lat' dir='ltr'><strong>abhorrentem</strong></span> <span class='ocrx_word' id='word_1_603' title='bbox 2779 4112 2792 4149; x_wconf 89' lang='lat'><strong>:</strong></span> <span class='ocrx_word' id='word_1_604' title='bbox 2829 4092 3063 4147; x_wconf 78' lang='lat' dir='ltr'><strong>dandam</strong></span> <span class='ocrx_word' id='word_1_605' title='bbox 3111 4105 3234 4145; x_wconf 88' lang='lat' dir='ltr'><strong>esse</strong></span> <span class='ocrx_word' id='word_1_606' title='bbox 3281 4085 3437 4157; x_wconf 87' lang='lat' dir='ltr'><strong>quasi</strong></span> 
     </span>
    </p>
   </div>
   <div class='ocr_carea' id='block_1_87' title="bbox 1849 4183 3440 4268">
    <p class='ocr_par' dir='ltr' id='par_1_87' title="bbox 1849 4183 3440 4268">
     <span class='ocr_line' id='line_1_87' title="bbox 1849 4183 3440 4268; baseline -0.014 -16"><span class='ocrx_word' id='word_1_607' title='bbox 1849 4198 1971 4268; x_wconf 83' lang='lat' dir='ltr'><strong>lege</strong></span> <span class='ocrx_word' id='word_1_608' title='bbox 2005 4194 2242 4266; x_wconf 88' lang='lat' dir='ltr'><strong>quadam</strong></span> <span class='ocrx_word' id='word_1_609' title='bbox 2287 4192 2567 4248; x_wconf 88' lang='lat' dir='ltr'><strong>assiduam</strong></span> <span class='ocrx_word' id='word_1_610' title='bbox 2619 4205 2649 4244; x_wconf 91' lang='lat' dir='ltr'><strong>a</strong></span> <span class='ocrx_word' id='word_1_611' title='bbox 2687 4204 2776 4244; x_wconf 87' lang='lat' dir='ltr'><strong>me</strong></span> <span class='ocrx_word' id='word_1_612' title='bbox 2831 4186 2931 4242; x_wconf 91' lang='lat' dir='ltr'><strong>tibi</strong></span> <span class='ocrx_word' id='word_1_613' title='bbox 2982 4183 3440 4253; x_wconf 81' lang='lat' dir='ltr'><strong>frequentcmque</strong></span> 
     </span>
    </p>
   </div>
   <div class='ocr_carea' id='block_1_88' title="bbox 1852 4275 3441 4357">
    <p class='ocr_par' dir='ltr' id='par_1_88' title="bbox 1852 4275 3441 4357">
     <span class='ocr_line' id='line_1_88' title="bbox 1852 4275 3441 4357; baseline -0.014 -12"><span class='ocrx_word' id='word_1_614' title='bbox 1852 4289 2069 4357; x_wconf 90' lang='lat' dir='ltr'><strong>censui,</strong></span> <span class='ocrx_word' id='word_1_615' title='bbox 2102 4286 2270 4343; x_wconf 89' lang='lat' dir='ltr'><strong>statui</strong></span> <span class='ocrx_word' id='word_1_616' title='bbox 2304 4284 2549 4347; x_wconf 89' lang='lat' dir='ltr'><strong>definivi,</strong></span> <span class='ocrx_word' id='word_1_617' title='bbox 2582 4292 2747 4352; x_wconf 90' lang='lat' dir='ltr'><strong>atque</strong></span> <span class='ocrx_word' id='word_1_618' title='bbox 2788 4280 2949 4343; x_wconf 84' lang='lat' dir='ltr'><strong>adeo,</strong></span> <span class='ocrx_word' id='word_1_619' title='bbox 2982 4287 3043 4332; x_wconf 90' lang='lat' dir='ltr'><strong>ut</strong></span> <span class='ocrx_word' id='word_1_620' title='bbox 3076 4275 3179 4329; x_wconf 90' lang='lat' dir='ltr'><strong>nisi</strong></span> <span class='ocrx_word' id='word_1_621' title='bbox 3229 4281 3441 4327; x_wconf 70' lang='lat' dir='ltr'><strong>natura:</strong></span> 
     </span>
    </p>
   </div>
   <div class='ocr_carea' id='block_1_89' title="bbox 1852 4365 3438 4448">
    <p class='ocr_par' dir='ltr' id='par_1_89' title="bbox 1852 4365 3438 4448">
     <span class='ocr_line' id='line_1_89' title="bbox 1852 4365 3438 4448; baseline -0.015 -8"><span class='ocrx_word' id='word_1_622' title='bbox 1852 4382 2228 4448; x_wconf 89' lang='lat' dir='ltr'><strong>necessitudo,</strong></span> <span class='ocrx_word' id='word_1_623' title='bbox 2274 4380 2422 4435; x_wconf 89' lang='lat' dir='ltr'><strong>nulla</strong></span> <span class='ocrx_word' id='word_1_624' title='bbox 2462 4378 2548 4433; x_wconf 91' lang='lat' dir='ltr'><strong>vis</strong></span> <span class='ocrx_word' id='word_1_625' title='bbox 2588 4392 2708 4432; x_wconf 91' lang='lat' dir='ltr'><strong>eam</strong></span> <span class='ocrx_word' id='word_1_626' title='bbox 2767 4373 2926 4430; x_wconf 90' lang='lat' dir='ltr'><strong>nobis</strong></span> <span class='ocrx_word' id='word_1_627' title='bbox 2956 4371 3200 4425; x_wconf 88' lang='lat' dir='ltr'><strong>adimere</strong></span> <span class='ocrx_word' id='word_1_628' title='bbox 3240 4365 3438 4437; x_wconf 87' lang='lat' dir='ltr'><strong>possit.</strong></span> 
     </span>
    </p>
   </div>
   <div class='ocr_carea' id='block_1_90' title="bbox 1853 4454 3441 4543">
    <p class='ocr_par' dir='ltr' id='par_1_90' title="bbox 1853 4454 3441 4543">
     <span class='ocr_line' id='line_1_90' title="bbox 1853 4454 3441 4543; baseline -0.014 -13"><span class='ocrx_word' id='word_1_629' title='bbox 1853 4454 2137 4543; x_wconf 22' lang='lat' dir='ltr'><strong>Qum-cum</strong></span> <span class='ocrx_word' id='word_1_630' title='bbox 2170 4473 2246 4527; x_wconf 90' lang='lat' dir='ltr'><strong>ita</strong></span> <span class='ocrx_word' id='word_1_631' title='bbox 2272 4471 2408 4534; x_wconf 90' lang='lat' dir='ltr'><strong>sint,</strong></span> <span class='ocrx_word' id='word_1_632' title='bbox 2440 4485 2579 4540; x_wconf 92' lang='lat' dir='ltr'><strong>opus</strong></span> <span class='ocrx_word' id='word_1_633' title='bbox 2600 4465 2919 4523; x_wconf 77' lang='lat' dir='ltr'><strong>Ariswtelis</strong></span> <span class='ocrx_word' id='word_1_634' title='bbox 2942 4463 3010 4518; x_wconf 88' lang='lat' dir='ltr'><strong>de</strong></span> <span class='ocrx_word' id='word_1_635' title='bbox 3043 4461 3245 4523; x_wconf 86' lang='lat' dir='ltr'><strong>anima,</strong></span> <span class='ocrx_word' id='word_1_636' title='bbox 3270 4454 3441 4511; x_wconf 89' lang='lat' dir='ltr'><strong>veluti</strong></span> 
     </span>
    </p>
   </div>
   <div class='ocr_carea' id='block_1_91' title="bbox 127 4550 3487 4636">
    <p class='ocr_par' dir='ltr' id='par_1_91' title="bbox 127 4550 3487 4636">
     <span class='ocr_line' id='line_1_91' title="bbox 127 4550 3487 4636; baseline -0.003 -23"><span class='ocrx_word' id='word_1_637' title='bbox 127 4560 317 4613; x_wconf 84' lang='lat' dir='ltr'><strong>finem</strong></span> <span class='ocrx_word' id='word_1_638' title='bbox 366 4558 531 4613; x_wconf 85' lang='lat' dir='ltr'><strong>facile</strong></span> <span class='ocrx_word' id='word_1_639' title='bbox 558 4559 1010 4629; x_wconf 87' lang='lat' dir='ltr'><strong>consequendum</strong></span> <span class='ocrx_word' id='word_1_640' title='bbox 1040 4560 1137 4615; x_wconf 91' lang='lat' dir='ltr'><strong>tibi</strong></span> <span class='ocrx_word' id='word_1_641' title='bbox 1166 4560 1477 4616; x_wconf 89' lang='lat' dir='ltr'><strong>conducere</strong></span> <span class='ocrx_word' id='word_1_642' title='bbox 1521 4570 1698 4630; x_wconf 86' lang='lat' dir='ltr'><strong>potest</strong></span> <span class='ocrx_word' id='word_1_643' title='bbox 1732 4578 1746 4615; x_wconf 89' lang='lat'><strong>:</strong></span> <span class='ocrx_word' id='word_1_644' title='bbox 1784 4550 1826 4605; x_wconf 78' lang='grc' dir='ltr'><strong>ί)</strong></span> <span class='ocrx_word' id='word_1_645' title='bbox 1858 4576 2060 4621; x_wconf 59' lang='lat' dir='ltr'><strong>nostra;</strong></span> <span class='ocrx_word' id='word_1_646' title='bbox 2090 4564 2387 4636; x_wconf 88' lang='lat' dir='ltr'><strong>quamdam</strong></span> <span class='ocrx_word' id='word_1_647' title='bbox 2420 4577 2599 4632; x_wconf 70' lang='lat' dir='ltr'><strong>opera:</strong></span> <span class='ocrx_word' id='word_1_648' title='bbox 2643 4568 2881 4630; x_wconf 86' lang='lat' dir='ltr'><strong>partem,</strong></span> <span class='ocrx_word' id='word_1_649' title='bbox 2912 4554 3222 4624; x_wconf 85' lang='lat' dir='ltr'><strong>elegantius</strong></span> <span class='ocrx_word' id='word_1_650' title='bbox 3251 4551 3443 4604; x_wconf 87' lang='lat' dir='ltr'><strong>ultima</strong></span> <span class='ocrx_word' id='word_1_651' title='bbox 3480 4586 3487 4592; x_wconf 88' lang='grc'><strong>-</strong></span> 
     </span>
    </p>
   </div>
   <div class='ocr_carea' id='block_1_92' title="bbox 124 4650 1749 4724">
    <p class='ocr_par' dir='ltr' id='par_1_92' title="bbox 124 4650 1749 4724">
     <span class='ocr_line' id='line_1_92' title="bbox 124 4650 1749 4724; baseline 0.005 -21"><span class='ocrx_word' id='word_1_652' title='bbox 124 4650 206 4703; x_wconf 84' lang='lat' dir='ltr'><strong>ad</strong></span> <span class='ocrx_word' id='word_1_653' title='bbox 256 4666 436 4718; x_wconf 92' lang='lat' dir='ltr'><strong>quem</strong></span> <span class='ocrx_word' id='word_1_654' title='bbox 482 4651 595 4717; x_wconf 84' lang='lat' dir='ltr'><strong>jam</strong></span> <span class='ocrx_word' id='word_1_655' title='bbox 643 4652 758 4721; x_wconf 88' lang='lat' dir='ltr'><strong>ipse</strong></span> <span class='ocrx_word' id='word_1_656' title='bbox 805 4660 920 4706; x_wconf 90' lang='lat' dir='ltr'><strong>toto</strong></span> <span class='ocrx_word' id='word_1_657' title='bbox 963 4654 1148 4707; x_wconf 92' lang='lat' dir='ltr'><strong>studio</strong></span> <span class='ocrx_word' id='word_1_658' title='bbox 1194 4662 1507 4723; x_wconf 86' lang='lat' dir='ltr'><strong>eonatuque</strong></span> <span class='ocrx_word' id='word_1_659' title='bbox 1546 4657 1749 4724; x_wconf 88' lang='lat' dir='ltr'><strong>pergis.</strong></span> 
     </span>
    </p>
   </div>
   <div class='ocr_carea' id='block_1_93' title="bbox 124 4739 1750 4813">
    <p class='ocr_par' dir='ltr' id='par_1_93' title="bbox 124 4739 1750 4813">
     <span class='ocr_line' id='line_1_93' title="bbox 124 4739 1750 4813; baseline 0.002 -18"><span class='ocrx_word' id='word_1_660' title='bbox 124 4739 500 4796; x_wconf 89' lang='lat' dir='ltr'><strong>Suecurrere</strong></span> <span class='ocrx_word' id='word_1_661' title='bbox 539 4756 705 4812; x_wconf 85' lang='lat' dir='ltr'><strong>porro</strong></span> <span class='ocrx_word' id='word_1_662' title='bbox 748 4741 933 4813; x_wconf 86' lang='lat' dir='ltr'><strong>quoad</strong></span> <span class='ocrx_word' id='word_1_663' title='bbox 984 4743 1129 4797; x_wconf 88' lang='lat' dir='ltr'><strong>vires</strong></span> <span class='ocrx_word' id='word_1_664' title='bbox 1164 4743 1294 4796; x_wconf 86' lang='lat' dir='ltr'><strong>mihi</strong></span> <span class='ocrx_word' id='word_1_665' title='bbox 1348 4745 1750 4813; x_wconf 71' lang='lat' dir='ltr'><strong>suppeditant:</strong></span> 
     </span>
    </p>
   </div>
   <div class='ocr_carea' id='block_1_94' title="bbox 122 4834 1753 4908">
    <p class='ocr_par' dir='ltr' id='par_1_94' title="bbox 122 4834 1753 4908">
     <span class='ocr_line' id='line_1_94' title="bbox 122 4834 1753 4908; baseline 0.003 -22"><span class='ocrx_word' id='word_1_666' title='bbox 122 4834 599 4905; x_wconf 87' lang='lat' dir='ltr'><strong>praeclarissimis</strong></span> <span class='ocrx_word' id='word_1_667' title='bbox 642 4849 707 4889; x_wconf 89' lang='lat' dir='ltr'><strong>ac</strong></span> <span class='ocrx_word' id='word_1_668' title='bbox 738 4834 1149 4895; x_wconf 85' lang='lat' dir='ltr'><strong>honestissimis</strong></span> <span class='ocrx_word' id='word_1_669' title='bbox 1200 4837 1309 4889; x_wconf 91' lang='lat' dir='ltr'><strong>tuis</strong></span> <span class='ocrx_word' id='word_1_670' title='bbox 1336 4836 1536 4891; x_wconf 90' lang='lat' dir='ltr'><strong>studiis</strong></span> <span class='ocrx_word' id='word_1_671' title='bbox 1569 4853 1584 4889; x_wconf 89' lang='lat'><strong>:</strong></span> <span class='ocrx_word' id='word_1_672' title='bbox 1622 4853 1753 4908; x_wconf 86' lang='lat' dir='ltr'><strong>ope-</strong></span> 
     </span>
    </p>
   </div>
   <div class='ocr_carea' id='block_1_95' title="bbox 123 4926 1755 4996">
    <p class='ocr_par' dir='ltr' id='par_1_95' title="bbox 123 4926 1755 4996">
     <span class='ocr_line' id='line_1_95' title="bbox 123 4926 1755 4996; baseline 0.001 -15"><span class='ocrx_word' id='word_1_673' title='bbox 123 4941 392 4995; x_wconf 73' lang='lat' dir='ltr'><strong>tamque</strong></span> <span class='ocrx_word' id='word_1_674' title='bbox 430 4926 533 4982; x_wconf 86' lang='lat' dir='ltr'><strong>tibi</strong></span> <span class='ocrx_word' id='word_1_675' title='bbox 567 4926 699 4981; x_wconf 90' lang='lat' dir='ltr'><strong>dare</strong></span> <span class='ocrx_word' id='word_1_676' title='bbox 725 4926 1072 4996; x_wconf 87' lang='lat' dir='ltr'><strong>frequentem</strong></span> <span class='ocrx_word' id='word_1_677' title='bbox 1124 4944 1138 4981; x_wconf 91' lang='lat'><strong>:</strong></span> <span class='ocrx_word' id='word_1_678' title='bbox 1183 4928 1399 4982; x_wconf 64' lang='lat' dir='ltr'><strong>caeteris</strong></span> <span class='ocrx_word' id='word_1_679' title='bbox 1448 4930 1614 4983; x_wconf 89' lang='lat' dir='ltr'><strong>rebus</strong></span> <span class='ocrx_word' id='word_1_680' title='bbox 1655 4944 1755 4984; x_wconf 90' lang='lat' dir='ltr'><strong>ne-</strong></span> 
     </span>
    </p>
   </div>
   <div class='ocr_carea' id='block_1_96' title="bbox 128 5017 1753 5089">
    <p class='ocr_par' dir='ltr' id='par_1_96' title="bbox 128 5017 1753 5089">
     <span class='ocr_line' id='line_1_96' title="bbox 128 5017 1753 5089; baseline 0.002 -17"><span class='ocrx_word' id='word_1_681' title='bbox 128 5017 363 5089; x_wconf 81' lang='lat' dir='ltr'><strong>glectis</strong></span> <span class='ocrx_word' id='word_1_682' title='bbox 380 5027 551 5088; x_wconf 89' lang='lat' dir='ltr'><strong>atque</strong></span> <span class='ocrx_word' id='word_1_683' title='bbox 576 5018 908 5087; x_wconf 90' lang='lat' dir='ltr'><strong>posthabitis</strong></span> <span class='ocrx_word' id='word_1_684' title='bbox 933 5036 947 5070; x_wconf 74' lang='grc' dir='ltr'><strong><em>τ</em></strong></span> <span class='ocrx_word' id='word_1_685' title='bbox 974 5034 1154 5089; x_wconf 72' lang='lat' dir='ltr'><strong>opera:</strong></span> <span class='ocrx_word' id='word_1_686' title='bbox 1181 5021 1414 5088; x_wconf 84' lang='lat' dir='ltr'><strong>pretium</strong></span> <span class='ocrx_word' id='word_1_687' title='bbox 1437 5037 1557 5075; x_wconf 88' lang='lat' dir='ltr'><strong>esse</strong></span> <span class='ocrx_word' id='word_1_688' title='bbox 1583 5021 1715 5075; x_wconf 80' lang='lat' dir='ltr'><strong>duxi</strong></span> <span class='ocrx_word' id='word_1_689' title='bbox 1740 5041 1753 5076; x_wconf 87' lang='lat'><strong>:</strong></span> 
     </span>
    </p>
   </div>
   <div class='ocr_carea' id='block_1_97' title="bbox 122 5108 1755 5179">
    <p class='ocr_par' dir='ltr' id='par_1_97' title="bbox 122 5108 1755 5179">
     <span class='ocr_line' id='line_1_97' title="bbox 122 5108 1755 5179; baseline 0.001 -15"><span class='ocrx_word' id='word_1_690' title='bbox 122 5120 323 5179; x_wconf 82' lang='lat' dir='ltr'><strong>atque</strong></span> <span class='ocrx_word' id='word_1_691' title='bbox 374 5110 475 5163; x_wconf 89' lang='lat' dir='ltr'><strong>tibi</strong></span> <span class='ocrx_word' id='word_1_692' title='bbox 517 5110 636 5164; x_wconf 90' lang='lat' dir='ltr'><strong>vias</strong></span> <span class='ocrx_word' id='word_1_693' title='bbox 684 5110 999 5179; x_wconf 85' lang='lat' dir='ltr'><strong>itineraque</strong></span> <span class='ocrx_word' id='word_1_694' title='bbox 1055 5108 1258 5179; x_wconf 63' lang='lat' dir='ltr'><strong>quibiS</strong></span> <span class='ocrx_word' id='word_1_695' title='bbox 1315 5111 1380 5164; x_wconf 90' lang='lat' dir='ltr'><strong>ad</strong></span> <span class='ocrx_word' id='word_1_696' title='bbox 1432 5111 1755 5166; x_wconf 85' lang='lat' dir='ltr'><strong>felicitatem</strong></span> 
     </span>
    </p>
   </div>
   <div class='ocr_carea' id='block_1_98' title="bbox 120 5195 1758 5273">
    <p class='ocr_par' dir='ltr' id='par_1_98' title="bbox 120 5195 1758 5273">
     <span class='ocr_line' id='line_1_98' title="bbox 120 5195 1758 5273; baseline 0.001 -17"><span class='ocrx_word' id='word_1_697' title='bbox 120 5204 465 5257; x_wconf 83' lang='lat' dir='ltr'><strong>humanam</strong></span> <span class='ocrx_word' id='word_1_698' title='bbox 499 5201 1005 5271; x_wconf 87' lang='lat' dir='ltr'><strong>beatitudinemque</strong></span> <span class='ocrx_word' id='word_1_699' title='bbox 1031 5214 1176 5257; x_wconf 89' lang='lat' dir='ltr'><strong>recta</strong></span> <span class='ocrx_word' id='word_1_700' title='bbox 1206 5195 1476 5273; x_wconf 75' lang='lat' dir='ltr'><strong>pergitur,</strong></span> <span class='ocrx_word' id='word_1_701' title='bbox 1524 5204 1758 5258; x_wconf 88' lang='lat' dir='ltr'><strong>demon-</strong></span> 
     </span>
    </p>
   </div>
   <div class='ocr_carea' id='block_1_99' title="bbox 121 5294 1757 5364">
    <p class='ocr_par' dir='ltr' id='par_1_99' title="bbox 121 5294 1757 5364">
     <span class='ocr_line' id='line_1_99' title="bbox 121 5294 1757 5364; baseline 0 -13"><span class='ocrx_word' id='word_1_702' title='bbox 121 5295 394 5352; x_wconf 86' lang='lat' dir='ltr'><strong>stranda</strong></span> <span class='ocrx_word' id='word_1_703' title='bbox 420 5309 544 5348; x_wconf 84' lang='lat' dir='ltr'><strong>esse</strong></span> <span class='ocrx_word' id='word_1_704' title='bbox 573 5296 784 5363; x_wconf 86' lang='lat' dir='ltr'><strong>putavi.</strong></span> <span class='ocrx_word' id='word_1_705' title='bbox 814 5294 1023 5348; x_wconf 88' lang='lat' dir='ltr'><strong>Tecum</strong></span> <span class='ocrx_word' id='word_1_706' title='bbox 1049 5310 1157 5348; x_wconf 89' lang='lat' dir='ltr'><strong>una</strong></span> <span class='ocrx_word' id='word_1_707' title='bbox 1193 5296 1323 5348; x_wconf 77' lang='lat' dir='ltr'><strong>mihi</strong></span> <span class='ocrx_word' id='word_1_708' title='bbox 1348 5296 1610 5364; x_wconf 66' lang='lat' dir='ltr'><strong>legendos</strong></span> <span class='ocrx_word' id='word_1_709' title='bbox 1634 5312 1757 5351; x_wconf 89' lang='lat' dir='ltr'><strong>esse</strong></span> 
     </span>
    </p>
   </div>
   <div class='ocr_carea' id='block_1_100' title="bbox 126 5385 1759 5458">
    <p class='ocr_par' dir='ltr' id='par_1_100' title="bbox 126 5385 1759 5458">
     <span class='ocr_line' id='line_1_100' title="bbox 126 5385 1759 5458; baseline 0.001 -16"><span class='ocrx_word' id='word_1_710' title='bbox 126 5386 481 5457; x_wconf 77' lang='lat' dir='ltr'><strong>scriptores</strong></span> <span class='ocrx_word' id='word_1_711' title='bbox 543 5396 599 5441; x_wconf 89' lang='lat' dir='ltr'><strong>et</strong></span> <span class='ocrx_word' id='word_1_712' title='bbox 636 5397 890 5440; x_wconf 90' lang='lat' dir='ltr'><strong>auctores</strong></span> <span class='ocrx_word' id='word_1_713' title='bbox 942 5385 1211 5440; x_wconf 86' lang='lat' dir='ltr'><strong>bonarum</strong></span> <span class='ocrx_word' id='word_1_714' title='bbox 1258 5389 1459 5441; x_wconf 90' lang='lat' dir='ltr'><strong>artium</strong></span> <span class='ocrx_word' id='word_1_715' title='bbox 1503 5390 1759 5458; x_wconf 90' lang='lat' dir='ltr'><strong>pervolu-</strong></span> 
     </span>
    </p>
   </div>
   <div class='ocr_carea' id='block_1_101' title="bbox 120 5477 1757 5547">
    <p class='ocr_par' dir='ltr' id='par_1_101' title="bbox 120 5477 1757 5547">
     <span class='ocr_line' id='line_1_101' title="bbox 120 5477 1757 5547; baseline 0.001 -14"><span class='ocrx_word' id='word_1_716' title='bbox 120 5479 485 5547; x_wconf 83' lang='lat' dir='ltr'><strong>tandosque</strong></span> <span class='ocrx_word' id='word_1_717' title='bbox 517 5477 732 5532; x_wconf 87' lang='lat' dir='ltr'><strong>censui.</strong></span> <span class='ocrx_word' id='word_1_718' title='bbox 767 5478 1113 5532; x_wconf 89' lang='lat' dir='ltr'><strong>Evocandam</strong></span> <span class='ocrx_word' id='word_1_719' title='bbox 1156 5480 1211 5532; x_wconf 90' lang='lat' dir='ltr'><strong>in</strong></span> <span class='ocrx_word' id='word_1_720' title='bbox 1254 5480 1425 5534; x_wconf 90' lang='lat' dir='ltr'><strong>lucem</strong></span> <span class='ocrx_word' id='word_1_721' title='bbox 1466 5495 1589 5535; x_wconf 86' lang='lat' dir='ltr'><strong>esse</strong></span> <span class='ocrx_word' id='word_1_722' title='bbox 1613 5482 1757 5535; x_wconf 88' lang='lat' dir='ltr'><strong>veri-</strong></span> 
     </span>
    </p>
   </div>
   <div class='ocr_carea' id='block_1_102' title="bbox 117 5570 1760 5629">
    <p class='ocr_par' dir='ltr' id='par_1_102' title="bbox 117 5570 1760 5629">
     <span class='ocr_line' id='line_1_102' title="bbox 117 5570 1760 5629; baseline 0.001 -3"><span class='ocrx_word' id='word_1_723' title='bbox 117 5582 330 5626; x_wconf 81' lang='lat' dir='ltr'><strong>tatem</strong></span> <span class='ocrx_word' id='word_1_724' title='bbox 383 5572 439 5625; x_wconf 90' lang='lat' dir='ltr'><strong>iu</strong></span> <span class='ocrx_word' id='word_1_725' title='bbox 484 5571 590 5628; x_wconf 88' lang='lat' dir='ltr'><strong>illis</strong></span> <span class='ocrx_word' id='word_1_726' title='bbox 631 5570 903 5625; x_wconf 78' lang='lat' dir='ltr'><strong>inclusam</strong></span> <span class='ocrx_word' id='word_1_727' title='bbox 948 5586 1169 5626; x_wconf 87' lang='lat' dir='ltr'><strong>onmem</strong></span> <span class='ocrx_word' id='word_1_728' title='bbox 1206 5573 1540 5627; x_wconf 85' lang='lat' dir='ltr'><strong>existimavi.</strong></span> <span class='ocrx_word' id='word_1_729' title='bbox 1576 5574 1760 5629; x_wconf 86' lang='lat' dir='ltr'><strong>Disse-</strong></span> 
     </span>
    </p>
   </div>
   <div class='ocr_carea' id='block_1_103' title="bbox 120 5662 1761 5733">
    <p class='ocr_par' dir='ltr' id='par_1_103' title="bbox 120 5662 1761 5733">
     <span class='ocr_line' id='line_1_103' title="bbox 120 5662 1761 5733; baseline 0.003 -14"><span class='ocrx_word' id='word_1_730' title='bbox 120 5662 317 5719; x_wconf 84' lang='lat' dir='ltr'><strong>rendi</strong></span> <span class='ocrx_word' id='word_1_731' title='bbox 369 5663 1232 5733; x_wconf 79' lang='lat' dir='ltr'><strong>deniquefacultatisformulas</strong></span> <span class='ocrx_word' id='word_1_732' title='bbox 1275 5681 1339 5721; x_wconf 85' lang='lat' dir='ltr'><strong>ac</strong></span> <span class='ocrx_word' id='word_1_733' title='bbox 1389 5667 1633 5723; x_wconf 88' lang='lat' dir='ltr'><strong>rationes</strong></span> <span class='ocrx_word' id='word_1_734' title='bbox 1665 5669 1761 5724; x_wconf 88' lang='lat' dir='ltr'><strong>de-</strong></span> 
     </span>
    </p>
   </div>
   <div class='ocr_carea' id='block_1_104' title="bbox 122 5758 1751 5830">
    <p class='ocr_par' dir='ltr' id='par_1_104' title="bbox 122 5758 1751 5830">
     <span class='ocr_line' id='line_1_104' title="bbox 122 5758 1751 5830; baseline 0.003 -21"><span class='ocrx_word' id='word_1_735' title='bbox 122 5759 500 5825; x_wconf 81' lang='lat' dir='ltr'><strong>gustandas,</strong></span> <span class='ocrx_word' id='word_1_736' title='bbox 559 5759 699 5812; x_wconf 90' lang='lat' dir='ltr'><strong>haud</strong></span> <span class='ocrx_word' id='word_1_737' title='bbox 752 5758 1163 5827; x_wconf 89' lang='lat' dir='ltr'><strong>posthabendas</strong></span> <span class='ocrx_word' id='word_1_738' title='bbox 1217 5774 1339 5814; x_wconf 87' lang='lat' dir='ltr'><strong>esse</strong></span> <span class='ocrx_word' id='word_1_739' title='bbox 1406 5759 1751 5830; x_wconf 87' lang='lat' dir='ltr'><strong>dijudicavi:</strong></span> 
     </span>
    </p>
   </div>
   <div class='ocr_carea' id='block_1_105' title="bbox 125 5848 1751 5924">
    <p class='ocr_par' dir='ltr' id='par_1_105' title="bbox 125 5848 1751 5924">
     <span class='ocr_line' id='line_1_105' title="bbox 125 5848 1751 5924; baseline 0.004 -19"><span class='ocrx_word' id='word_1_740' title='bbox 125 5848 280 5905; x_wconf 72' lang='lat' dir='ltr'><strong>sine</strong></span> <span class='ocrx_word' id='word_1_741' title='bbox 359 5850 573 5921; x_wconf 90' lang='lat' dir='ltr'><strong>quibus</strong></span> <span class='ocrx_word' id='word_1_742' title='bbox 633 5851 977 5924; x_wconf 84' lang='lat' dir='ltr'><strong>investigatio</strong></span> <span class='ocrx_word' id='word_1_743' title='bbox 1043 5852 1292 5909; x_wconf 85' lang='lat' dir='ltr'><strong>veritatis</strong></span> <span class='ocrx_word' id='word_1_744' title='bbox 1358 5853 1751 5923; x_wconf 76' lang='lat' dir='ltr'><strong>perceptioque</strong></span> 
     </span>
    </p>
   </div>
   <div class='ocr_carea' id='block_1_106' title="bbox 1862 4643 3441 4714">
    <p class='ocr_par' dir='ltr' id='par_1_106' title="bbox 1862 4643 3441 4714">
     <span class='ocr_line' id='line_1_106' title="bbox 1862 4643 3441 4714; baseline -0.014 -1"><span class='ocrx_word' id='word_1_745' title='bbox 1862 4676 2008 4714; x_wconf 91' lang='lat' dir='ltr'><strong>nunc</strong></span> <span class='ocrx_word' id='word_1_746' title='bbox 2039 4658 2423 4713; x_wconf 90' lang='lat' dir='ltr'><strong>emendatione</strong></span> <span class='ocrx_word' id='word_1_747' title='bbox 2450 4654 2759 4709; x_wconf 89' lang='lat' dir='ltr'><strong>limatiusve</strong></span> <span class='ocrx_word' id='word_1_748' title='bbox 2789 4648 3067 4705; x_wconf 82' lang='lat' dir='ltr'><strong>causa.tui</strong></span> <span class='ocrx_word' id='word_1_749' title='bbox 3108 4643 3441 4706; x_wconf 82' lang='lat' dir='ltr'><strong>traductum,</strong></span> 
     </span>
    </p>
   </div>
   <div class='ocr_carea' id='block_1_107' title="bbox 1858 4740 3443 4814">
    <p class='ocr_par' dir='ltr' id='par_1_107' title="bbox 1858 4740 3443 4814">
     <span class='ocr_line' id='line_1_107' title="bbox 1858 4740 3443 4814; baseline -0.012 -10"><span class='ocrx_word' id='word_1_750' title='bbox 1858 4750 1939 4804; x_wconf 91' lang='lat' dir='ltr'><strong>uti</strong></span> <span class='ocrx_word' id='word_1_751' title='bbox 1991 4748 2249 4803; x_wconf 88' lang='lat' dir='ltr'><strong>materies</strong></span> <span class='ocrx_word' id='word_1_752' title='bbox 2308 4746 2439 4812; x_wconf 91' lang='lat' dir='ltr'><strong>fert,</strong></span> <span class='ocrx_word' id='word_1_753' title='bbox 2500 4745 2752 4814; x_wconf 88' lang='lat' dir='ltr'><strong>ratioque</strong></span> <span class='ocrx_word' id='word_1_754' title='bbox 2805 4740 3116 4812; x_wconf 69' lang='lat' dir='ltr'><strong>prmscribit</strong></span> <span class='ocrx_word' id='word_1_755' title='bbox 3172 4740 3443 4804; x_wconf 83' lang='lat' dir='ltr'><strong>interpre-</strong></span> 
     </span>
    </p>
   </div>
   <div class='ocr_carea' id='block_1_108' title="bbox 1861 4837 3447 4911">
    <p class='ocr_par' dir='ltr' id='par_1_108' title="bbox 1861 4837 3447 4911">
     <span class='ocr_line' id='line_1_108' title="bbox 1861 4837 3447 4911; baseline -0.011 -15"><span class='ocrx_word' id='word_1_756' title='bbox 1861 4843 2009 4896; x_wconf 88' lang='lat' dir='ltr'><strong>tandi</strong></span> <span class='ocrx_word' id='word_1_757' title='bbox 2043 4841 2175 4911; x_wconf 92' lang='lat' dir='ltr'><strong>(non</strong></span> <span class='ocrx_word' id='word_1_758' title='bbox 2216 4842 2363 4897; x_wconf 92' lang='lat' dir='ltr'><strong>enim</strong></span> <span class='ocrx_word' id='word_1_759' title='bbox 2397 4842 2451 4895; x_wconf 93' lang='lat' dir='ltr'><strong>in</strong></span> <span class='ocrx_word' id='word_1_760' title='bbox 2482 4839 2684 4894; x_wconf 91' lang='lat' dir='ltr'><strong>talibus</strong></span> <span class='ocrx_word' id='word_1_761' title='bbox 2728 4837 2945 4905; x_wconf 88' lang='lat' dir='ltr'><strong>amplus</strong></span> <span class='ocrx_word' id='word_1_762' title='bbox 2989 4846 3217 4901; x_wconf 86' lang='lat' dir='ltr'><strong>campus</strong></span> <span class='ocrx_word' id='word_1_763' title='bbox 3247 4841 3447 4881; x_wconf 71' lang='lat' dir='ltr'><strong>concc-</strong></span> 
     </span>
    </p>
   </div>
   <div class='ocr_carea' id='block_1_109' title="bbox 1860 4922 3446 5004">
    <p class='ocr_par' dir='ltr' id='par_1_109' title="bbox 1860 4922 3446 5004">
     <span class='ocr_line' id='line_1_109' title="bbox 1860 4922 3446 5004; baseline -0.011 -15"><span class='ocrx_word' id='word_1_764' title='bbox 1860 4935 2032 5001; x_wconf 88' lang='lat' dir='ltr'><strong>ditur)</strong></span> <span class='ocrx_word' id='word_1_765' title='bbox 2069 4934 2279 5004; x_wconf 88' lang='lat' dir='ltr'><strong>tibique</strong></span> <span class='ocrx_word' id='word_1_766' title='bbox 2311 4949 2338 4987; x_wconf 90' lang='lat' dir='ltr'><strong>a</strong></span> <span class='ocrx_word' id='word_1_767' title='bbox 2387 4932 2549 4987; x_wconf 89' lang='lat' dir='ltr'><strong>nobis</strong></span> <span class='ocrx_word' id='word_1_768' title='bbox 2590 4930 2859 4990; x_wconf 90' lang='lat' dir='ltr'><strong>oblatum,</strong></span> <span class='ocrx_word' id='word_1_769' title='bbox 2899 4928 3079 4997; x_wconf 86' lang='lat' dir='ltr'><strong>legere</strong></span> <span class='ocrx_word' id='word_1_770' title='bbox 3127 4922 3446 4992; x_wconf 76' lang='lat' dir='ltr'><strong>aggrediare</strong></span> 
     </span>
    </p>
   </div>
   <div class='ocr_carea' id='block_1_110' title="bbox 1858 5013 3448 5083">
    <p class='ocr_par' dir='ltr' id='par_1_110' title="bbox 1858 5013 3448 5083">
     <span class='ocr_line' id='line_1_110' title="bbox 1858 5013 3448 5083; baseline -0.011 -2"><span class='ocrx_word' id='word_1_771' title='bbox 1858 5028 2001 5081; x_wconf 88' lang='lat' dir='ltr'><strong>bona</strong></span> <span class='ocrx_word' id='word_1_772' title='bbox 2038 5027 2278 5081; x_wconf 83' lang='lat' dir='ltr'><strong>fortuna.</strong></span> <span class='ocrx_word' id='word_1_773' title='bbox 2315 5024 2556 5080; x_wconf 85' lang='lat' dir='ltr'><strong>Habebis</strong></span> <span class='ocrx_word' id='word_1_774' title='bbox 2585 5032 2640 5078; x_wconf 87' lang='lat' dir='ltr'><strong>et</strong></span> <span class='ocrx_word' id='word_1_775' title='bbox 2673 5038 2772 5076; x_wconf 89' lang='lat' dir='ltr'><strong>nos</strong></span> <span class='ocrx_word' id='word_1_776' title='bbox 2800 5022 2854 5075; x_wconf 87' lang='lat' dir='ltr'><strong>in</strong></span> <span class='ocrx_word' id='word_1_777' title='bbox 2889 5019 2992 5072; x_wconf 84' lang='lat' dir='ltr'><strong>hoc</strong></span> <span class='ocrx_word' id='word_1_778' title='bbox 3022 5018 3184 5072; x_wconf 84' lang='lat' dir='ltr'><strong>etiam</strong></span> <span class='ocrx_word' id='word_1_779' title='bbox 3214 5013 3448 5083; x_wconf 72' lang='lat' dir='ltr'><strong>legendo</strong></span> 
     </span>
    </p>
   </div>
   <div class='ocr_carea' id='block_1_111' title="bbox 1861 5105 3446 5188">
    <p class='ocr_par' dir='ltr' id='par_1_111' title="bbox 1861 5105 3446 5188">
     <span class='ocr_line' id='line_1_111' title="bbox 1861 5105 3446 5188; baseline -0.011 -16"><span class='ocrx_word' id='word_1_780' title='bbox 1861 5118 2354 5188; x_wconf 86' lang='lat' dir='ltr'><strong>percipienduque,</strong></span> <span class='ocrx_word' id='word_1_781' title='bbox 2388 5118 2648 5187; x_wconf 84' lang='lat' dir='ltr'><strong>quoniam</strong></span> <span class='ocrx_word' id='word_1_782' title='bbox 2687 5114 2759 5168; x_wconf 91' lang='lat' dir='ltr'><strong>ita</strong></span> <span class='ocrx_word' id='word_1_783' title='bbox 2795 5112 3071 5166; x_wconf 87' lang='lat' dir='ltr'><strong>voluimus</strong></span> <span class='ocrx_word' id='word_1_784' title='bbox 3100 5124 3162 5162; x_wconf 82' lang='lat' dir='ltr'><strong>ac</strong></span> <span class='ocrx_word' id='word_1_785' title='bbox 3204 5105 3446 5159; x_wconf 84' lang='lat' dir='ltr'><strong>institui-</strong></span> 
     </span>
    </p>
   </div>
   <div class='ocr_carea' id='block_1_112' title="bbox 1862 5199 3445 5278">
    <p class='ocr_par' dir='ltr' id='par_1_112' title="bbox 1862 5199 3445 5278">
     <span class='ocr_line' id='line_1_112' title="bbox 1862 5199 3445 5278; baseline -0.008 -16"><span class='ocrx_word' id='word_1_786' title='bbox 1862 5225 2003 5275; x_wconf 88' lang='lat' dir='ltr'><strong>mus,</strong></span> <span class='ocrx_word' id='word_1_787' title='bbox 2038 5211 2287 5271; x_wconf 84' lang='lat' dir='ltr'><strong>eomites.</strong></span> <span class='ocrx_word' id='word_1_788' title='bbox 2321 5210 2601 5278; x_wconf 75' lang='lat' dir='ltr'><strong>adjutores</strong></span> <span class='ocrx_word' id='word_1_789' title='bbox 2632 5223 2693 5261; x_wconf 86' lang='lat' dir='ltr'><strong>ae</strong></span> <span class='ocrx_word' id='word_1_790' title='bbox 2728 5207 2917 5271; x_wconf 86' lang='lat' dir='ltr'><strong>duces,</strong></span> <span class='ocrx_word' id='word_1_791' title='bbox 2959 5220 3067 5257; x_wconf 73' lang='lat' dir='ltr'><strong>non</strong></span> <span class='ocrx_word' id='word_1_792' title='bbox 3101 5203 3286 5272; x_wconf 79' lang='lat' dir='ltr'><strong>pigros</strong></span> <span class='ocrx_word' id='word_1_793' title='bbox 3318 5199 3445 5266; x_wconf 93' lang='lat' dir='ltr'><strong>qui-</strong></span> 
     </span>
    </p>
   </div>
   <div class='ocr_carea' id='block_1_113' title="bbox 1862 5281 3447 5371">
    <p class='ocr_par' dir='ltr' id='par_1_113' title="bbox 1862 5281 3447 5371">
     <span class='ocr_line' id='line_1_113' title="bbox 1862 5281 3447 5371; baseline -0.008 -14"><span class='ocrx_word' id='word_1_794' title='bbox 1862 5305 2007 5367; x_wconf 87' lang='lat' dir='ltr'><strong>dem,</strong></span> <span class='ocrx_word' id='word_1_795' title='bbox 2034 5281 2142 5357; x_wconf 83' lang='lat' dir='ltr'><strong>non</strong></span> <span class='ocrx_word' id='word_1_796' title='bbox 2164 5304 2394 5367; x_wconf 84' lang='lat' dir='ltr'><strong>inertes,</strong></span> <span class='ocrx_word' id='word_1_797' title='bbox 2425 5318 2531 5357; x_wconf 90' lang='lat' dir='ltr'><strong>non</strong></span> <span class='ocrx_word' id='word_1_798' title='bbox 2559 5316 2773 5371; x_wconf 89' lang='lat' dir='ltr'><strong>segnes,</strong></span> <span class='ocrx_word' id='word_1_799' title='bbox 2799 5300 2890 5353; x_wconf 83' lang='lat' dir='ltr'><strong>sed</strong></span> <span class='ocrx_word' id='word_1_800' title='bbox 2923 5299 2987 5351; x_wconf 88' lang='lat' dir='ltr'><strong>ad</strong></span> <span class='ocrx_word' id='word_1_801' title='bbox 3017 5310 3235 5351; x_wconf 85' lang='lat' dir='ltr'><strong>omnem</strong></span> <span class='ocrx_word' id='word_1_802' title='bbox 3268 5308 3447 5361; x_wconf 84' lang='lat' dir='ltr'><strong>prom-</strong></span> 
     </span>
    </p>
   </div>
   <div class='ocr_carea' id='block_1_114' title="bbox 1862 5384 3450 5462">
    <p class='ocr_par' dir='ltr' id='par_1_114' title="bbox 1862 5384 3450 5462">
     <span class='ocr_line' id='line_1_114' title="bbox 1862 5384 3450 5462; baseline -0.006 -16"><span class='ocrx_word' id='word_1_803' title='bbox 1862 5392 2141 5462; x_wconf 90' lang='lat' dir='ltr'><strong>ptissimos</strong></span> <span class='ocrx_word' id='word_1_804' title='bbox 2182 5392 2545 5459; x_wconf 81' lang='lat' dir='ltr'><strong>subeundum</strong></span> <span class='ocrx_word' id='word_1_805' title='bbox 2582 5392 2853 5451; x_wconf 83' lang='lat' dir='ltr'><strong>laborem,</strong></span> <span class='ocrx_word' id='word_1_806' title='bbox 2912 5388 3124 5441; x_wconf 85' lang='lat' dir='ltr'><strong>fructus</strong></span> <span class='ocrx_word' id='word_1_807' title='bbox 3195 5384 3351 5450; x_wconf 76' lang='lat' dir='ltr'><strong>cuius</strong></span> <span class='ocrx_word' id='word_1_808' title='bbox 3402 5384 3450 5437; x_wconf 86' lang='lat' dir='ltr'><strong>is</strong></span> 
     </span>
    </p>
   </div>
   <div class='ocr_carea' id='block_1_115' title="bbox 1861 5481 3449 5554">
    <p class='ocr_par' dir='ltr' id='par_1_115' title="bbox 1861 5481 3449 5554">
     <span class='ocr_line' id='line_1_115' title="bbox 1861 5481 3449 5554; baseline -0.007 -15"><span class='ocrx_word' id='word_1_809' title='bbox 1861 5484 2290 5554; x_wconf 87' lang='lat' dir='ltr'><strong>consequendus</strong></span> <span class='ocrx_word' id='word_1_810' title='bbox 2342 5494 2427 5539; x_wconf 88' lang='lat' dir='ltr'><strong>est</strong></span> <span class='ocrx_word' id='word_1_811' title='bbox 2480 5485 2575 5537; x_wconf 91' lang='lat' dir='ltr'><strong>libi</strong></span> <span class='ocrx_word' id='word_1_812' title='bbox 2620 5483 2781 5546; x_wconf 84' lang='lat' dir='ltr'><strong>finis,</strong></span> <span class='ocrx_word' id='word_1_813' title='bbox 2828 5481 2899 5533; x_wconf 88' lang='lat' dir='ltr'><strong>ob</strong></span> <span class='ocrx_word' id='word_1_814' title='bbox 2939 5496 3103 5549; x_wconf 87' lang='lat' dir='ltr'><strong>quem</strong></span> <span class='ocrx_word' id='word_1_815' title='bbox 3155 5488 3350 5531; x_wconf 88' lang='lat' dir='ltr'><strong>natura</strong></span> <span class='ocrx_word' id='word_1_816' title='bbox 3397 5487 3449 5529; x_wconf 88' lang='lat' dir='ltr'><strong>te</strong></span> 
     </span>
    </p>
   </div>
   <div class='ocr_carea' id='block_1_116' title="bbox 1862 5570 3448 5647">
    <p class='ocr_par' dir='ltr' id='par_1_116' title="bbox 1862 5570 3448 5647">
     <span class='ocr_line' id='line_1_116' title="bbox 1862 5570 3448 5647; baseline -0.006 -18"><span class='ocrx_word' id='word_1_817' title='bbox 1862 5577 2211 5646; x_wconf 87' lang='lat' dir='ltr'><strong>procreavit,</strong></span> <span class='ocrx_word' id='word_1_818' title='bbox 2260 5576 2556 5647; x_wconf 80' lang='lat' dir='ltr'><strong>opifexque</strong></span> <span class='ocrx_word' id='word_1_819' title='bbox 2598 5590 2784 5630; x_wconf 86' lang='lat' dir='ltr'><strong>rerum</strong></span> <span class='ocrx_word' id='word_1_820' title='bbox 2836 5574 2981 5627; x_wconf 92' lang='lat' dir='ltr'><strong>Deus</strong></span> <span class='ocrx_word' id='word_1_821' title='bbox 3033 5581 3113 5626; x_wconf 91' lang='lat' dir='ltr'><strong>tot</strong></span> <span class='ocrx_word' id='word_1_822' title='bbox 3173 5570 3448 5637; x_wconf 77' lang='lat' dir='ltr'><strong>tantisque</strong></span> 
     </span>
    </p>
   </div>
   <div class='ocr_carea' id='block_1_117' title="bbox 1863 5651 3450 5740">
    <p class='ocr_par' dir='ltr' id='par_1_117' title="bbox 1863 5651 3450 5740">
     <span class='ocr_line' id='line_1_117' title="bbox 1863 5651 3450 5740; baseline -0.006 -17"><span class='ocrx_word' id='word_1_823' title='bbox 1863 5651 2079 5723; x_wconf 87' lang='lat' dir='ltr'><strong>viribus</strong></span> <span class='ocrx_word' id='word_1_824' title='bbox 2128 5670 2595 5740; x_wconf 85' lang='lat' dir='ltr'><strong>facultatibusque</strong></span> <span class='ocrx_word' id='word_1_825' title='bbox 2646 5666 3061 5722; x_wconf 89' lang='lat' dir='ltr'><strong>condecoravit.</strong></span> <span class='ocrx_word' id='word_1_826' title='bbox 3117 5664 3244 5719; x_wconf 85' lang='lat' dir='ltr'><strong>Vale</strong></span> <span class='ocrx_word' id='word_1_827' title='bbox 3299 5662 3450 5731; x_wconf 83' lang='lat' dir='ltr'><strong>plus-</strong></span> 
     </span>
    </p>
   </div>
   <div class='ocr_carea' id='block_1_118' title="bbox 1824 5752 3451 5831">
    <p class='ocr_par' dir='ltr' id='par_1_118' title="bbox 1824 5752 3451 5831">
     <span class='ocr_line' id='line_1_118' title="bbox 1824 5752 3451 5831; baseline -0.007 -14"><span class='ocrx_word' id='word_1_828' title='bbox 1824 5780 1836 5786; x_wconf 67' lang='lat'><em>‘</em></span> <span class='ocrx_word' id='word_1_829' title='bbox 1871 5779 2033 5831; x_wconf 87' lang='lat' dir='ltr'><strong>quam</strong></span> <span class='ocrx_word' id='word_1_830' title='bbox 2066 5764 2557 5818; x_wconf 37' lang='lat' dir='ltr'><strong>dimidium‘anitui</strong></span> <span class='ocrx_word' id='word_1_831' title='bbox 2595 5762 2725 5829; x_wconf 89' lang='lat' dir='ltr'><strong>mei,</strong></span> <span class='ocrx_word' id='word_1_832' title='bbox 2763 5771 2820 5818; x_wconf 89' lang='lat' dir='ltr'><strong>et</strong></span> <span class='ocrx_word' id='word_1_833' title='bbox 2870 5760 2967 5816; x_wconf 92' lang='lat' dir='ltr'><strong>tibi</strong></span> <span class='ocrx_word' id='word_1_834' title='bbox 3006 5756 3278 5831; x_wconf 85' lang='lat' dir='ltr'><strong>persuade</strong></span> <span class='ocrx_word' id='word_1_835' title='bbox 3312 5752 3451 5808; x_wconf 78' lang='lat' dir='ltr'><strong>mihi</strong></span> 
     </span>
    </p>
   </div>
   <div class='ocr_carea' id='block_1_119' title="bbox 1867 5850 2732 5919">
    <p class='ocr_par' dir='ltr' id='par_1_119' title="bbox 1867 5850 2732 5919">
     <span class='ocr_line' id='line_1_119' title="bbox 1867 5850 2732 5919; baseline -0.001 -7"><span class='ocrx_word' id='word_1_836' title='bbox 1867 5866 1916 5913; x_wconf 88' lang='lat' dir='ltr'><strong>te</strong></span> <span class='ocrx_word' id='word_1_837' title='bbox 1951 5856 2259 5915; x_wconf 83' lang='lat' dir='ltr'><strong>chariorcm</strong></span> <span class='ocrx_word' id='word_1_838' title='bbox 2290 5850 2561 5919; x_wconf 75' lang='lat' dir='ltr'><strong>neminem</strong></span> <span class='ocrx_word' id='word_1_839' title='bbox 2593 5874 2732 5913; x_wconf 74' lang='lat' dir='ltr'><strong>esse.</strong></span> 
     </span>
    </p>
   </div>
  </div>
