4168 6434
164 410 284 485 1013

1283 422 1711 483 ΒΕΕΠΤΛῚῚΟ
1752 424 2263 484 ARGYROPULI.

3277 422 3413 485 1014

166 530 553 602 ὕφηγουμένοις
587 532 692 601 ιξω
715 534 808 590 τοῦ
837 534 998 607 ὀρθοῦ
1033 538 1381 606 φρονήματος
1410 539 1715 608 εὑρεθείην,
1764 545 1813 602 Α
1843 543 1978 597 άλλά
2005 546 2098 596 καὶ
2127 546 2239 606 τοῖς
2286 543 2466 605 ἄλλοις
2490 543 2904 596 ἀνακοινοῦσθαι
2935 542 3057 609 περὶ
3092 542 3316 601 τούτων,
3348 542 3410 595 ού

163 623 252 675 καὶ
275 624 329 678 ἐν
353 624 433 694 τῷ
462 626 703 696 μεγίστῳ
728 628 1101 697 πλανώμενος.
1138 629 1298 683 Ἀλλά
1319 630 1413 683 νῦν
1436 634 1493 682 ἐν
1521 632 1728 692 τούτοις
1840 634 2000 702 μόνον
2020 630 2103 697 οἷς
2137 633 2376 686 σύνοιδεν
2405 633 2579 702 ὑγιῶς
2610 636 2850 701 φρονεῖν,
2894 632 3029 685 ἀλλά
3059 632 3156 684 καὶ
3184 633 3294 691 τοῖς
3338 629 3414 698 μὴ

161 716 335 770 πᾶσαν
370 715 471 786 τήν
493 716 590 770 τοῦ
619 717 781 785 λόγου
821 720 974 790 ίσχὺν
1000 720 1353 790 θεασάμενος,
1389 726 1484 775 καὶ
1514 722 1613 792 τὴν
1645 724 1729 775 ἐλ-

162 806 285 859 πίδα
312 805 415 876 τῆς
444 807 555 861 τῶν
593 808 930 879 Ἐκκλησιῶν
960 812 1211 875 ἐνώσεως
1263 812 1358 865 ἐπὶ
1386 812 1593 866 τούτων
1635 829 1732 866 σα-

161 894 331 949 λεύειν
370 899 735 968 κατανοήσας,
781 901 906 953 ἐπεὶ
947 902 1044 955 καλ⁸
1062 901 1151 955 διὰ
1175 901 1337 955 τοῦτο
1362 903 1619 973 ἡγοῦνταί
1654 921 1731 957 1:-

161 1003 246 1049 νες
264 988 385 1050 τοὺς
410 988 751 1058 σοφωτέρους
771 991 1189 1045 ἐπισπάσεσθαι*
1206 994 1332 1058 τοὺς
1346 994 1455 1064 γὰρ
1479 994 1552 1065 μὴ
1565 995 1735 1047 τοιού-

160 1090 285 1141 τους
336 1078 432 1130 καὶ
486 1078 919 1151 εὐληπτοτέρους
974 1083 1103 1144 ῖσως
1166 1080 1307 1137 εῖναι
1364 1087 1729 1149 πιστεύουσιν,

160 1168 547 1239 ἐθαυμάσαμεν
579 1172 728 1233 ὅπως
761 1173 915 1239 σοφοὶ
965 1172 1178 1243 ἄνδρες,
1219 1172 1312 1226 νοῦ
1368 1191 1428 1227 τε
1480 1176 1573 1228 καὶ
1605 1192 1732 1227 παι-

158 1260 303 1323 δείας
344 1260 403 1314 εὖ
435 1260 673 1332 ἔχοντες,
696 1262 792 1317 καὶ
822 1264 989 1334 πείρᾳ.
1018 1264 1298 1332 θεολογίας
1331 1264 1735 1334 προσεσηκέναι

159 1349 464 1414 δοκοῦντες,
499 1352 762 1415 τοιούτοις
797 1354 909 1406 τισὶ
963 1353 1062 1423 τὴν
1101 1355 1283 1408 πίστιν
1331 1355 1425 1408 καὶ
1482 1355 1580 1424 τὴν
1626 1355 1735 1407 τῶν

163 1440 415 1510 Πατέρων
446 1441 727 1509 θεολογίαν
762 1445 970 1514 κρίνειν
1007 1446 1104 1498 καὶ
1129 1446 1475 1500 ταλαντεύειν
1503 1444 1737 1515 πειρῶν-

158 1546 270 1594 ται,
318 1532 351 1601 ἢ
383 1533 536 1586 αὐτοὶ
572 1535 712 1601 σφᾶς
738 1534 936 1598 αὐτοὺς
978 1536 1318 1602 ἀπατῶντες,
1347 1537 1380 1605 ἢ
1412 1536 1605 1599 ἄλλους
1636 1542 1733 1607 ρᾳ-

158 1621 285 1683 δίως
314 1621 404 1675 ὑπ’
429 1623 608 1676 αὐτῶν
653 1623 810 1676 τοῦτο
840 1624 1127 1679 πείσεσθαι
1159 1624 1491 1694 νομίζοντες.
1532 1624 1735 1694 ’Δπήλ-

1831 722 1999 787 ούτως
2029 724 2265 794 ἔχουσιν,
2293 724 2362 777 ἵν’
2395 726 2457 777 ἐκ
2490 724 2708 777 πάντων
2741 726 2799 777 τὸ
2824 723 2987 777 καλόν
3020 722 3157 776 κατὰ
3186 724 3287 790 τὴν
3329 738 3415 773 σο-

1834 816 1939 885 φὴν
1978 817 2228 885 μέλιτταν
2256 816 2594 884 ἀναλέγοιτο,
2623 816 2684 868 ού
2716 816 2907 884 χάριεν
2935 814 3097 876 αὐτὸς
3139 815 3205 866 ἂν
3225 814 3415 880 φαίην,

1833 908 1906 970 ὡς
1943 908 2007 961 ἀν
2047 925 2130 969 τις
2160 907 2326 968 εἴποι.
2366 907 2499 960 ἀλλά
2537 911 2782 975 γενναῖον
2818 908 2911 960 καὶ
2939 904 3273 973 θαυμαστὸν,
3322 906 3417 955 καὶ

1836 1000 2023 1066 λογίας
2060 1000 2225 1062 ὅντως
2261 1001 2391 1053 ίδιον
2433 1000 2633 1068 ψυχῆς,
2672 999 2797 1051 ὅθεν
2838 1000 2931 1050 καὶ
2961 998 3031 1049 τὰ
3058 995 3418 1063 περὶτούτων

1834 1090 2113 1159 ἀφειμένῳ
2163 1090 2302 1141 ἰτέον
2336 1089 2437 1159 ήδη
2475 1090 2563 1157 μοί
2595 1090 2710 1140 ἐστι
2759 1089 2892 1157 1196;
2923 1087 2990 1139 τά
3025 1084 3415 1152 θεολογικὼτε-

1837 1199 1925 1249 ρα,
1958 1183 2017 1234 ού
2054 1182 2368 1253 περιέργως
2410 1180 2572 1235 τοῦτο
2596 1181 2838 1235 ποιοῦντι
2867 1180 2991 1233 οὔτε
3025 1180 3139 1241 νῦν,
3173 1176 3285 1230 οὒτ’
3324 1175 3417 1227 ἄλ-

1835 1278 1976 1337 λοτε,
2011 1275 2287 1344 προύργου
2319 1276 2427 1344 γὰρ
2458 1274 2701 1343 τοῦτόγε
2731 1276 2997 1344 τυγχάνον
3028 1274 3265 1335 πάντως,
3302 1267 3417 1321 οὒτ’

1838 1365 2079 1433 ἀμελῶς,
2112 1367 2271 1434 είπερ
2301 1367 2408 1437 γὰρ
2433 1366 2562 1421 ἄλλο
2609 1384 2662 1419 τι
2692 1366 2851 1418 τοῦτο
2894 1364 3169 1433 προσοχῆς
3204 1361 3419 1417 τελείας

1838 1457 2006 1521 ἄξιον,
2035 1460 2081 1509 εί
2118 1460 2190 1526 μή
2218 1476 2320 1512 που
2346 1460 2657 1528 περιέργως
2682 1459 2980 1523 θεολογεῖν,
3004 1457 3099 1507 καὶ
3130 1454 3420 1523 περιεργό-

1836 1566 1992 1616 τερον
2020 1549 2100 1600 ἕτι
2129 1549 2494 1618 θεολογήσειν,
2523 1548 2668 1602 εἴποι
2700 1566 2783 1612 τις
2808 1551 2900 1601 τὶν
2929 1548 3096 1617 μηδὲν
3127 1549 3420 1612 ἀναγκαῖον

1836 1641 2083 1708 λέγοντα,
2119 1640 2151 1711 ἢ
2181 1641 2427 1711 ἐροῦντα,
2479 1641 2574 1693 καὶ
2605 1642 2702 1709 τῆς
2736 1643 2887 1711 ἱερᾶς
2933 1639 3215 1703 θεολογίας
3249 1635 3418 1701 ἄξιον.

158 1712 363 1782 λαγμαι
383 1715 427 1767 δ’
456 1714 532 1778 ὡς
556 1715 694 1786 εφην
724 1716 819 1770 καὶ
848 1714 944 1770 τοῦ
980 1718 1153 1782 δέους,
1186 1717 1391 1787 βέλτιον
1417 1720 1484 1788 τῇ
1521 1717 1738 1787 πατρίῳ
1839 1732 1903 1784 Τί
1931 1728 2022 1785 οὖν
2057 1750 2189 1802 φησι
2213 1733 2279 1786 τὰ
2301 1734 2398 1800 τῆς
2438 1732 2715 1799 θεολογίας
2742 1748 2757 1799 ;

158 1805 284 1875 δόξῃ
316 1806 651 1875 στηριχθείς.
684 1808 903 1875 Πέφυκε
945 1808 1053 1879 γάρ
1082 1824 1201 1872 πως
1224 1808 1293 1861 τά
1326 1808 1436 1861 τῶν
1478 1807 1739 1861 ἐναντίων

164 1896 500 1966 ἐλεγχόμενα
547 1898 674 1960 τοὺς
737 1898 947 1962 τούτοις
1005 1877 1428 1969 διαφερομένους
1462 1899 1739 1969 βεϐαιοτέ-
1770 1877 1814 1933 Β

164 2004 289 2056 ρους
340 1987 371 2056 ἢ
407 1972 503 2040 καὶ
529 1989 937 2059 γενναιοτέρους
970 1993 1167 2046 ποιεῖν.

237 2078 342 2149 Καὶ
370 2079 399 2132 6
450 2078 550 2149 μέν
578 2080 906 2149 οίουδήτινος
938 2081 1245 2151 ἁπτόμενος
1289 2082 1513 2152 ἐλέγχου
1540 2083 1740 2149 δόξειεν

165 2166 234 2220 ἂν
268 2159 405 2229 ίσωξ
427 2170 787 2239 ἐνισχημένος
834 2172 943 2223 τινὶ
973 2170 1135 2224 πάθει
1160 2171 1321 2225 τοῦτο
1355 2176 1549 2237 ποιεῖν,
1578 2174 1665 2243 ἐφ’
1697 2166 1742 2239 ᾧ

162 2259 235 2311 τὰ
287 2257 383 2327 μέν
429 2258 610 2322 καλῶς
673 2260 867 2330 ἔχοντα
920 2260 1273 2333 διαστρέφειν
1320 2265 1413 2317 καὶ
1444 2282 1738 2336 παρερμη-

162 2346 380 2413 νεύειν,
427 2351 538 2411 τοῖς
589 2348 644 2401 δὲ
677 2348 1027 2419 σαθροτέροις
1075 2353 1424 2420 ἐπιφύεσθαι,
1476 2354 1739 2423 καὶπρὸς

163 2436 323 2490 τοῦτο
351 2438 512 2508 μόνον
541 2439 742 2494 τείνειν
780 2439 871 2493 τὸν
905 2441 1128 2506 σκοπὸν,
1166 2443 1312 2507 ὅπως
1344 2445 1545 2508 ίκανῶς
1572 2445 1742 2509 δόξειε

164 2528 230 2582 16
254 2530 652 2596 ἀνταγωνιστὸν
707 2531 843 2585 ἐλὼν
870 2573 884 2597 ,
922 2534 1032 2602 ἐγὼ
1069 2534 1125 2587 δέ
1179 2536 1339 2589 τοῦτο
1372 2538 1428 2589 ἐν
1473 2537 1744 2607 οίῳδήτινι

166 2626 458 2689 πράγματι
479 2622 706 2685 ἀπεικὸς
730 2618 868 2676 εἶναι
892 2623 1126 2693 νομίζων
1158 2626 1249 2679 καί
1280 2627 1479 2681 ἄδικον.
1505 2628 1617 2697 Τῆς
1639 2630 1746 2699 γάρ

170 2710 429 2780 ἀληθείας
452 2713 571 2764 ἐστὶ
604 2713 947 2779 κατάγνωσις
986 2707 1203 2785 καῖ’τῆς
1239 2718 1595 2787 συνειδήσεως
1623 2719 1751 2785 φθο-

170 2802 267 2874 ρὰ,
291 2804 386 2872 οὑχ
420 2805 624 2874 ἤκιστά
654 2806 705 2873 γ’
734 2807 793 2857 ἐν
827 2799 906 2869 οἷς
936 2808 1067 2877 περὶ
1097 2809 1334 2870 πίστεως
1364 2810 1638 2877 γίγνονται
1662 2811 1749 2863 λό-

168 2912 261 2964 γοι
290 2898 475 2949 καινοῦ
510 2913 655 2959 τινος
688 2898 1013 2968 πράγματος
1050 2901 1143 2952 καὶ
1173 2900 1429 2969 μεγίστου
1456 2903 1548 2955 καὶ
1582 2920 1746 2971 κεφα-

167 2988 326 3043 λαίου
351 2988 458 3042 τῶν
488 2989 728 3053 πάντων,
772 2990 988 3043 ἀνόσιον
1022 2991 1264 3061 ἡγοῦμαι
1312 2996 1470 3046 τοῦτο
1504 2996 1596 3047 καὶ
1624 2996 1752 3047 ἀσε-

171 3080 289 3143 ῦές,
340 3080 417 3151 μή
474 3082 678 3134 ἀπαθεῖ
732 3081 826 3135 καὶ
872 3083 1102 3155 καθαρῷ
1151 3084 1232 3138 νοῖ
1284 3087 1351 3139 τά
1384 3086 1753 3156 περὶτούτων

172 3172 700 3264 καταστοχάζεσθαι,
739 3174 876 3227 ἀλλὰ
906 3176 1042 3244 πρὸς
1086 3175 1230 3245 ἔριν,
1266 3176 1299 3247 ἢ
1332 3177 1685 3245 φιλονεικίαν,
1716 3179 1748 3249 ἢ
1778 3206 1823 3264 c

170 3263 304 3319 ἄλλο
331 3281 381 3317 τι
412 3265 519 3316 τῶν
545 3265 901 3335 ἀνθρωπίνων
932 3266 1057 3329 τοὺς
1085 3267 1276 3334 λόγους
1338 3268 1630 3323 ποιεῖσθαι.
1665 3270 1754 3339 Τῷ

170 3374 260 3409 τοι
298 3359 389 3411 καὶ
413 3358 512 3425 τὴν
535 3358 797 3427 ἀλήθειαν
821 3358 989 3428 αὐτὴν
1020 3359 1080 3411 ἐν
1123 3360 1331 3423 τούτοις
1377 3364 1752 3431 μαρτύρομαι,

171 3449 254 3511 ὡς
285 3450 383 3502 ὅσα
418 3466 510 3518 μοι
562 3449 819 3520 καθαρῶς
856 3451 1188 3520 ὑπαγορεύει
1246 3453 1306 3505 16
1361 3454 1621 3519 συνειδὸς,
1660 3456 1755 3521 ἀφ’

171 3535 253 3598 ὧν
281 3541 387 3610 ἔχω
422 3540 611 3611 μαθὼν
641 3542 778 3610 πρὸς
810 3542 921 3594 τῶν
954 3544 1432 3613 προηγησαμένων
1464 3544 1642 3612 σοφῶν
1664 3545 1758 3597 καὶ

177 3634 356 3701 ἀγίων
388 3632 618 3702 ἀνδρῶν,
651 3633 746 3687 καὶ
773 3633 883 3685 τῶν
916 3634 1110 3686 κοινῶν
1164 3635 1265 3703 τῆς
1296 3635 1579 3698 εὐσεϐείας
1615 3637 1759 3690 διδα-

180 3727 422 3792 σκάλων,
450 3726 549 3779 καὶ
577 3726 683 3778 τῶν
702 3726 889 3796 ἀρχῶν
921 3728 1020 3795 τῆς
1049 3727 1285 3788 πίστεως
1318 3727 1483 3791 λέξων
1504 3729 1755 3797 ἔρχομαιο

177 3819 213 3889 ἢ
256 3819 456 3881 μᾶλλον
499 3819 711 3881 εἰπεῖν,
762 3817 870 3870 οὐδ’
924 3817 986 3882 ἐξ
1023 3818 1222 3871 οίκείου
1266 3818 1617 3889 δικαστηρίου
1664 3822 1762 3891 τὴν

174 3908 368 3981 ψῆφον
399 3908 558 3971 αὐτὸς
591 3907 748 3964 οίσω.
801 3908 1075 3977 Παραθεὶς
1121 3908 1179 3961 δὲ
1234 3907 1395 3978 μόνον
1440 3908 1611 3962 ταῦτα
1644 3910 1765 3972 ταῖς

178 4002 297 4055 τῶν
332 4001 503 4068 ἁγίων
530 4003 792 4070 γραφαῖς,
825 4001 918 4053 τόν
959 4018 1017 4053 τε
1060 4001 1185 4053 νοῦν
1208 4000 1413 4053 τούτων
1437 4001 1515 4069 τῷ
1542 4001 1765 4054 ἐκείνων

178 4090 588 4159 παρεξετάσας.
623 4091 882 4154 δικαστάς
920 4093 1046 4153 τοὺς
1088 4090 1439 4160 εὐγνώμονας
1488 4092 1582 4145 καὶ
1616 4093 1764 4144 ἀπα-

178 4183 295 4245 Θῶς
326 4188 393 4237 τὰ
451 4183 695 4252 παρόντα
729 4182 1174 4252 διελευσομένους
1226 4186 1608 4253 προστήσομαι
1630 4202 1643 4216 ο
1676 4185 1768 4246 οὒς

122 4344 131 4349 ἰ
178 4275 282 4328 καὶ
303 4275 441 4338 ἀξιῶ
466 4276 541 4344 μὴ
572 4278 638 4343 τῇ
666 4274 811 4338 λέξει
844 4276 1132 4344 προσέχειν
1155 4276 1368 4343 ἀφελῶς
1394 4277 1643 4345 ἔχουσαν,
1679 4278 1768 4329 16v

175 4366 243 4419 δὲ
282 4365 407 4418 νοῦν
439 4365 738 4430 ἐξετάζειν,
770 4367 861 4419 καὶ
892 4366 991 4436 τὴν
1037 4368 1297 4439 ἀλήθειαν
1325 4367 1626 4436 ἐπιζητεῖν.

259 4455 382 4509 Τῶν
406 4457 504 4526 μὲν
537 4458 618 4519 είς
652 4459 745 4510 τὸν
781 4459 1127 4524 ἐνδοξότατον
1158 4460 1331 4529 μέγαν
1359 4460 1569 4513 Δούκαν
1598 4464 1771 4528 ἐγκω-

182 4544 336 4614 μίων
372 4544 528 4613 κάγὼ
570 4545 732 4615 χάριν
759 4546 1009 4616 ὁμολογῶ
1039 4548 1137 4601 σὺν
1164 4550 1298 4602 πᾶσι
1327 4550 1438 4611 τοῖς
1466 4549 1647 4613 ἄλλοις
1677 4553 1775 4605 αύ-
1807 4546 1850 4602 ι)

175 4635 289 4704 τῷ*
310 4639 465 4706 κοινῇ
498 4653 559 4689 τε
591 4636 701 4707 γὰρ
718 4635 961 4701 ἅπαντες
994 4637 1286 4708 ὀφείλομεν
1316 4639 1413 4702 τὰς
1444 4641 1672 4711 χάριτας
1696 4641 1773 4711 τῷ

176 4728 418 4798 τοιούτῳ
447 4730 624 4799 ἀνδρὶ,
666 4729 935 4802 προθύμῳ
971 4748 1029 4784 τε
1074 4730 1188 4784 ὄντι
1220 4734 1349 4803 περὶ
1397 4733 1467 4785 τά
1497 4734 1652 4787 κοινά
1678 4735 1774 4787 καὶ

178 4822 487 4890 ἐπωφελεῖ,
544 4823 636 4874 καὶ
696 4822 805 4894 ἰδίᾳ
835 4823 1065 4887 ἕκαστος
1113 4825 1203 4878 διὰ
1236 4826 1334 4895 τὴν
1370 4827 1507 4896 πρὸς
1543 4826 1775 4879 ἕκαστον

179 4911 412 4966 εὔνοιαν
442 4914 629 4981 αὐτοῦ,
665 4914 844 4968 κοινὸν
866 4919 1193 4985 πρυτανεῖον
1224 4917 1416 4969 ἑαυτὸν
1441 4918 1647 4985 ἀγαθοῦ
1682 4920 1775 4971 καὶ

181 5005 379 5075 πάσης
407 5006 598 5075 χρείας
626 5007 719 5059 καὶ
767 5005 1020 5076 βοηθείας
1050 5007 1282 5059 ἑκάστου
1333 5009 1738 5079 παρασχομένῳ
1758 5026 1774 5041 ο

180 5096 260 5148 τὰ
295 5095 352 5146 δέ
390 5096 509 5147 κατ’
547 5095 713 5149 αὐτοῦ
753 5094 924 5149 ταῦτα
958 5096 1209 5163 ἐγκώμια
1257 5094 1377 5146 ἀντὶ
1421 5094 1635 5147 πολλῶν
1684 5098 1777 5149 καὶ

183 5186 455 5257 μεγάλων
496 5188 605 5241 τῶν
631 5189 1020 5259 προσηκόντων
1050 5187 1197 5257 αὐτῷ
1233 5186 1437 5258 βραχέα
1468 5189 1564 5241 καὶ
1617 5188 1778 5250 αὐτὸς

179 5274 342 5333 εἶναι
380 5278 650 5349 ὁμολογῶ,
713 5281 810 5334 καὶ
842 5279 1132 5350 ἀνθρώπου
1185 5280 1566 5351 πεφεισμένως
1614 5282 1773 5348 ἀγαν,

180 5371 297 5426 καὶ
328 5372 521 5442 ἄκροις
558 5374 633 5436 ὡς
668 5376 843 5427 εἰπεῖν
889 5372 1179 5437 δακτύλοις
1219 5373 1424 5426 τούτων
1471 5374 1775 5443 ἁψαμένου,

179 5465 273 5534 τῷ
302 5463 628 5536 βραχυτάτῳ
657 5467 747 5519 τὸν
780 5468 1110 5535 ἐνεστηκότα
1148 5466 1532 5536 ξυγχωρῆσθαι
1564 5468 1776 5536 χρόνον,

179 5556 296 5611 καὶ
330 5556 409 5627 τῷ
440 5558 609 5629 μήπω
632 5558 723 5612 τὸν
775 5560 968 5631 καιρὸν
996 5561 1154 5631 ἥκειν
1188 5560 1294 5613 τῶν
1324 5562 1617 5630 ἐγκωμίων
1671 5562 1780 5615 τῶν

179 5648 544 5719 τελεωτὲρων
580 5649 748 5719 ῖσωςο,
785 5652 897 5713 τοῖς
937 5651 1045 5722 γάρ
1103 5652 1326 5717 ἀγαθοῖς
1364 5652 1511 5714 ἄπας
1571 5654 1780 5706 ἀνεῖται

179 5742 397 5810 καιρὸς
449 5743 529 5805 είς
556 5742 798 5798 ἔπαινον.
832 5743 904 5795 Τὸ
931 5744 987 5797 δέ
1024 5744 1216 5814 χάριεν
1250 5746 1358 5799 τῶν
1388 5744 1551 5796 αὑτοῦ
1578 5743 1779 5803 γαλῶν.

177 5833 256 5886 τὸ
294 5832 377 5908 μὴ
406 5834 566 5906 μόνον
597 5837 906 5912 ἱφισιάνειν
954 5826 1063 5900 τοῖς
1099 5838 1360 5905 δόγμασιν
1388 5833 1499 5892 οἷόν
1530 5856 1584 5893 τε
1620 5839 1768 5891 ὄντα.

2345 1842 2802 1896 ΔΡΓΥΡΟΠΟΥΛ
2813 1844 2916 1896 ΟΣ.

1913 1934 2093 2005 Τριῶν
2123 1935 2292 1986 ὄντων
2344 1935 2399 2021 ev
2450 1935 2561 1995 τοῖς
2608 1932 2774 1996 θείοις
2806 1932 3118 2002 προσώπων
3145 1933 3288 1984 κοιτά
3329 1932 3427 1985 τὰς

1844 2025 2156 2092 θεολογικάς
2175 2024 2554 2083 ὑποτυπώσεις
2584 2025 2681 2078 καὶ
2710 2025 2908 2097 ἀρχὰς,
2947 2024 3181 2093 Πατρός,
3213 2022 3343 2075 Υίοῦ
3368 2041 3428 2077 τε

1842 2118 1937 2171 καὶ
1966 2116 2109 2170 θείον
2144 2116 2482 2185 Πνεύματος,
2517 2116 2816 2186 ἡνωμένων
2849 2116 2948 2185 μὲν
2990 2116 3059 2186 τῇ
3103 2116 3283 2186 οὐσία,
3314 2117 3433 2169 δια-

1849 2207 2187 2278 κρινομένων
2208 2206 2263 2259 δέ
2298 2208 2418 2269 ταῖς
2450 2205 2677 2275 ἰδιότησι
2704 2208 2974 2277 χρήματι.

2407 2312 2865 2370 ΑΓΑΛᾹΙΑΝΟΣ.

1927 2410 1989 2463 '0
2026 2411 2123 2478 μὲν
2147 2410 2394 2479 θεμέλιος
2426 2409 2502 2472 ὡς
2534 2408 2764 2479 εὐσεϐής
2810 2409 2904 2463 καὶ
2945 2404 3154 2479 ἀληθὴς
3186 2408 3281 2462 καὶ
3312 2406 3433 2459 θεος

1846 2499 2210 2568 λογικώτατος
2240 2502 2380 2571 ἀρχή
2419 2518 2477 2553 τε
2502 2501 2596 2554 καὶ
2622 2500 2882 2564 ὑπόθεσις
2912 2502 3010 2570 τῆς
3040 2500 3275 2561 πίστεως
3303 2500 3439 2568 ἀλη-

1850 2592 2108 2659 θεστάτη,
2133 2592 2179 2643 εί
2210 2590 2303 2644 καὶ
2328 2590 2396 2643 τὰ
2438 2591 2950 2661 ἐποικοδομούμενα
2991 2590 3141 2661 αὐτῷ
3166 2591 3440 2659 σύμφωνα

1849 2687 1959 2746 τοῖς
1990 2683 2099 2736 τῶν
2131 2684 2554 2753 ἀρχιτεκτόνων,
2592 2683 2688 2736 καὶ
2718 2677 2799 2747 οἷς
2829 2683 3061 2737 ἕπεσθαι
3096 2682 3439 2753 προστετάγ-

1854 2774 1993 2844 μεθα
2056 2774 2358 2842 ἐπιτεθείη.
2434 2771 2821 2843 Διακρίνεσθαι
2872 2772 2978 2842 γάρ
3014 2788 3146 2841 φησι
3194 2771 3262 2823 τά
3322 2771 3442 2823 θεῖα

1852 2865 2121 2934 πρόσωπα
2172 2865 2292 2926 ταῖς
2331 2864 2582 2932 ἰδιότησι.
2616 2862 2798 2916 Καλὸν
2835 2857 2927 2915 οῦν
2979 2862 3249 2915 πυθέσθαι
3306 2862 3444 2929 πρδς

1851 2958 1958 3008 τῶν
1989 2956 2257 3023 θεολόγων
2307 2955 2589 3025 Πατέρων,
2626 2956 2768 3006 τίσιν
2811 2954 2949 3007 εἰσὶν
2987 2955 3042 3006 αῖ
3084 2952 3193 3006 τῶν
3224 2954 3442 3023 προσώ-

1857 3066 1972 3100 πων
2009 3046 2290 3116 ἰδιότητες,
2327 3046 2383 3099 αἳ
2415 3047 2511 3099 καὶ
2544 3046 2885 3114 διακρίνουσι
2916 3046 2984 3097 τά
3038 3045 3308 3113 πρόσωπα
3350 3044 3445 3095 καὶ

1855 3136 1973 3188 ούδέ
2001 3138 2364 3205 μεταπίπτειν
2401 3135 2714 3204 πεφύκασιν
2744 3176 2756 3198 ,
2796 3135 3020 3204 ἀμιγεῖς
3073 3153 3132 3187 τε
3170 3135 3262 3186 καὶ
3294 3135 3445 3185 ἀκοι-

1855 3226 2082 3297 νώνητοι
2118 3226 2615 3296 κατονομάζονται.
2651 3225 2818 3277 Λυδία
2848 3225 2955 3295 γάρ
2984 3241 3065 3287 τις
3099 3224 3164 3278 ἂν
3188 3224 3274 3291 εἴη
3305 3224 3443 3293 πρὶς

1858 3318 1925 3370 τὰ
1950 3318 2075 3386 ἑξῆς
2117 3317 2177 3368 τό
2206 3334 2264 3369 τε
2302 3316 2556 3385 κίϐδηλον
2588 3315 2935 3383 ἐμφαίνουσα
2994 3316 3087 3366 καὶ
3116 3314 3175 3366 16
3217 3314 3446 3381 εἰλικρι-

1859 3412 1967 3473 νές.
2000 3412 2062 3464 Εἰ
2088 3412 2195 3478 γὰρ
2246 3410 2478 3479 τηρήτει
2526 3409 2625 3478 τὴν
2662 3409 2809 3461 θέσιν
2837 3449 2850 3473 ,
2886 3406 2985 3476 τὴν
3024 3407 3197 3475 ἀρχὴν
3245 3407 3339 3459 καὶ
3384 3407 3445 3457 τὸ

1860 3503 2033 3555 αἴτιον
2065 3502 2211 3555 ἔνδον
2241 3502 2299 3555 ἐν
2354 3502 2416 3570 τῇ
2452 3501 2668 3568 θεότητι
2702 3499 2775 3562 ῶς
2826 3501 3063 3565 ἰδιότητα
3105 3498 3196 3551 τοῦ
3232 3500 3445 3567 Πατρ³›;

1861 3595 2009 3664 αὖτῷ
2042 3595 2190 3664 μόνῳ
2224 3595 2449 3665 φυλάξει
2476 3612 2491 3627 ·
2520 3596 2567 3646 εί
2598 3594 2653 3646 δὲ
2688 3594 2843 3647 κοινά
2873 3592 3229 3662 νομοθετήσει
3266 3593 3446 3659 11:19".

1862 3688 1959 3740 καὶ
1991 3686 2125 3755 Υίῷ,
2171 3688 2387 3750 πάντως
2410 3688 2509 3749 τάς
2542 3685 2859 3755 θεολογικὰς
2896 3683 3313 3744 ύποπτυπώσεις
3343 3701 3447 3735 π).-

1869 3777 2214 3848 ρασαλεύσει.

1932 3869 2139 3923 Αὐτίκα
2165 3869 2273 3941 γὰρ
2295 3870 2321 3922 ό
2346 3868 2608 3937 Θεολόγος
2639 3869 2964 3939 Γρηγόριος,
3009 3887 3027 3920 ‹
3058 3869 3124 3922 Αἰ
3162 3868 3449 3938 ἰδιότητες,

1868 3960 2020 4026 φησι,
2047 3960 2257 4029 Πατρὸς
2292 3958 2389 4027 μὲν
2413 3960 2505 4011 καὶ
2535 3959 2774 4027 ἀνάρχου
2799 3960 2889 4012 καὶ
2922 3956 3097 4027 ἀρχῆς
3130 3960 3452 4027 ἐπινοουμέ-

1869 4068 1959 4102 νου
1991 4050 2086 4103 καὶ
2112 4049 2433 4118 λεγομένου.
2468 4068 2485 4100 ι
2524 4050 2632 4102 Καὶ
2679 4051 2707 4101 6
2737 4050 2881 4120 ἱερὸς
2915 4050 3210 4114 Διονύσιος,
3255 4068 3269 4097 ι
3297 4049 3452 4117 Μόνη

1870 4142 2021 4213 πηγὴ
2058 4145 2155 4212 τῆς
2181 4144 2507 4215 ύπερουσίου
2541 4143 2794 4213 θεότητος
2816 4145 2845 4197 6
2890 4144 3103 4212 Πατήρ.
3144 4161 3161 4193 ι
3206 4143 3454 4195 K111“-

1874 4234 2072 4304 ριλλος,
2127 4253 2144 4286 ι
2176 4235 2239 4288 Et
2271 4232 2560 4304 γνώρισμα
2584 4235 2684 4305 τῆς
2735 4235 2830 4287 τοῦ
2860 4234 3072 4304 Πατρὸς
3102 4234 3455 4297 ὑποστάσεως

1873 4328 1904 4394 ἡ
1931 4326 2292 4394 καρπογονία,
2327 4326 2501 4378 είτυυν
2532 4326 2803 4393 θεογονία,
2835 4326 3041 4393 φυσική
3072 4325 3155 4387 τίς
3180 4326 3296 4377 ἐστι
3322 4325 3457 4376 πάν-

1873 4437 1980 4481 τως
2018 4420 2218 4489 ίδιότης
2248 4417 2437 4471 αὑτοῦ.
2468 4437 2487 4470 ι
2519 4419 2627 4470 Καὶ
2651 4420 2677 4470 ό
2707 4419 2882 4485 μέγας
2917 4417 3217 4481 Βασίλειος,
3249 4434 3268 4468 ι
3297 4418 3458 4469 Ἴδιον

1874 4508 1969 4561 τοῦ
2001 4509 2214 4579 Πατρὸς
2243 4510 2274 4577 ἠ
2309 4508 2608 4577 ἀγεννησία
2642 4510 2734 4559 καὶ
2764 4508 2824 4559 16
2855 4507 3138 4560 καλεῖσθαι
3183 4509 3393 4576 Πατήρ.
3436 4527 3453 4556 ι

1878 4601 2056 4670 Ὅπερ
2091 4600 2452 4653 ἀναπτύσσων
2489 4602 2517 4653 6
2549 4600 2869 4670 Γρηγόριος,
2915 4617 2935 4649 ι
2973 4599 3146 4651 Τοῦτό
3182 4601 3322 4665 ἐστι,
3358 4618 3460 4667 φη-
3498 4604 3501 4607 ’

1877 4693 1981 4755 σιν,
2036 4692 2065 4742 6
2100 4693 2309 4763 Πατὴρ,
2365 4692 2650 4763 γεννήτωρ
2689 4690 2785 4743 καὶ
2843 4689 3162 4759 προὸολεύς.
3210 4690 3370 4741 Ἴδιον
3405 4691 3461 4740 δὲ

1874 4783 1967 4835 τοῦ
2004 4782 2133 4835 Υίοῦ
2187 4782 2248 4834 τὸ
2310 4780 2594 4835 καλεῖσθαι
2633 4782 2784 4846 Υίὸν,
2839 4782 2933 4833 καὶ
2966 4780 3025 4833 16
3066 4780 3360 4847 γεννᾶσθαι
3396 4780 3462 4831 ἐκ

1876 4874 1968 4927 τοῦ
2005 4874 2235 4945 Πατρός.
2272 4874 2434 4926 Ἷδιον
2490 4872 2547 4925 δὲ
2591 4872 2685 4925 τοῦ
2721 4872 3040 4941 Πνεύματος
3089 4871 3147 4923 16
3177 4869 3464 4922 καλεῖσθαι

1880 4964 2105 5032 Πνεῦμα
2150 4964 2326 5032 ἆγιον,
2354 4964 2447 5016 καὶ⁴
2478 4964 2541 5015 ἐκ
2580 4962 2673 5015 τοῦ
2707 4964 2921 5032 Πατρός
2975 4963 3396 5031 ἐκπορεύεσθαι.
3441 4981 3458 5014 ι

1892 5056 2053 5109 Ἀλλά
2098 5056 2269 5109 ταῦτα
2311 5056 2434 5125 μὲν,
2484 5052 2559 5116 ὡς
2590 5054 2751 5123 ἔφην,
2808 5053 3115 5107 κείσθωσαν
3146 5053 3347 5106 ὡσανεί
3380 5070 3466 5115 τις

1879 5148 2116 5219 γνώμων
2140 5148 2236 5201 καὶ
2258 5148 2463 5213 κανὼν,
2511 5148 2641 5215 παρ’
2674 5140 2734 5199 οὗ
2760 5146 2869 5199 τῶν
2899 5146 3097 5215 ἐφεξῆς
3124 5146 3291 5198 αὑτοῦ
3330 5163 3466 5212 συμο

1883 5240 2250 5308 περαινόντων
2303 5238 2608 5309 κατάδηλον
2653 5238 2805 5291 ισται
2845 5238 2906 5289 16
2940 5236 3286 5307 ἐφαρμόζονο
3322 5238 3372 5289 τί
3406 5237 3465 5288 δὲ

1881 5336 1947 5389 τὰ
1974 5333 2205 5403 ἐφεξῆς

2376 5445 2951 5502 ΑΡΓΥΡΟΠΟΥΛΟΣ.

1956 5543 2200 5613 Παράγει
2228 5542 2327 5609 μὲν
2358 5541 2417 5593 τὸ
2441 5539 2500 5592 ἓν
2529 5540 2557 5591 6
2594 5535 2804 5605 Πατὴρ,
2835 5537 3147 5606 παράγεται
3175 5535 3230 5588 δὲ
3256 5536 3321 5589 τὸ
3353 5534 3465 5598 δύο,

1884 5635 2007 5695 Υἱός
2041 5654 2094 5687 τε
2121 5636 2211 5687 καὶ
2245 5633 2467 5703 Πνεῦμα
2509 5634 2689 5699 ἅγιον.

2447 5744 2904 5802 ΑΓΛΛΔΙΑΝΟΣ.

1957 5842 2107 5901 Ίίνος
2149 5840 2245 5893 τῶν
2277 5840 2542 5907 θεολόγων
2582 5840 2849 5908 ἀκήκοας,
2885 5839 3163 5912 ἄνθρωπος,
3201 5838 3373 5909 ταύτῃ
3404 5837 3465 5906 τῇ
