4168 6434
174 376 305 461 1021

1266 377 1707 442 REFUTATIO
1757 378 2276 445 ARGYROPULI.

3276 390 3410 453 102?.

241 491 379 546 Ἀλλ’
414 492 575 556 αὐτὸς
603 491 677 555 ὡς
711 493 798 545 διὰ
835 494 931 555 τὰς
973 492 1252 563 δυνάμεις,
1280 494 1409 557 ἴσως
1437 511 1733 565 γνωριμω-
1765 500 1806 555 Α
1839 494 1965 547 Υίὸν
1990 497 2289 565 πρότερον·
2327 492 2484 569 εἷθ’ή
2517 498 2773 571 βούλησις
2804 499 3021 572 σὺναμα
3046 505 3110 574 τῇ
3138 500 3298 570 οὐσία
3324 502 3414 557 διὰ

156 586 316 655 τέρας
345 583 507 648 οὐσας
533 587 564 655 ή
576 586 669 654 μίν
698 585 791 637 τοῦ
816 583 952 638 Θεοῦ
985 585 1084 648 τὰς
1115 585 1460 650 ὑποστάσεις,
1497 586 1594 637 καὶ
1627 586 1726 647 τὰς

152 678 356 730 τούτων
386 678 663 746 προέδους,
727 678 1199 743 ἑπιγινωσκόντων
1234 678 1392 746 ήμῶν
1418 716 1433 739 ,
1466 677 1572 729 ἀπὸ
1619 675 1727 728 τῶν

156 766 440 836 δυνάμεων
485 762 793 838 ἐνσπείρειν
839 769 1065 839 ἄρχεται
1089 769 1151 821 τὸ
1171 768 1390 837 ψεῦδος,
1428 769 1503 831 ὡς
1534 768 1599 821 ἂν
1635 769 1727 820 ἐπὶ

154 860 263 910 τῶν
322 857 630 928 προσώπων
662 860 939 930 ἀναφανῇ,
989 861 1083 913 καὶ
1137 862 1228 914 τὸν
1279 861 1400 914 ὅλον
1430 862 1523 913 καὶ
1566 860 1728 929 μόνον

157 951 283 1003 Υἱδν
320 950 456 1004 κατά
487 950 578 1004 τὸν
599 950 880 1018 Θεολόγον,
914 952 973 1004 ὂν
994 953 1089 1004 καὶ
1118 952 1280 1014 αὐτὸς
1310 953 1575 1022 πρότερον
1600 952 1727 1019 an-

155 1043 330 1094 Οεὺων
386 1043 577 1113 εἴρηκε
642 1042 802 1113 μόνον
842 1045 1245 1113 παραγόμενον,
1284 1044 1410 1096 ὅσον
1466 1042 1567 1095 οὐκ
1626 1042 1725 1110 ήδη

152 1135 485 1198 ἀπεναντίας
514 1134 733 1200 ἑαυτοῦ,
764 1136 860 1187 καὶ
888 1137 983 1204 τῆς
1015 1136 1296 1205 ἀληθείας,
1332 1135 1601 1206 προϐολέα
1632 1134 1727 1186 καὶ

155 1226 333 1278 αἰτίαν
359 1228 455 1279 καὶ
487 1225 662 1296 ἀρχὴν
694 1227 1091 1296 ἀπεργάσεται,
1121 1229 1218 1280 καὶ
1256 1230 1364 1279 ἀπὸ
1395 1226 1490 1295 τῆς
1525 1227 1728 1292 τάξεως

156 1318 557 1372 κατασκευάσει
587 1318 778 1383 ταῦτα,
797 1320 879 1372 ὅτι
905 1319 999 1372 τοῦ
1027 1320 1235 1389 Πατρδς
1255 1319 1505 1387 δεύτερος
1527 1320 1554 1370 6
1580 1318 1727 1379 Υἱὸς,

155 1412 372 1479 πρῖ.τος
404 1410 459 1463 δὲ
490 1409 584 1462 τοῦ
628 1411 967 1479 Πνεῦματος,
1002 1411 1184 1480 τρίτον
1222 1410 1279 1463 δὲ
1313 1410 1374 1463 τὸ
1421 1409 1643 1479 Πνεῦμα
1669 1410 1730 1464 τὸ

155 1500 312 1567 ἅγιον
340 1499 429 1553 διὰ
467 1500 567 1563 τάς
609 1502 869 1569 δυνάμεις
912 1502 1009 1564 τὰς
1050 1501 1421 1570 προαγούσας,
1450 1501 1482 1572 ἢ
1517 1504 1614 1563 τὰς
1643 1502 1730 1553 al-

152 1590 296 1657 τίας,
321 1592 460 1658 am;
512 1592 612 1660 μὲν
648 1594 994 1659 προηγεῖται,
1026 1594 1060 1662 ή
1095 1592 1151 1645 δὲ
1203 1592 1497 1661 ὑστερίζει.
1538 1593 1648 1645 Kal
1682 1592 1730 1644 εί

157 1686 259 1749 μὶν
309 1684 737 1755 προσεχέστερος
774 1683 871 1736 τοῦ
926 1685 1137 1755 Πατρδς
1197 1688 1265 1755 τῇ
1322 1685 1590 1755 δυνάμει,
1660 1688 1730 1756 ἦν

152 1789 321 1841 φησιν
371 1767 513 1826 εἶναι
554 1772 653 1843 τὴν
681 1772 891 1837 οὐσίαν,
939 1771 1135 1826 οὐκοῦν
1188 1775 1285 1827 καὶ
1330 1774 1521 1827 οὐσίαν
1565 1773 1625 1826 τὸ
1671 1775 1727 1826 δὲ

152 1862 528 1933 πορρώτερον,
559 1862 653 1917 καὶ
685 1848 820 1915 ἄλλα
846 1863 1017 1917 πλείω
1055 1863 1354 1936 βλάσφημα
1379 1865 1474 1916 καὶ
1509 1864 1729 1934 χείρονα
1760 1860 1805 1916 Β

150 1956 360 2008 τοᾶτων
391 1955 499 2016 πᾶς
531 1971 612 2016 τις
639 1954 816 2023 ὀρθῶς
836 1971 896 2008 τε
929 1956 1021 2009 καὶ
1048 1955 1276 2019 άπαθῶς
1308 1957 1529 2009 σκοπῶν
1568 1958 1734 2010 ἐνυπ-

149 2048 394 2123 άρχοντα
443 2045 524 2116 τῷ
558 2045 702 2117 λόγῳ
753 2046 1020 2117 φωράσει.
1084 2047 1194 2101 Kal
1244 2047 1604 2119 παρακατιὼν
1644 2048 1736 2102 λέ-

150 2154 263 2204 γει.

552 2332 556 2337 ,
650 2273 1222 2328 ΑΡΓΥΡΟΠΟΥΛΟΣ.

241 2384 400 2444 Ἀλλὰ
437 2389 545 2459 μὴν
569 2388 667 2457 τῆς
689 2386 785 2441 τοῦ
814 2387 1025 2458 Πατρδς
1056 2388 1410 2450 ὑποστάσεως
1444 2388 1545 2457 τῆς
1570 2387 1741 2457 αὐτῆς

148 2483 322 2553 οῦσης
349 2484 437 2535 ὅτε
467 2483 708 2553 παράγει
729 2482 795 2535 τὰ
817 2483 1107 2552 πρόσωπα,
1139 2482 1234 2534 καὶ
1261 2482 1362 2551 τῆς
1385 2480 1572 2543 οὐσίας
1608 2480 1740 2550 μιᾶς

150 2576 323 2645 οΰσης
347 2570 412 2629 αὖ
435 2573 598 2627 πάλιν
625 2572 800 2643 ἀρχῆς
822 2573 914 2628 καὶ
940 2573 1242 2643 δυνάμεως,
1276 2573 1345 2625 τά
1379 2573 1745 2641 παραγόμενα

157 2673 236 2722 τά
273 2669 411 2722 αὐτὰ
459 2668 524 2721 ἂν
557 2663 625 2739 ἦν
672 2665 849 2736 πάντη
880 2665 1117 2728 πάντως,
1151 2662 1351 2734 μᾶλλον
1392 2663 1449 2716 δὲ
1486 2663 1545 2715 ἒν
1582 2663 1649 2716 ἂν
1679 2658 1749 2733 ἦν

161 2762 251 2830 τῷ
279 2761 392 2815 δντι
437 2761 499 2813 τὸ
533 2760 915 2831 παραγόμενον
942 2758 1256 2827 πρόσωπον,
1285 2758 1335 2809 εί
1368 2756 1443 2826 μὴ
1473 2758 1536 2827 τῇ
1569 2756 1747 2824 οὐσίᾳ,

161 2854 266 2907 καὶ
297 2853 411 2905 ἄλλ’
442 2852 580 2906 ἄττα
614 2852 780 2920 συνῆν
809 2852 880 2903 δι’
905 2844 978 2904 ῶν
1003 2849 1250 2920 διάφοροί
1279 2866 1397 2911 πως
1423 2848 1669 2916 γένοιντο
1698 2849 1753 2899 al

162 2945 437 3014 δυνάμεις
462 2939 551 3006 αἷς
577 2944 707 2997 Υίὸν
734 2944 830 2995 καὶ
853 2941 1078 3010 Πνεῦμα
1110 2941 1441 3012 παράγεταιο
1473 2938 1541 2993 τὰ
1560 2939 1615 2993 δὲ
1645 2938 1755 3009 ἄρα

170 3036 301 3100 νοῦς
340 3038 405 3091 ἂν
430 3039 517 3107 εἵη
545 3037 638 3092 καὶ
668 3036 943 3108 βούλησις.

744 3166 1199 3222 ΑΓΔΔΛῙΑΝΟΣ.

264 3287 504 3356 ’Λνάγκη
539 3287 659 3349 ταῖς
681 3285 879 3355 ἀρχαῖς
910 3284 1220 3352 συμφωνεῖν
1252 3282 1346 3335 καὶ
1366 3282 1434 3335 τὰ
1459 3279 1609 3351 τέλη.
1646 3278 1756 3334 Kal

154 3378 358 3449 παρὼν
420 3376 617 3431 οὐκοῦν
677 3377 835 3444 λόγος
867 3378 933 3429 ὲκ
985 3373 1198 3445 ψευδῶν
1258 3373 1620 3444 κεκινημένος
1656 3373 1756 3441 ἁρ-

154 3471 304 3540 χῶν,
334 3469 576 3523 τοιοῦτον
597 3468 710 3533 ’ἐξει
732 3469 828 3520 καὶ
852 3469 912 3521 τὸ
939 3466 1311 3534 ἀποτέλεσμα.
1342 3463 1761 3536 Προῦποτίθησι-

154 3564 278 3631 γὰρ
307 3562 376 3613 τὰ
400 3562 589 3630 χρόνον
619 3558 911 3627 εἰσάγοντα
940 3559 1018 3621 είς
1047 3559 1146 3627 τήν
1178 3558 1273 3610 τοῦ
1305 3557 1479 3610 ἀϊδίου
1534 3558 1756 3610 ἀπόδειο

155 3657 272 3720 ξιν.
319 3653 449 3705 Ὅτε
475 3651 794 3722 γὰρνφησὶ,
831 3639 1070 3720 παράγει
1100 3651 1169 3702 τὰ
1198 3650 1488 3720 πρόσωπα,
1514 3647 1616 3701 οὐκ
1638 3647 1753 3700 ἐστι

154 3745 363 3814 χρόνος
398 3747 454 3798 ἒν
494 3743 729 3806 τούτοις.
776 3745 889 3797 ‘Ael
916 3745 1024 3812 γάρ
1062 3740 1131 3813 ἦν
1171 3742 1497 3811 προηγμένα
1534 3743 1629 3794 καὶ
1669 3742 1757 3795 ἀεὶ

154 3838 409 3906 πρόεισι,
446 3836 648 3905 μᾶλλον
679 3835 734 3887 δὲ
784 3830 853 3906 ἦν
900 3834 1156 3906 άπαρχῆς
1202 3833 1548 3904 προηγμένα.
1583 3832 1755 3886 Τοῦτο

155 3929 283 3994 γὰρ
309 3924 504 3996 ἔχομεν
533 3925 797 3995 μαθόντες
830 3927 967 3998 πρὸς
992 3926 1086 3979 τοῦ
1110 3924 1570 3993 θεολογικωτάτου
1610 3927 1754 3997 Γρη-

160 4020 384 4089 γορίου,
425 4019 560 4088 πρός
588 4020 837 4076 τινατῶν
868 4018 1165 4088 αίρετικῶν
1196 4019 1614 4088 ἀπαντήσαντος
1634 4035 1755 4071 πει-

162 4111 448 4182 ραστικῶς
494 4110 785 4181 ἐρωτῶντα
842 4110 971 4180 περὶ
1005 4110 1101 4180 τῆς
1138 4109 1287 4172 θείας
1322 4111 1628 4180 γεννήσεως
1660 4110 1755 4162 καὶ

160 4199 596 4264 είπόντος,’Δλλ’
634 4196 700 4269 ἦν
741 4201 997 4269 ἁπαρχῆς
1026 4200 1423 4271 γεγεννημένος
1450 4203 1478 4253 6
1510 4200 1638 4263 Υἱὸς
1664 4201 1756 4270 δη-

159 4289 368 4353 λονότι,
409 4289 497 4343 ἵνα
529 4306 621 4341 σου
657 4289 855 4361 ῥᾳδίως
887 4291 1150 4359 φύγωμεν
1186 4291 1282 4352 τὰς
1312 4290 1642 4359 περιέργους
1666 4296 1755 4341 ὲν-

160 4382 397 4445 στάσεις
430 4384 525 4436 καὶ
554 4383 925 4453 φιλοχρόνους,
955 4384 1131 4436 καίτοι
1162 4401 1224 4451 γε
1251 4384 1346 4436 καὶ
1369 4384 1530 4447 αὐτὸς
1560 4381 1755 4436 ἑαυτοῦ

164 4474 692 4543 συναισθανόμενος,
742 4475 803 4526 τὸ
834 4475 1006 4527 ἀΐδιον
1064 4475 1343 4544 πανταχοῦ
1380 4475 1757 4545 προσδιορίζε-

156 4585 290 4631 ται,
315 4565 389 4630 ὡς
415 4564 468 4619 εί
510 4583 593 4630 τις
624 4566 775 4633 λέγοι
816 4566 1085 4635 χρονικῶς
1135 4566 1277 4635 πλὴν
1305 4566 1490 4629 ἁῖδίως
1540 4565 1619 4637 τῷ
1656 4566 1756 4636 μὶν

155 4655 363 4717 ἀϊδίως
411 4653 693 4723 τιθέμενος
725 4653 916 4718 άληθεί
952 4654 1089 4713 ὄντι,
1126 4657 1253 4720 περὶ
1291 4654 1349 4708 δὲ
1403 4655 1631 4724 θατέρου
1686 4655 1761 4725 μὴ

156 4745 481 4817 ᾳροντίζων
522 4747 571 4799 εί
599 4749 713 4809 τοῖς
738 4747 918 4814 λόγοις
942 4748 1250 4811 ἀκολουθεῖ,
1280 4747 1362 4815 τῷ
1396 4749 1602 4818 σφόδρα
1633 4748 1761 4817 βού-

157 4834 365 4889 ).εσθαι
388 4834 489 4907 τὴν
520 4836 728 4890 οίκείαν
775 4836 1150 4906 συστήσασθαι
1181 4836 1360 4900 δόξαν.
1400 4838 1511 4891 Kal
1540 4838 1607 4899 ἃς
1636 4855 1764 4908 προ·

158 4927 358 4981 λαϐὼν
386 4928 539 4995 ἔλεγε
568 4926 825 4995 δυνάμεις
876 4928 1304 4998 διακεκριμένας
1326 4968 1340 4989 ,
1390 4927 1466 4991 ὼς
1502 4928 1651 4999 αὐτῷ
1684 4926 1762 4997 τῷ

152 5021 557 5091 διακεκρίσθαι
608 5022 835 5081 ταύτας,
898 5021 1295 5089 διακεκριμένα
1365 5019 1460 5072 καὶ
1509 5022 1577 5074 τά
1644 5022 1763 5073 θεῖα

158 5113 426 5182 προῖέναι
449 5113 739 5184 πρόσωπα,
785 5112 892 5166 ἰδοῦ
925 5111 1020 5165 νῦν
1053 5110 1313 5176 ταυτίζει,
1344 5113 1659 5182 ῆένοποιεῖ,
1696 5113 1763 5166 ἶν’

152 5206 249 5269 ὡς
284 5203 430 5256 ἔοικε
454 5207 519 5274 τῇ
548 5205 896 5274 ἐπεισαγωγῇ
922 5204 1029 5256 τῶν
1052 5204 1228 5258 ἄλλων
1260 5191 1367 5257 τῶν
1400 5206 1668 5257 συνόντων
1697 5208 1763 5275 τῇ

156 5295 358 5366 οὐσίᾳ,
392 5298 457 5348 τά
483 5296 539 5349 δέ
566 5298 685 5349 ἐστι
712 5294 836 5355 νοῦς
867 5298 960 5348 καὶ
1004 5296 1280 5366 βούλησις,
1312 5297 1511 5367 διχάσῃ
1534 5298 1763 5365 ταύτην,

156 5390 234 5443 τὸ
273 5389 375 5457 μὲν
410 5387 580 5458 αὐτῆς
612 5386 1077 5459 προεπινοεῖσθαι,
1103 5390 1163 5441 τὸ
1193 5388 1250 5441 δὲ
1272 5389 1580 5458 ὑστερίζειν
1603 5406 1764 5457 νομο-

162 5483 411 5551 θετήσῃ.

690 5594 1257 5651 ΛΡΓΥΡΟΠΟΥΛΟΣ.

250 5710 363 5762 Καὶ
399 5713 424 5762 6
459 5710 580 5773 νοῦς
614 5710 757 5780 ἁρχὴ
795 5712 888 5764 καὶ
931 5708 1163 5781 δύναμις
1192 5710 1288 5775 ὢν,
1327 5713 1403 5774 ὡς
1436 5712 1595 5773 αὖτις
1626 5713 1767 5776 ἀξιοῖ

165 5806 265 5859 διά
309 5804 614 5874 γεννήσεως
639 5806 898 5877 ἐνεργῶν,
930 5807 1046 5878 ἅμα
1072 5808 1137 5876 τῇ
1172 5807 1331 5875 οὐσίᾳ
1389 5810 1628 5876 παράγει
1678 5812 1768 5860 τὸν

1833 587 2105 658 προϐολῆς
2144 591 2385 660 παράγει
2410 592 2470 645 τὸ
2505 593 2730 663 Πνεῦμα
2749 595 2810 647 τὸ
2836 597 3015 664 ἅγιον.

2381 736 2845 791 ΔΓᾹΛΛΙΑΝΟΣ.

1898 846 2057 901 Οὖτω
2089 849 2196 919 γάρ
2228 866 2391 919 φησιν
2429 851 2623 913 αὐταῖς
2648 852 2880 916 ὶέξεσιν.

2324 994 2896 1050 ΑΡΓΪῬΟΠΟΥΛΟΣ.

1910 1104 1974 1162 Ὀ
2013 1107 2110 1176 μὶν
2150 1106 2268 1176 ἅμα
2314 1109 2379 1176 τῇ
2418 1107 2575 1179 οὐσία
2626 1109 2768 1180 ἀργὴ
2823 1112 2916 1162 καὶ
2952 1112 3180 1181 δύναμις
3222 1114 3320 1181 ὢν,
3350 1116 3418 1170 δι’

1832 1198 2112 1267 ἐνεργείας
2166 1200 2265 1268 τῆς
2317 1201 2626 1270 γεννήσεως
2676 1205 2992 1274 παρακτικὴ
3022 1206 3115 1259 τοῦ
3150 1208 3304 1273 Υίοῦ,
3335 1209 3418 1263 διὸ

1831 1287 1924 1339 καὶ
1953 1289 2125 1353 Λόγος
2160 1288 2187 1339 ὁ
2232 1288 2326 1342 τοῦ
2372 1288 2508 1342 Θεοῦ
2542 1291 2669 1355 Υἱὸς
2700 1292 2805 1346 ὑπὸ
2837 1294 2940 1365 τῆς
2966 1295 3230 1367 Θεολόγου
3261 1299 3417 1368 βρον-

1830 1378 1925 1442 τῆς
1976 1378 2311 1447 ὠνόμασται.
2359 1381 2472 1433 Νοῦ
2531 1380 2639 1449 γάρ
2687 1383 2939 1454 γέννημα
2984 1389 3163 1455 λόγος,
3196 1392 3228 1460 ή
3266 1391 3310 1443 6‘
3342 1391 3412 1446 αὖ

1834 1468 2047 1535 σύναμα
2071 1472 2137 1540 τῇ
2171 1470 2378 1542 οὑσίᾳή
2412 1472 2689 1543 βούλησις,
2709 1475 2875 1546 ἀρχή,
2909 1480 2999 1532 καὶ
3029 1480 3259 1550 δύναμις
3282 1481 3421 1536 οὐσα

1829 1558 1898 1611 δι’
1922 1560 2209 1628 ἐνεργείας
2243 1561 2340 1629 τῆς
2376 1564 2675 1634 προϐολῆς,
2708 1566 2741 1632 ἢ
2779 1568 3059 1634 πνεύσεως
3088 1572 3414 1643 παρακτικὴ

1831 1648 1924 1701 τοῦ
1955 1649 2113 1717 ἁγίου
2148 1650 2469 1718 Πνεὺματος
2500 1654 2880 1721 ὑποστάσεως.

2385 1798 2639 1855 ΑΓΑΛΛῙ
2651 1801 2849 1858 ΑΝΟΣ.

1919 1908 2080 1961 Ἀλλὰ
2108 1911 2202 1963 καὶ
2225 1912 2396 1982 ἑσμὸς
2415 1915 2549 1983 ἡμῖν
2578 1914 2765 1986 ἀρχῶν
2792 1919 2854 1971 ἐκ
2876 1920 2987 1974 τῶν
3016 1921 3193 1989 λόγων
3215 1926 3423 1980 τούτων

1837 2002 2196 2068 ἀναφαίνεται
2216 2020 2231 2035 ο
2258 2006 2352 2057 καὶ
2405 2007 2437 2074 ή
2468 2007 2764 2073 ὑπόστασις
2794 2010 2904 2080 γὰρ
2936 2013 3029 2065 καὶ
3077 2016 3133 2067 αἱ
3166 2015 3425 2086 δυνάμεις

1837 2093 1929 2145 καὶ
1959 2093 1991 2161 ἡ
2025 2093 2183 2148 οὐσία
2228 2095 2323 2148 καὶ
2350 2094 2447 2150 νῦν
2496 2098 2577 2152 ἔτι
2611 2102 2639 2152 6
2673 2089 2923 2164 νοῦς.Ἥ
2954 2104 3083 2171 γοῦν
3115 2107 3428 2178 πολύαρχόν

1838 2200 1891 2234 τι
1918 2182 2107 2254 χρῆμα
2138 2186 2165 2237 6
2188 2184 2377 2256 Πατὴρ
2412 2188 2536 2242 ὅσον
2567 2191 2631 2245 ὲκ
2667 2192 2775 2243 τῶν
2807 2193 2983 2261 λόγων
3008 2196 3211 2249 τούτων
3235 2198 3426 2269 ὥσπερ

1840 2275 1935 2328 καὶ
1964 2276 2348 2346 πολυδὺναμον
2384 2281 2671 2352 πρότερον,
2704 2284 2736 2354 ἢ
2772 2285 2920 2355 είτῷ
2951 2283 3094 2359 τίῆν
3132 2287 3273 2343 εἶναι
3315 2291 3431 2345 δια-

1842 2366 2144 2437 κρινόμενα
2172 2369 2271 2437 τῆς
2298 2371 2507 2441 οὐσίας,
2541 2373 2601 2426 ἓν
2622 2376 2730 2427 είσι
2766 2377 2983 2442 πάντως
3013 2380 3088 2451 τῷ
3117 2383 3426 2452 πράγματι,

1845 2459 2090 2514 Λατίνων
2121 2463 2282 2530 φαῖέν
2333 2481 2500 2529 τινες.
2551 2465 2649 2531 Τίς
2706 2469 2741 2540 ή
2797 2471 2958 2540 χρεία
3000 2473 3093 2526 τοῦ
3137 2475 3432 2529 συνάπτειν

1846 2551 2019 2606 ταῦτα
2062 2555 2155 2607 καὶ
2204 2555 2437 2624 διαιρεῖν
2491 2559 2590 2612 καὶ
2634 2559 2747 2614 ἄνω
2793 2566 2888 2619 καὶ
2936 2564 3085 2619 κάτω
3136 2569 3432 2638 στρέφειν;

1852 2641 2052 2711 Ἤρκει
2080 2643 2188 2716 γὰρ
2210 2647 2383 2700 εἰπεῖν
2406 2647 2488 2701 ὅτι
2516 2648 2545 2700 6
2569 2652 2763 2722 Πατὴρ
2799 2655 2864 2723 τῇ
2896 2656 3055 2726 οὐσίᾳ
3081 2658 3314 2727 προάγει
3344 2660 3434 2714 τὸν

1852 2731 1981 2784 Υίὸν
2031 2735 2218 2788 καὶτὸ
2255 2738 2483 2808 Πνεῦμα
2530 2740 2590 2793 τὸ
2648 2743 2827 2811 ἅγιον,
2874 2745 2901 2799 6
2957 2747 3021 2817 δὴ
3071 2750 3435 2818 φυλάττοντες

1853 2821 2034 2895 ἡμεῖς,
2082 2829 2142 2881 τὺ
2188 2831 2486 2900 συμϐαῖνον
2543 2836 2830 2905 προϊόντες
2891 2841 3297 2911 σκοπήσωμεν⁶
3367 2846 3437 2899 τὰ

1855 2919 1961 2987 γάρ
1992 2919 2129 2973 ἄλλα
2161 2923 2445 2992 παρέλκει.
2489 2926 2629 2997 ’Πδη
2676 2928 2734 2981 δὲ
2770 2932 2861 2981 καὶ
2904 2920 3137 3000 δύναμίν
3167 2934 3261 2987 τὸν
3313 2935 3438 2987 νοῦν

1857 3011 2013 3090 καλεῖ
2032 3014 2123 3065 καὶ
2152 3013 2321 3082 ἄλλην
2351 3006 2549 3087 ἀρχήν,
2578 3020 2732 3085 παρὰ
2762 3020 2861 3091 τὴν
2903 3025 3233 3094 γεννητικὴν
3258 3027 3435 3095 δήπου

1858 3101 2110 3170 δύναμιν.
2156 3103 2310 3158 Ἐπεὶ
2344 3105 2435 3159 διά
2482 3124 2546 3176 γε
2600 3110 2692 3162 τὸν
2720 3110 2846 3165 νοῦν
2891 3115 2987 3166 καὶ
3030 3116 3132 3184 τὴν
3179 3115 3440 3187 βούλησιν

1786 3217 1833 3279 c
1864 3193 2154 3263 διαφόρους
2183 3195 2431 3263 γίνεσθαί
2483 3216 2617 3271 φησι
2646 3202 2745 3265 τὰς
2799 3203 3082 3274 δυνάμεις,
3126 3208 3329 3272 ταύτας
3384 3211 3440 3263 δὲ

1862 3284 2017 3355 αὐθις
2045 3286 2144 3354 τήν
2174 3286 2361 3341 οὐσίαν
2413 3290 2531 3360 έρεῖ
2586 3294 2812 3363 προῖὼν,
2851 3290 2934 3359 οἷς
2974 3296 3169 3354 ἕπεται
3211 3302 3443 3373 μεμερί-

1860 3376 1984 3430 σθαι
2005 3378 2102 3449 τὴν
2135 3378 2345 3436 οὐσίαν.

1927 3485 2063 3543 Εἶτα
2108 3491 2341 3563 δύναμιν
2377 3495 2474 3564 μὲν
2511 3496 2568 3547 ἐν
2616 3496 2735 3567 Θεῷ
2769 3501 2948 3570 Πατρὶ
2978 3500 3130 3569 λέγει
3162 3506 3256 3557 τὸν
3288 3505 3437 3569 νοῦν,

1857 3579 1950 3633 νοῦ
1986 3581 2044 3635 δὲ
2092 3583 2341 3655 γέννημα
2389 3586 2482 3637 τὸν
2519 3586 2696 3653 λόγον,
2726 3589 2892 3644 Ὅθεν
2923 3591 3032 3661 ἄρα
3067 3595 3318 3664 γέννημα
3346 3597 3444 3667 τῆς

1857 3672 2139 3743 δυνάμεως
2170 3677 2199 3728 6
2219 3674 2400 3744 λόγος,
2433 3678 2573 3747 ὅπερ
2601 3679 2776 3742 οὐδείς
2802 3698 2933 3735 ποτε
2966 3684 3210 3755 εἴρηκεν,
3237 3687 3446 3757 ἀνθρὼ-

1862 3781 2019 3816 πινον
2053 3764 2164 3833 γάρ
2206 3763 2384 3819 τοῦτο.
2430 3765 2570 3819 Ἀλλ’
2600 3769 2628 3819 6
2665 3767 2927 3837 Θεολόγος
2962 3770 3265 3842 Γρηγόριος
3300 3775 3358 3825 ὲν
3400 3771 3445 3842 β’

1858 3853 1965 3907 τῶν
2010 3856 2142 3924 περὶ
2174 3855 2328 3920 Υίοῦ,
2374 3857 2751 3926 Ὅνομάζεται,
2801 3861 2990 3931 φησὶν,
3025 3863 3054 3915 6
3087 3862 3215 3927 Υίδς
3250 3865 3443 3934 Λόγος,

1856 3947 1940 3999 ὅτι
1992 3945 2165 4011 οὑτως
2218 3947 2332 4018 ἔχει
2385 3950 2523 4020 πρὶς
2576 3951 2670 4005 τὸν
2722 3952 2944 4020 Πατέρα
3002 3953 3079 4017 ὡς
3118 3956 3265 4025 πρὸς
3318 3955 3450 4009 νοῦν

1857 4038 2036 4106 λόγος.
2076 4040 2198 4091 Ἐτι
2234 4040 2332 4109 τὴν
2363 4039 2461 4109 μὲν
2490 4042 2722 4112 δύναμιν
2757 4043 2855 4113 τὴν
2887 4044 3078 4102 οὐσίαν
3109 4040 3251 4100 εἷναί
3289 4064 3446 4116 φησι,

1858 4132 1956 4200 τὴν
1995 4132 2051 4184 δὲ
2093 4132 2281 4184 οὐσίαν
2328 4132 2483 4200 ἔλεγε
2522 4134 2662 4202 μήτε
2697 4135 2895 4205 γεννᾷν
2950 4136 3090 4205 μήτε
3127 4138 3446 4206 γεννᾶσθαι,

1859 4222 2039 4291 λέγων
2074 4223 2277 4287 καλῶς.

1933 4335 2201 4405 Βούλησιν
2232 4337 2289 4388 δὲ
2322 4337 2494 4391 είπὼν
2523 4338 2621 4409 τὴν
2658 4341 2715 4392 ὲν
2757 4340 2836 4410 τῷ
2870 4342 3051 4411 Πατρὶ
3088 4346 3447 4413 παρακτικὴν

1862 4428 1956 4481 τοῦ
1992 4429 2152 4497 ἁγίου
2199 4430 2523 4499 Πνεῦματος
2567 4431 2797 4501 δύναμιν
2830 4433 2926 4487 καὶ
2957 4433 3156 4505 ἀρχὴν,
3193 4435 3254 4487 οὐ
3302 4436 3451 4488 δοκεῖ

1782 4544 1839 4607 D
1864 4520 1956 4573 τὸν
1989 4521 2087 4573 ἕνα
2139 4520 2239 4589 τῆς
2274 4520 2529 4593 Τριάδος,
2580 4525 2674 4577 τὸν
2730 4525 3092 4595 Παράκλητον
3134 4527 3301 4595 λέγω,
3335 4531 3451 4590 τοῖς
3528 4571 3533 4576 .

1863 4613 2124 4682 κτίσμασι
2177 4615 2571 4685 συναριθμετν;
2611 4616 2801 4690 Ταύτῃ
2834 4617 2945 4688 γὰρ
2997 4618 3336 4688 διακρίνουσι
3382 4622 3451 4673 τά

1866 4704 1984 4758 θεία
2035 4704 2305 4776 πρόσωπα
2350 4708 2460 4759 τῶν
2504 4709 2850 4778 κτισμάτων,
2880 4711 2965 4763 ὅτι
2997 4710 3068 4764 τά
3105 4711 3204 4780 μὲν
3246 4713 3309 4764 ἐκ
3349 4713 3450 4779 τῆς

1865 4796 2105 4863 φύσεως,
2134 4796 2203 4849 τὰ
2231 4796 2287 4850 δὲ
2318 4800 2383 4850 ὲκ
2412 4801 2513 4868 τῆς
2546 4798 2857 4869 βουλήσεώς
2884 4801 2995 4855 είσι
3025 4801 3120 4855 τοῦ
3148 4800 3309 4854 Θεοῦ.
3341 4803 3451 4855 Kal

1866 4887 1935 4940 τὰ
1960 4887 2058 4955 μὲν
2083 4887 2316 4955 προάγει
2350 4887 2429 4956 τῷ
2453 4889 2759 4955 πεφυκέναι
2786 4892 2815 4943 ό
2845 4890 3002 4957 Θεὸς,
3035 4892 3101 4945 τὰ
3129 4891 3186 4943 δὲ
3216 4891 3453 4961 προάγει

1866 4978 1945 5047 τῷ
1974 4977 2285 5049 βούλεσθαι.
2326 4979 2654 5051 Παράξομεν
2685 4981 2743 5033 δὲ
2777 4967 3050 5044 καὶτοὺς
3097 4981 3453 5043 διδασκάλους

1867 5073 2028 5126 τοῦτο
2079 5074 2556 5143 μαρτυρήσοντας.
2603 5075 2892 5140 ’1ουστῖνος
2938 5076 2968 5128 6
3019 5074 3311 5144 φιλόσοφος
3360 5074 3458 5127 καὶ

1874 5163 2085 5235 μάρτυς
2113 5168 2210 5236 τῆς
2236 5164 2495 5235 ἀληθείας
2521 5166 2665 5221 οὕτω
2690 5167 2847 5238 φησί·
2886 5186 2904 5220 ι
2939 5168 3046 5221 Τοῦ
3077 5167 3213 5220 Θεοῦ
3240 5166 3457 5238 ἔχοντος

1869 5262 2060 5315 οὐσίαν
2097 5262 2196 5331 μὲν
2226 5260 2361 5331 πρὸς
2388 5260 2646 5332 ὓπαρξιν,
2674 5261 2930 5332 βούλησιν
2952 5262 3009 5315 δὲ
3038 5260 3177 5328 πρὸς
3213 5262 3452 5331 ποίησιν,

1870 5355 1897 5407 6
1928 5354 2291 5425 ἀπορρίπτων
2320 5353 2511 5417 οὐσίας
2542 5356 2635 5408 καὶ
2667 5355 2866 5425 βουλῆς
2895 5354 2994 5425 τὴν
3046 5354 3315 5423 διαφοράν
3364 5354 3461 5406 καὶ

1872 5447 1971 5518 τὴν
1998 5446 2238 5517 ὓπαρξιν
2270 5450 2605 5519 ἀπορρίπτει
2658 5447 2753 5501 τοῦ
2786 5447 2922 5502 Θεοῦ
2955 5448 3051 5501 καὶ
3084 5449 3184 5518 τὴν
3213 5447 3456 5516 ποίησιν,

1875 5539 2110 5609 ὓπαρξιν
2146 5540 2242 5609 μὲν
2274 5539 2371 5609 τὴν
2397 5538 2587 5601 αὑτοῦ,
2607 5539 2826 5608 ποίησιν
2856 5538 2914 5591 δὲ
2941 5539 3048 5589 τῶν
3079 5538 3179 5589 οὐκ
3208 5536 3396 5587 ὄντων.
3432 5553 3448 5583 ι

1875 5631 1989 5684 Kal
2013 5634 2039 5682 6
2068 5631 2214 5693 θεῖος
2244 5629 2499 5700 Μάξιμος
2530 5634 2588 5683 ἐν
2615 5633 2735 5692 ταῖς
2766 5629 2847 5690 είς
2879 5627 2971 5680 τὸν
2998 5628 3155 5692 άγιον
3176 5624 3455 5677 Διονύσιον

1874 5722 2173 5792 ὲξηγήσεσί
2202 5739 2358 5792 φησι’
2401 5742 2419 5774 ι
2454 5725 2675 5790 Κυρὶως
2710 5722 2805 5776 τοῦ
2856 5721 3116 5791 ἀκινήτου
3148 5719 3241 5772 καὶ
3275 5716 3459 5769 ὡσαύ-

1874 5832 1981 5876 τως
2030 5815 2251 5882 ἔχοντος
2286 5814 2505 5884 λέγεται
2553 5818 2585 5885 ἡ
2622 5816 2699 5879 είς
2730 5814 2800 5867 τὰ
2836 5813 2964 5869 ὄντα
3006 5811 3261 5882 βούλησις
3292 5803 3456 5863 αὑτοῦ
