4168 6434
197 390 336 456 1029

1305 389 1749 454 REFUTATIO
1787 387 2300 451 ARGYROPULI.

3305 389 3329 451 1
3341 387 3449 452 030

190 509 287 562 καὶ⁵
310 506 483 572 οὕτως
509 507 682 581 ἀναζῇ
712 508 1023 577 Σασέλλιος,
1049 509 1080 578 ἢ
1115 509 1170 562 αἱ
1193 509 1452 578 δυνάμεις
1484 509 1696 564 ἔσονται
1729 510 1764 579 ή
1795 514 1838 572 Α
1865 507 1960 560 τοῦ
1989 507 2324 578 Πνεύματος,
2363 508 2470 560 κάκ
2502 506 2693 561 τούτου
2719 507 2814 560 καὶ
2846 506 3138 576 προϐολέα.
3177 505 3317 561 Ἀλλ’
3341 507 3444 562 οὐκ

188 601 336 653 αίτία
360 600 455 654 τοῦ
484 600 642 669 ἁγίου
679 601 1015 672 Πνεῦματος,
1049 601 1078 654 ὃ
1106 603 1195 654 καὶ
1229 603 1433 672 χεῖρον.

269 691 432 745 Ἀλλά
479 693 635 762 καὶὴ
683 693 898 764 μηχανὴ
932 691 1027 746 τοῦ
1073 691 1412 761 σοφίσματος
1460 690 1765 759 καταγέλα-

188 799 334 845 στος.
382 785 574 846 Μόνως
619 786 750 856 γὰρ,
794 786 985 856 φησὶν,
1021 789 1051 840 6
1103 787 1296 857 Πατήρ
1342 787 1489 840 ἐστιν
1545 788 1604 839 ὲν
1651 789 1765 850 τοῖς

188 874 356 938 θείοις
383 876 409 928 6
459 876 623 945 μόνον
667 876 957 948 παράγων,
997 878 1093 931 ἀτε
1129 877 1225 930 τοῦ
1269 877 1404 930 Υίοῦ
1449 876 1569 929 κατ’
1600 877 1764 930 αὑτὸν

185 964 280 1016 καὶ
327 966 669 1034 παράγοντος
720 968 815 1022 καὶ
850 969 1265 1037 παραγομένου,
1303 967 1392 1021 ἵνα
1435 965 1586 1037 δείξῃ
1635 967 1762 1026 τοὺς

188 1057 440 1126 Πατέρας
483 1058 641 1112 τοῦτο
689 1059 1052 1124 σκοποῦντας,
1093 1059 1320 1113 ἐπειδὰν
1360 1059 1580 1126 λέγωσι,
1625 1058 1699 1120 ὠς
1735 1059 1763 1109 6

189 1149 378 1219 Πατὴρ
405 1153 583 1218 μόνως
609 1152 756 1204 αἰτία
797 1151 894 1205 καὶ
934 1152 1069 1221 μόνη
1105 1153 1281 1222 πηγή.
1315 1151 1424 1204 Καὶ
1468 1150 1552 1212 τίς
1589 1149 1764 1212 οὕτως

183 1241 411 1307 ἁπλοῦς,
445 1242 588 1296 ὥστε
636 1244 668 1315 ἢ
714 1243 986 1313 τοσαύτην
1019 1242 1298 1314 ἁπλότητα
1342 1242 1450 1296 τῶν
1501 1242 1762 1311 Πατέρων

180 1337 614 1407 καταγνῶναι,ἧ
667 1338 894 1393 ἐκείνων
938 1338 1082 1392 οὕτω
1129 1337 1518 1410 διοριζομένων
1573 1337 1761 1407 σαφῶς

179 1427 361 1481 θέλειν
390 1431 794 1499 ἀμφισϐητείνς

258 1522 320 1576 El
355 1523 462 1592 γάρ
512 1523 675 1585 αὐτὸς
734 1520 875 1576 οἶδεν
924 1524 1007 1578 ὅτι
1058 1526 1120 1576 τὸ
1171 1524 1462 1578 Λατινικὺν
1516 1524 1762 1592 ἐκλείψει

180 1613 580 1684 συμπέρασμα,
611 1615 677 1668 ἂν
709 1615 783 1686 μή
813 1617 1085 1687 προστεθῇ
1113 1616 1210 1686 τῷ,
1243 1617 1417 1679 Μόνος
1446 1617 1640 1680 αἴτιος,
1666 1617 1761 1670 καὶ

182 1706 346 1775 μόνος
379 1707 550 1772 αίτία,
583 1707 800 1773 οὐκοῦν,
846 1709 878 1778 ἢ
925 1707 1252 1777 ἀγνοοῦντες
1296 1710 1345 1762 οί
1395 1709 1542 1776 ἅγιοι
1581 1709 1761 1776 λέγειν

178 1798 386 1865 καλῶς,
413 1798 665 1868 λέγουσιν
689 1800 861 1853 αἴτιον
895 1801 1056 1871 μόνον
1079 1801 1173 1854 τὸν
1199 1802 1440 1871 Πατέρα,
1463 1803 1617 1863 ῦντος
1641 1818 1758 1865 πως

1870 601 1918 651 εἰ
1947 602 2357 669 προεπινοείται
2387 602 2415 653 6
2461 599 2591 662 Υίδς
2631 598 2724 652 τοῦ
2754 600 3071 669 Πνεῦματος
3104 598 3164 664 ἐξ
3193 601 3445 670 ἀνάγκης

1868 693 1964 745 καὶ
1997 692 2190 755 αἴτιος
2226 693 2309 763 είη
2343 694 2450 764 γὰρ
2481 693 2547 747 ἂν
2587 691 2732 746 οῦτω
2765 694 2858 745 καὶ
2900 696 2927 746 6
2957 692 3145 761 Πατὴρ
3179 693 3271 745 τοῦ
3310 710 3447 761 προ-

1869 782 2068 846 ϐολέως
2110 786 2282 848 αἴτιος
2325 785 2842 854 προεπινοούμενος.
2883 785 2941 837 Et
2980 785 3036 838 δέ
3068 783 3164 837 καὶ
3199 785 3445 854 ἀμυδρό-

1866 893 2025 944 τερον
2053 878 2227 931 ταῦτα
2255 878 2564 947 διενήνοχεν
2594 879 2650 929 ἐν
2684 877 2884 946 Ila-:91,
2917 879 2948 946 ἥ
2985 877 3111 940 Υίδς
3144 877 3237 930 καὶ
3275 877 3446 929 Πνεῦ-

1873 984 1947 1032 μα
1981 968 2049 1018 τὶ
2097 967 2451 1036 προαγόμενα
2488 969 2641 1020 οὐδὲν
2677 968 2945 1036 διαφέρει.
2992 968 3081 1019 Ἐν
3128 965 3298 1034 ὁποίῳ
3334 968 3443 1036 γὰρ

1868 1056 2014 1122 γένει
2043 1056 2274 1109 τιθεῖντο
2305 1057 2404 1124 τῆς
2435 1058 2788 1126 διακρίσεως.
2815 1059 2841 1110 6
2871 1057 3058 1125 Πατὴρ
3088 1056 3237 1108 ἔσται
3271 1055 3446 1116 αἴτιος

1865 1147 1961 1199 τοῦ
1996 1147 2304 1216 προϐολέως
2339 1151 2395 1201 ἐν
2429 1149 2504 1217 τῷ
2540 1149 2734 1218 Πατρί.
2778 1149 2944 1200 Ἀλλά
2966 1148 3127 1201 τοῦτο
3155 1149 3438 1201 ἀδύνατον·

1864 1240 2065 1294 οὐκοῦν
2115 1241 2236 1294 οὐδὲ
2289 1243 2467 1294 ἐκεῖνο
2526 1242 2850 1312 ἀναγκαῖον.
2908 1241 2970 1292 Εἰ
3013 1241 3120 1308 γὰρ
3175 1244 3202 1294 ὀ
3253 1241 3440 1310 Πατὴρ

1867 1337 2277 1401 προεπινοείται
2302 1334 2396 1386 τοῦ
2430 1333 2562 1386 Υἱοῦ
2591 1336 2667 1397 ὡς
2701 1335 2851 1388 αἰτία
2878 1333 3067 1396 αὑτοῦ,
3098 1333 3196 1385 οὐκ
3227 1334 3440 1404 ἀνάγκη

1865 1425 1960 1476 καὶ
1989 1425 2082 1476 τὸν
2118 1425 2246 1478 Υίὸν
2281 1427 2727 1496 προεπινοείσθαι
2761 1427 2847 1480 διά
2883 1427 2982 1496 τὴν
3012 1427 3212 1480 αἰτίαν·
3247 1426 3308 1479 ού
3337 1427 3442 1496 γὰρ

1865 1515 1979 1568 ἔστι
2009 1534 2091 1579 τις
2122 1519 2392 1589 ἀνάγκηή
2429 1521 2588 1572 τοῦτο
2629 1522 2880 1574 ποιοῦσαο
2916 1521 2964 1572 εί
3001 1519 3110 1589 γὰρ
3148 1516 3233 1590 ἦν,
3269 1520 3442 1588 ἔγνω-

1866 1625 1963 1660 σαν
1993 1607 2060 1661 ἂν
2092 1611 2259 1678 αὐτὴν
2289 1613 2337 1663 οἱ
2379 1611 2547 1665 πάλαι
2578 1612 2838 1679 θεολόγοι.

1938 1702 2046 1754 Καὶ
2076 1703 2234 1771 δῆλον
2263 1704 2372 1756 ἀπὸ
2402 1704 2494 1756 τοῦ
2529 1705 2675 1774 ἱεροῦ
2708 1706 2992 1758 Βασιλείου
3024 1705 3274 1772 λέγοντος
3308 1713 3440 1776 περὶ

1866 1795 1964 1862 μὲν
1991 1794 2084 1848 τοῦ
2119 1796 2250 1850 Υἰοῦ
2281 1799 2412 1867 πρὸς
2440 1799 2530 1850 τὸν
2567 1799 2806 1870 Πατέρα,
2845 1801 2965 1861 Πῶς
2997 1801 3062 1854 ἂν
3111 1817 3445 1870 προεπινοη-

179 1889 363 1944 αίτίου
411 1892 504 1946 καὶ
538 1893 631 1946 τοῦ
667 1893 798 1947 Υἱοῦ
831 1895 889 1947 ἐν
935 1897 1003 1966 τῇ
1039 1894 1253 1963 θεότητι
1297 1895 1465 1961 ἔνδον,
1501 1896 1532 1966 ἢ
1581 1897 1631 1949 εί
1682 1895 1757 1965 μὴ
1793 1871 1830 1924 Β
1859 1886 1975 1956 θείη
2012 1889 2040 1941 6
2069 1888 2194 1952 Υἱὸς
2227 1889 2326 1956 τῆς
2358 1888 2492 1951 ἰδίας
2528 1891 2749 1956 alii“;
2789 1891 2918 1962 περὶ
2951 1891 3006 1944 δὲ
3052 1892 3146 1945 τοῦ
3184 1892 3441 1963 Πνεύμα-

175 1981 430 2050 ἠγνόουν,
481 1983 618 2053 ὅπερ
667 1979 808 2038 οῖδεν
855 1985 1039 2048 αὐτὸς,
1088 1986 1352 2053 σιγῶντες
1401 1987 1542 2056 ὅπερ
1592 1984 1756 2048 αὐτὸς

175 2074 527 2145 προστίθησι,
569 2074 649 2145 τῷ
694 2076 972 2148 Δατινικῷ
1015 2081 1448 2152 συμπεράσματι
1497 2079 1593 2133 καὶ
1631 2079 1754 2132 κατ’

174 2164 343 2219 αὑτὸν
375 2167 636 2238 μάχεται.

251 2253 387 2313 Εἶτα
430 2260 524 2313 καὶ⁴
568 2260 727 2328 λόγον
777 2261 845 2314 ἂν
892 2257 1037 2331 εἶχεν
1064 2264 1098 2331 ή
1128 2262 1417 2333 προσθήκη
1457 2262 1553 2316 τοῦ
1592 2263 1751 2334 μόνου

170 2351 320 2418 τινὰ,
359 2352 414 2404 εί
439 2369 523 2416 τις
553 2349 622 2425 ἦν
665 2356 692 2406 6
731 2353 906 2422 λέγων
951 2355 1040 2408 τὸν
1073 2354 1204 2410 Υίὸν
1234 2355 1554 2426 παράγοντα
1589 2353 1752 2418 εἶναι,

169 2443 273 2494 καὶ
299 2446 707 2514 παραγόμενον,
741 2447 835 2500 καὶ
861 2445 1045 2500 αἰτίαν
1083 2447 1178 2500 καὶ
1207 2449 1470 2512 αἰτιατδν,
1501 2449 1534 2519 ἦ
1568 2465 1619 2501 τι
1642 2462 1753 2501 τοι-

167 2535 354 2591 οῦτον.
405 2537 520 2590 Νῦν
561 2537 618 2590 δὲ
653 2539 885 2608 μηδενὸς
928 2541 1087 2594 τοῦτο
1119 2541 1400 2610 λέγοντος,
1435 2542 1550 2604 πῶς
1580 2541 1754 2614 τολμᾷ

131 2690 134 2693 _
168 2622 532 2694 προσθήκαις
563 2626 828 2696 ἀρρήτοις
871 2627 964 2680 τὸν
988 2630 1227 2700 φανερὸν
1267 2630 1393 2684 νοῦν
1443 2633 1752 2701 μεταπλάτ-

165 2731 290 2769 τείν
316 2715 424 2770 τῶν
454 2719 739 2788 πατρικῶν
765 2720 1011 2791 ρήσεωνς

679 2831 1247 2891 ΛΡΓΥΡΟΠΟΥΛΟΣ.

243 2941 483 3013 Φανερδν
510 2941 567 2996 δέ
599 2961 733 3016 φησι
766 2945 847 2999 ὅτι
880 2948 938 3001 al
979 2949 1271 3020 εἰρημέναι
1304 2951 1396 3005 δύο
1427 2951 1684 3025 δυνάμεις
1713 2956 1748 3023 ή

161 3035 297 3088 θεία
338 3037 498 3090 οὐσία
544 3038 764 3102 πάντως
814 3041 952 3108 ἐστὶ,
1004 3045 1099 3095 καὶ
1146 3045 1215 3097 τά
1257 3045 1623 3116 ἀποδιδόμενα
1668 3047 1748 3118 τῷ

158 3126 315 3196 Θεῷ,
348 3126 474 3190 νοῦς
503 3144 562 3180 τε
593 3129 688 3182 καὶ
716 3129 991 3201 βούλησις.
1022 3130 1168 3195 Νοῦς
1198 3132 1252 3186 δὲ
1285 3133 1391 3203 ἄρα
1421 3137 1514 3187 καὶ
1547 3135 1747 3206 βούλη-

163 3234 260 3280 σις
291 3217 653 3289 τελειότητες.

733 3337 1192 3396 ΑΓΔΛΛΙΑΝΟΣ.

240 3448 353 3500 Καὶ
396 3448 562 3502 πόθεν
606 3451 723 3504 ἐστὶ
758 3453 1017 3523 φανερὸν,
1049 3455 1142 3508 καὶ
1191 3456 1274 3519 τίς
1321 3459 1430 3509 τῶν
1486 3454 1765 3528 θεολόγων·

154 3537 342 3591 ταῦτα
372 3541 696 3610 ὲτύπωσεν;
742 3543 904 3596 Ἀλλά
933 3548 1028 3597 καὶ
1070 3546 1227 3601 τοῦτο
1277 3549 1337 3602 τὸ
1387 3551 1552 3620 μέρος
1601 3553 1751 3621 ἐλέγ-

155 3647 305 3700 χειν,
336 3631 524 3703 ἐπειδὴ
551 3636 648 3687 καὶ
674 3635 841 3704 ἄλλης
870 3628 1106 3693 ἅπτεται
1130 3645 1538 3712 πραγματείας,
1568 3645 1749 3699 ἐάσθω

153 3723 225 3776 τό
254 3740 316 3793 γε
344 3723 462 3781 νῦν·
492 3727 562 3780 τά
583 3727 628 3780 δ’
651 3728 904 3782 ἐντεῦθεν
936 3729 1325 3803 θεωρήσωμεν.

672 3841 1244 3900 ΑΡΓΥΡΟΠΟΥΛΟΣ.

232 3956 401 4010 Δυοῖν
445 3956 505 4010 δέ
559 3958 738 4026 ὄντοιν
787 3960 900 4012 τοῖν
957 3963 1369 4031 παραγομένοιν
1429 3965 1746 4032 προσώποιν

156 4047 302 4103 Υίοῦ
333 4067 394 4102 τε
443 4049 539 4103 κοιλ⁵
575 4050 719 4104 θείου
771 4049 1113 4122 Πνεύματος,
1154 4058 1183 4108 6
1236 4057 1334 4125 μὲν
1382 4059 1632 4127 πρόεισιν
1684 4061 1747 4112 ἐκ

153 4139 266 4195 τοῦ
296 4143 510 4209 Πατρὸς
610 4143 817 4219 Πατὴρ,
853 4144 935 4196 διὸ
971 4147 1064 4198 καὶ
1114 4148 1248 4215 πρὸς
1285 4150 1449 4201 αὑτὸν
1484 4152 1749 4221 ἀναφέρε-

159 4249 261 4285 ται
296 4235 361 4302 τῇ
395 4233 626 4302 υίότητι·
660 4235 789 4297 Υίδς
814 4237 921 4306 γὰρ
953 4238 1185 4307 Πατρος,
1214 4238 1403 4310 ὥσπερ
1431 4241 1525 4293 καὶ
1561 4243 1748 4313 Πατὴρ

159 4328 195 4378 6
229 4326 420 4398 Πατὴρ
455 4327 584 4380 Υἱοῦ
621 4327 861 4395 λέγεται.
893 4329 966 4381 Τὸ
1000 4330 1044 4382 δ’
1076 4329 1142 4383 αὖ
1177 4331 1340 4386 πάλιν
1371 4335 1432 4384 ἐκ
1455 4333 1549 4385 τοῦ
1583 4335 1744 4389 αὐτοῦ

159 4415 381 4484 [ἰατρὸς
408 4416 791 4485 ἐκπορεύεται,
819 4419 918 4489 οὐχ
1010 4421 1217 4492 Πατὴρ,
1246 4423 1358 4477 ἀλλ’
1449 4425 1747 4493 προϐολεὺς

149 4507 335 4576 δήπου
368 4507 459 4560 καὶ
491 4508 813 4577 προϐάλλων
835 4511 932 4564 καὶ
960 4512 1158 4577 πνέων,
1185 4514 1279 4566 καὶ
1301 4515 1401 4567 ὅσα
1427 4517 1522 4585 τῆς
1551 4515 1744 4585 ὁμοίας

146 4598 296 4652 ὅντα
321 4600 584 4668 τυγχάνει
620 4600 926 4670 δυνάμεως.

719 4713 1181 4772 ΑΓΑΛΛΙΑΝΟΣ.

246 4823 469 4896 Ἐπειδὴ
499 4826 575 4890 ὠς
620 4827 678 4880 ἐν
725 4828 1069 4900 πορίσματος
1111 4831 1287 4898 τάξει,
1343 4833 1520 4887 καίτοι
1567 4835 1744 4908 μηδα-

147 4921 272 4994 μοῦ
305 4929 570 4994 πρότερον
604 4929 1097 4998 συμπερανάμενος
1119 4932 1216 4994 τὰς
1251 4932 1361 4986 τῶν
1394 4933 1741 5003 Χριστιανῶν

141 5016 340 5086 ἀρχάς
390 5017 626 5082 τέθεικε,
689 5020 786 5073 καὶ
835 5022 1041 5086 ταύτας
1098 5025 1220 5095 μεθ’
1274 5026 1592 5098 ὑπαλλαγῆς
1645 5031 1737 5081 καὶ

144 5110 486 5180 προσθήκης
517 5113 658 5166 κατά
695 5113 756 5165 τὸ
800 5118 1086 5186 συμφέρον
1136 5118 1289 5186 αὐτὸ,
1327 5120 1359 5189 ᾖ
1403 5122 1462 5174 τό
1507 5138 1568 5189 γε
1610 5123 1742 5193 ἀλη-

144 5202 421 5271 θέστερον
452 5203 643 5272 φάναι,
671 5204 766 5256 ἐπὶ
792 5205 968 5279 βλάϐῃ
1003 5211 1067 5278 τῇ
1107 5209 1351 5280 σφετέρᾳ
1381 5213 1740 5283 προσλαμϐά-

141 5313 262 5361 νει,
294 5296 374 5348 ὅτι
403 5299 430 5349 6
465 5297 564 5368 μὲν
599 5296 730 5361 Υἱὸς
768 5299 1016 5369 πρόεισιν
1063 5303 1125 5355 ἐκ
1179 5303 1418 5373 Πατρὸς,
1548 5307 1739 5378 Πατὴρ

140 5391 388 5454 ἐκεῖνος,
419 5389 480 5442 τὸ
504 5391 560 5444 δέ
596 5389 823 5461 Πνεῦμα
857 5394 1215 5464 ἐκπορεύεται
1243 5398 1307 5449 ἐκ
1337 5396 1429 5449 τοῦ
1465 5399 1676 5470 Πατρός

137 5478 462 5551 προὸολεὺς
497 5483 727 5549 ἐκεῖνος,
775 5487 822 5537 εί
866 5487 961 5538 καὶ
1007 5488 1169 5551 αὐτὸς
1218 5489 1457 5558 ἀφελῶς,
1510 5491 1624 5544 ἀλλ’
1656 5495 1738 5546 ὅτι

135 5576 222 5641 τῇ
245 5570 389 5639 λέξει
413 5574 582 5644 δηλοῖ,
604 5577 880 5647 πάσχειδέ
905 5577 1128 5633 τοιαῦτα
1155 5580 1325 5651 μυρία
1344 5585 1401 5635 ἐν
1422 5586 1532 5647 τοῖς
1557 5584 1739 5654 λόγοις

136 5679 392 5728 τούτοις.

225 5753 366 5809 Εἶτα
399 5757 594 5827 ἐπάγει
629 5760 712 5814 ὅτι
743 5764 770 5815 ό
803 5763 992 5835 Πατὴρ
1027 5769 1442 5836 προεπινοείται
1476 5770 1569 5823 τοῦ
1603 5788 1735 5840 προ-

130 5851 377 5920 όνλέως,
411 5853 492 5908 ίνα
542 5855 638 5908 καὶ
680 5855 769 5910 τὸν
804 5857 933 5912 Υίὸν
985 5862 1524 5933 προεπινοησύμενον
1581 5864 1731 5936 δείξῃ

1773 4589 1824 4649 Ι)

1861 1995 1952 2040 τος
1989 1978 2124 2049 πρὸς
2154 1979 2244 2032 τὸν
2274 1979 2421 2045 Υίὺν,
2450 1980 2511 2032 οὐ
2540 1979 2629 2033 τὸν
2673 1980 2837 2033 αὑτὸν
2869 1981 3218 2046 ἀποδιδόντος
3254 1981 3439 2051 λόγον.

1863 2072 1923 2124 Εἰ
1950 2071 2058 2139 γὰρ
2091 2072 2310 2142 ἐφρόνει
2357 2071 2537 2137 τοῦτο,
2568 2073 2672 2126 κᾶν
2711 2074 2919 2143 ἔλεγεν.
2966 2075 3128 2129 ’Λλλά
3163 2076 3215 2129 τί
3261 2093 3434 2146 φησι;

1864 2165 1984 2227 Πῶς
2019 2165 2085 2218 ἂν
2123 2165 2448 2235 διατμηθείη
2485 2168 2518 2235 ἠ
2556 2167 2760 2235 ἀμεσος
2792 2168 2978 2236 σχέσις
3011 2168 3108 2222 τοῦ
3137 2168 3267 2222 Υίοῦ
3300 2171 3440 2240 πρὶς

1859 2260 1949 2311 τὸν
1981 2258 2236 2325 Πατέρα;
2273 2261 2384 2314 Καὶ
2413 2260 2573 2323 αὖθις
2605 2264 2663 2314 ἐν
2692 2263 2758 2333 τῇ
2799 2264 2940 2331 Πρὸς
2973 2264 3072 2326 τάς
3125 2265 3434 2328 κανονικάς·

1873 2347 2011 2400 Ἀλλ’
2058 2347 2178 2401 οὐδὲ
2224 2348 2317 2402 τοῦ
2377 2350 2721 2418 Μονογενοῦς
2777 2352 3044 2422 πρότερον
3096 2354 3156 2406 τὸ
3209 2355 3438 2426 Πνεῦμα

1859 2439 2099 2511 δηλονότι
2122 2441 2181 2493 τὸ
2205 2442 2380 2510 ἆγιον·
2415 2437 2566 2495 οὐδὲν
2585 2443 2692 2514 γὰρ
2726 2443 2893 2512 μέσον
2921 2445 3052 2498 Υίοῦ
3080 2447 3173 2499 καὶ
3197 2448 3434 2517 Πατρός.

1863 2533 1970 2585 Καὶ
2019 2533 2048 2584 6
2090 2532 2342 2601 θεολόγος
2396 2535 2715 2607 Γρηγόριος,
2769 2537 3026 2602 δεδοικὼς
3074 2539 3165 2594 τδν
3215 2541 3438 2611 Πατέρα

1861 2624 2206 2694 προτιμῆσαι
2261 2625 2355 2678 τοῦ
2404 2625 2534 2679 Υίοῦ
2586 2628 2671 2682 διὰ
2725 2628 2824 2699 τὴν
2878 2631 3074 2702 ἀρχὴν,
3134 2632 3211 2702 μὴ
3263 2633 3439 2704 ἀρχὴν

1859 2717 2019 2769 αὑτὸν
2045 2718 2353 2772 ἐλαττόνων
2400 2720 2674 2792 ἀποφήνῃ,
2724 2723 2945 2790 ἐπάγει·
3003 2742 3021 2774 ι
3068 2724 3238 2793 Θέλω,
3278 2728 3435 2797 φησὶ,

1858 2809 1951 2862 τὸν
1984 2809 2112 2862 Υίὸν
2141 2811 2481 2882 προτιμῆσαι
2505 2812 2600 2867 τοῦ
2635 2813 2949 2885 Πνεύματος
2973 2815 3048 2880 ὡς
3079 2818 3222 2882 Υίὸν,
3249 2821 3311 2874 οὐ
3339 2820 3440 2891 μὲν

1859 2900 1952 2955 οὖν
1977 2900 2053 2966 ὠς
2088 2902 2264 2973 ἀρχὴν
2289 2906 2382 2958 καὶ
2413 2904 2598 2959 αὐτόν.
2629 2904 2696 2958 Τί
2722 2909 2830 2978 γάρ
2868 2909 3108 2962 ἐκώλυεν
3140 2912 3187 2963 εί
3219 2913 3440 2984 ἐφρόνει

1860 2993 2022 3047 τοῦτο
2052 2997 2249 3059 εἰπεῖν,
2277 2997 2351 3060 ὡς
2382 2997 2557 3070 ἀρχὴν
2588 3001 2685 3052 καὶ
2713 3000 2876 3053 αὐτὸν
2908 3002 3052 3070 μετά
3092 3002 3187 3056 τοῦ
3224 3007 3440 3076 Πατρὸς

1859 3089 1951 3141 καὶ
1974 3088 2074 3141 οὐκ
2101 3089 2347 3160 ἐδιδάχθη
2365 3090 2525 3145 τοῦτο
2543 3093 2692 3164 παρά
2715 3093 2810 3146 τοῦ
2830 3096 3067 3165 Πατρός;
3086 3096 3250 3152 Ὅθεν
3277 3098 3441 3168 δῆλον

1857 3180 1939 3232 ὅτι
1979 3179 2102 3232 οῦτε
2135 3184 2310 3235 αἴτιον
2340 3185 2614 3255 ἐφρόνουν
2643 3189 2691 3239 οἱ
2730 3187 2968 3257 θεολόγοι
2999 3191 3089 3244 τὸν
3125 3191 3275 3257 Υίδν,
3317 3193 3440 3248 οὑδέ

1857 3271 1947 3325 διὰ
1973 3273 2136 3327 τοῦτο
2167 3275 2421 3340 ἐδόξαζον
2451 3281 2926 3348 προεκφωνεῖσθαι
2959 3283 3122 3337 αὐτὸν
3144 3283 3238 3338 τοῦ
3265 3288 3442 3341 Πνεῦ-

1860 3379 2050 3432 ματος.

1943 3457 2095 3511 Ἐπεὶ
2132 3458 2178 3511 δ’
2203 3461 2557 3531 ἀμωσγέπως
2587 3465 2745 3530 τάξιν
2775 3467 2883 3522 ἔδει
2924 3472 3048 3524 τινὰ
3075 3473 3133 3526 ἐν
3162 3477 3227 3548 τῇ
3259 3479 3441 3547 ἐκφω-

1859 3554 2013 3622 νήσει
2047 3553 2155 3606 τῶν
2190 3554 2349 3606 θείων
2400 3557 2685 3626 ὀνομάτων
2731 3554 2898 3627 εἶναι,
2940 3564 3143 3632 μᾶλλον
3184 3567 3330 3632 εἰκὸς
3370 3564 3440 3640 ἦν

1854 3647 1945 3698 τὸν
1989 3647 2118 3699 Υίδν
2165 3646 2259 3700 τοῦ
2300 3649 2620 3719 Πνεῦματος
2666 3655 3056 3725 προτετάχθαι,
3090 3656 3158 3710 δι’
3193 3659 3328 3713 ἄλλα
3375 3678 3436 3716 τε

1855 3738 2048 3804 πολλὰ,
2084 3742 2180 3793 καὶ
2207 3742 2296 3794 διὰ
2324 3743 2384 3794 τὸ
2415 3743 2510 3814 τὴν
2541 3745 2726 3814 κοινὴν
2751 3747 2928 3816 ἀρχὴν
2963 3748 3146 3803 αὐτῶν
3185 3751 3263 3822 τῷ
3296 3753 3438 3824 πρὸς

1854 3832 1947 3884 τὸν
1979 3832 2108 3884 Υἱὸν
2135 3834 2634 3907 ἀνταναφερομένῳ
2668 3840 3154 3909 προσηγορεῦσθαι
3185 3845 3432 3914 ὀνόματι,

1851 3924 1928 3990 τῷ
1956 3925 2213 3995 πατρικῷ
2245 3926 2522 3995 δηλονότι(
2551 3929 2661 3982 Καὶ
2706 3929 2862 3999 δῆλον
2890 3933 2955 3984 ἐκ
2986 3934 3092 3986 τῶν
3137 3936 3328 4004 ἁγίων,
3361 3939 3439 4003 ὡς

1852 4017 1980 4069 Υίὸν
2009 4019 2297 4086 λεγόντων,
2333 4021 2428 4072 καὶ
2469 4021 2619 4074 οὐδὲν
2670 4023 2834 4090 μέσον
2880 4025 3010 4079 Υίοῦ
3048 4029 3142 4081 καὶ
3195 4031 3432 4101 Πατρὸς,

1855 4110 1952 4162 καὶ
1984 4111 2052 4162 τὰ
2084 4110 2330 4175 τοιαῦτα,
2356 4111 2427 4175 ὡς
2463 4114 2637 4166 αἴτιον
2675 4115 2733 4167 δὲ
2770 4117 3044 4188 οὐδαμῶςο
3078 4121 3139 4174 οὐ
3181 4125 3293 4193 γὰρ
3319 4125 3438 4178 ἐδόν

1850 4217 1939 4252 κει
1972 4203 2085 4264 τοῖς
2132 4203 2309 4271 ἁγίοις
2354 4205 2538 4270 τοῦτο,
2569 4208 2770 4271 πάντες
2821 4209 2877 4263 δέ
2927 4212 3004 4281 τῷ
3058 4215 3232 4284 [la-:9:
3285 4218 3433 4288 μόνῳ

1850 4295 2000 4347 τουτὶ
2034 4297 2436 4366 μαρτυροῦσιν.

2349 4412 2920 4471 ΑΡΓΥΡΟΠΟΥΛΟΣ.

1931 4523 2020 4585 Ὠς
2050 4524 2180 4591 γοῦν
2211 4524 2306 4577 τοῦ
2357 4529 2669 4597 προδολέως
2697 4533 2725 4583 6
2761 4533 2953 4604 Πατὴρ
3000 4544 3430 4612 προεπινοεῖται,
3525 4582 3529 4589 -

1850 4618 1992 4668 κατὰ
2025 4619 2124 4685 μὲν
2157 4619 2216 4671 τὸ
2248 4620 2418 4672 ἀΐδιον
2450 4620 2534 4685 οὒ,
2570 4623 2686 4692 ἅμα
2721 4626 2828 4697 γὰρ
2861 4629 2981 4680 κατ’
3016 4631 3196 4684 ἐκεῖνο
3235 4635 3426 4706 Πατήρ

1845 4727 1903 4763 τε
1937 4712 2031 4763 καὶ
2076 4712 2377 4781 προϐολεὺς
2423 4716 2732 4781 συναῖδίως,
2777 4720 3022 4784 τοιοῦτος
3051 4722 3149 4788 ῶν,
3203 4727 3343 4780 κατά
3370 4731 3427 4783 δὲ

1844 4804 1907 4855 τὸ
1940 4803 2201 4857 δύνασθαι
2250 4808 2343 4857 καὶ
2381 4810 2672 4876 προάγειν,
2713 4814 2983 4884 πρότερον
3017 4818 3126 4885 γὰρ
3163 4821 3253 4872 τον
3298 4822 3426 4876 Υἱὸν

1848 4890 2087 4957 παράγει
2118 4892 2213 4945 τοῦ
2250 4894 2568 4965 Πνεῦματος
2595 4898 2694 4969 ήδη
2731 4903 3026 4971 νοούμενος
3054 4906 3427 4981 ὑφεστηκέναι

1846 4985 1911 5053 τῇ
1956 4985 2090 5053 πρὸς
2111 4987 2200 5038 τὸν
2233 4986 2362 5039 Υίδν
2398 4989 2622 5059 ἰδιότητι
2674 4996 2739 5062 τῇ
2787 4998 3114 5067 πατρὸτητι’
3151 5002 3295 5057 οὕτω
3331 5009 3427 5059 καὶ

1844 5078 1872 5129 6
1905 5077 2031 5142 Υἱὸς
2071 5076 2138 5132 αὖ
2176 5082 2342 5133 πάλιν
2377 5090 2788 5152 πρηεπινοεῖται
2821 5091 2914 5142 τοῦ
2961 5094 3302 5164 Πνεύματος.

2405 5197 2871 5254 ΑΓΑΛΛΙΑΝΟΣ.

1917 5308 2025 5360 Καὶ
2071 5307 2180 5361 ἀπὸ
2224 5309 2382 5373 ποίας
2413 5312 2663 5382 ἀνάγκης
2711 5315 2971 5389 ἐφάνη,ῆ
3010 5320 3097 5373 διὰ
3144 5322 3288 5388 τίνος
3315 5327 3427 5382 τῶν

1846 5401 2115 5470 θεολόγων
2145 5402 2444 5476 ἀπεδείχθη
2473 5408 2554 5458 ὅτι
2599 5409 2627 5460 6
2665 5409 2851 5480 Πατὴρ
2886 5419 3292 5482 προεπινοεῖται
3329 5421 3425 5475 τοῦ

1846 5493 2191 5564 προὸολέως;
2244 5497 2306 5550 Εί
2350 5498 2406 5550 δὲ
2456 5500 2591 5552 διότι
2641 5503 2669 5553 6
2719 5502 2844 5566 Υἱὸς
2893 5505 2988 5559 τοῦ
3041 5510 3428 5582 προϐλήματος

1848 5590 2278 5658 προεπινοεῖται,
2334 5591 2384 5643 εἰ
2445 5593 2581 5662 μηδέ
2635 5594 2664 5646 6
2730 5595 2857 5661 Υίὸς
2910 5607 3313 5668 προεπινοεῖται
3368 5609 3428 5673 ἐξ

1843 5681 2090 5749 ἀνάγκης
2114 5683 2189 5745 ὠς
2220 5684 2418 5748 αἴτιος,
2447 5687 2562 5749 πῶς
2598 5689 2662 5740 ἐκ
2688 5689 2780 5742 τοῦ
2817 5690 2909 5744 τὸν
2936 5694 3238 5766 γεννήτορά
3262 5715 3429 5769 προε-

1843 5773 2152 5826 πινοεῖσθαι
2208 5775 2302 5828 τοῦ
2337 5778 2670 5848 ’προϐολέως
2706 5780 2766 5845 ἐξ
2805 5782 3050 5856 ἀνάγκης
3091 5787 3185 5841 τοῦ
3229 5773 3430 5859 γεννήί-

1844 5884 2014 5936 ματος
2049 5870 2076 5922 ὁ
2120 5870 2246 5934 Υἱὸς
2288 5871 2441 5926 ἔσται
2488 5875 2697 5944 αἴτιος,
2735 5878 2942 5934 Τούτου
2990 5882 3098 5949 γὰρ
3133 5883 3297 5942 ἕνεκα
3328 5889 3431 5953 τὴν
