4168 6434
204 344 331 414 1037

1326 355 1761 416 REFUTATIO
1807 359 2325 426 ARGYROPULI.

3317 366 3451 428 1038

199 465 343 515 ἐστιν
374 462 650 526 ὑπόθεσις,
679 465 744 534 ἢν
785 465 904 532 μετ’
935 465 1224 530 εὐλαϐείας
1255 470 1613 541 ἀποδέχεσθαι
1645 476 1772 542 χρὴ,
1805 479 1845 536 Α
1877 477 2107 546 δύναμιν
2140 496 2150 508 ·
2187 481 2285 546 τῆς
2304 480 2412 546 γὰρ
2445 479 2618 546 αὐτῆς
2669 480 2856 542 οὐσίας
2889 480 2957 533 τὰ
3017 482 3303 548 πρόσωπα,
3356 462 3448 537 κον.ἱ

199 555 260 606 ού
285 553 429 622 λόγῳ
457 554 664 621 ταύτην
691 556 1018 626 ἀνθρωπίνῳ
1061 558 1476 628 διορθουμένους
1534 579 1770 632 παρανο-

203 646 320 711 μεῖν
347 646 427 707 εἰς
458 646 525 698 τά
589 646 844 715 μέγιστα,
904 650 998 702 καὶ
1058 650 1144 702 ἵνα
1213 652 1373 720 μόνον
1425 651 1482 704 ἓν
1530 654 1772 723 εἴπωμεν

203 735 361 802 μόνον
395 735 756 790 ὑποστατικὶν
785 738 877 790 τοῦ
910 739 1120 809 Πατρός
1151 740 1248 810 τὴν
1312 741 1645 812 πατρότητα,
1679 744 1774 797 καὶ

166 826 341 908 ⁸οὕτω
371 827 472 898 τὴν
510 829 781 898 προϐολὴν
812 831 844 901 ἢ
877 831 977 901 τὴν
1023 832 1250 885 πνεῦσιν
1305 836 1772 904 κοινοποιήσωμεν

197 919 274 988 τῷ
307 919 440 990 Υίῷ,
466 922 840 984 ἐπεισοδιῶδές
871 943 922 978 τι
948 925 1044 977 καὶ
1099 923 1369 994 παρέλκον
1423 925 1592 996 αὐτὴν
1638 928 1775 980 ἀπο-

199 1009 412 1077 φαίνειν
433 1029 446 1043 ·
487 1012 624 1066 ὅπου
655 1030 720 1082 γε
757 1013 878 1068 ούδέ
913 1016 1038 1079 τοὺς
1065 1016 1417 1080 διδασκάλους
1443 1017 1774 1088 εὑρίσκομεν

198 1096 660 1174 διακεκριμένως,
699 1105 795 1160 καὶ
822 1106 898 1170 ώς
926 1107 1020 1161 δύο
1060 1109 1235 1164 ταῦτα
1263 1109 1518 1174 νοοῦντας
1577 1113 1635 1166 ἐν
1697 1109 1773 1179 τῷ

200 1195 396 1264 Πατρί,
430 1195 543 1249 ἀλλ’
573 1197 650 1262 ώς
677 1198 808 1267 μίαν
859 1201 1228 1276 ὑποστατικὴν
1265 1203 1522 1274 ἰδιότητα,
1546 1203 1580 1274 ἢ
1602 1219 1772 1272 προσ-

195 1288 413 1358 ωπικὴν
463 1289 802 1362 τελειότητα,
832 1293 1183 1359 ἀποδιδόντας
1227 1295 1378 1366 αὐτῷ
1423 1296 1522 1367 τὴν
1570 1295 1774 1366 πατρό-

193 1398 361 1451 τητα,
396 1381 430 1452 ἢ
470 1381 570 1454 τὴν
629 1385 1021 1455 καρπογονίαν,
1056 1389 1090 1458 ἢ
1125 1388 1226 1458 τὴν
1275 1389 1633 1460 θεογονίαν,ἧ
1675 1388 1775 1458 τὴν

197 1473 399 1538 αἰτίαν,
436 1472 470 1544 ὴ
501 1490 553 1527 τι
603 1473 712 1528 τῶν
760 1477 986 1533 λοιπῶν.
1021 1478 1155 1533 Ούδέ
1183 1479 1291 1548 7&9
1321 1481 1438 1548 εἰκῇ
1478 1480 1775 1550 Γρηγόριος

195 1565 259 1618 τὺ
289 1565 475 1636 Πατὴρ
505 1566 678 1636 ὄνομα
701 1569 782 1631 εἰς
808 1570 1107 1640 γεννήτορα
1128 1570 1426 1635 ἀντὲπτυξε
1459 1573 1556 1625 καὶ
1581 1571 1778 1643 προϐο-

195 1657 317 1712 λέα.
359 1659 448 1712 Ἐν
499 1659 597 1728 μὲν
623 1660 732 1731 γὰρ
760 1663 826 1731 τῇ
861 1662 1000 1731 πρὸς
1025 1663 1116 1717 τὶν
1140 1663 1266 1716 Υἰδν
1298 1664 1602 1733 παραθέσει
1630 1664 1780 1735 δηλοῖ

193 1751 291 1804 τὸν
313 1751 609 1821 γεννῶνταο
637 1753 767 1806 ὅταν
799 1754 858 1807 δὲ
905 1754 1094 1817 ἁπλῶς
1151 1755 1378 1826 λέγηται
1429 1755 1642 1827 Πατὴρ,
1701 1757 1776 1820 ώς

192 1845 391 1909 αίτιον,
417 1845 573 1916 φησί,
603 1845 702 1917 τῆς
731 1847 790 1900 ἐν
814 1847 930 1918 Υἱῷ
960 1849 1056 1901 καὶ
1087 1849 1364 1920 Πνεύματι
1394 1850 1775 1922 θεωρουμένης

193 1939 448 2008 θεότητος
480 1939 887 2008 ἐκλαμϐάνεται
921 1957 936 1975 ο
967 1942 1054 1996 διὰ
1107 1942 1263 1997 τοῦτο
1299 1944 1395 1996 καί
1457 1944 1620 2013 μόνος
1666 1945 1776 1996 Πα-

190 2030 322 2100 τὴρ,
347 2031 464 2101 ῆτοι
490 2031 650 2101 μόνος
677 2032 851 2097 αἴτιος
897 2034 994 2087 καὶ
1041 2035 1100 2087 ού
1158 2037 1298 2106 μετά
1340 2037 1620 2104 συζυγίας.
1687 2037 1775 2100 Ὠς

191 2121 377 2175 τοίνυν
400 2122 708 2192 ύφιστῶσαι
732 2124 794 2178 τὸ
847 2127 1116 2196 πατρικὸν
1149 2129 1460 2197 πρόσωπον,
1500 2131 1775 2201 πατρότης

190 2214 294 2266 καὶ
324 2214 588 2286 προϐολὴ,
620 2216 654 2271 ἀ
681 2217 746 2288 δὴ
782 2220 979 2284 κοινῶς
1009 2216 1165 2284 αὖθις
1209 2222 1313 2276 ὑπὸ
1343 2225 1419 2294 τῷ
1448 2224 1545 2294 τῆς
1574 2225 1775 2296 πατρό-

189 2321 378 2374 τητος,
413 2306 446 2375 ἢ
482 2309 574 2360 καὶ
614 2309 797 2378 βούλει
831 2327 916 2378 γε,
957 2311 1035 2381 τῷ
1062 2313 1160 2383 τῆς
1189 2314 1521 2385 ἀγεννησίας
1549 2317 1773 2385 ὀνόματι

190 2396 257 2448 τδ
282 2397 551 2467 πατρικὸν
574 2403 1044 2472 χαρακτηρίζουσι
1078 2405 1371 2476 πρόσωπον
1394 2408 1486 2460 καὶ
1505 2407 1775 2478 τελειότη-

188 2489 287 2549 τές
311 2489 419 2542 είσι
449 2490 545 2544 τοῦ
587 2493 859 2562 πατρικοῦ
905 2495 1105 2565 τρόπον
1148 2497 1292 2562 τινὰ,
1355 2499 1417 2552 ού
1458 2499 1566 2569 γὰρ
1616 2501 1774 2567 μόνον

187 2579 296 2648 τῆς
320 2579 539 2648 φύσεως
584 2583 860 2654 τελειότης
957 2591 1106 2642 ἐστιν
1154 2590 1343 2654 ἁπλῶς
1391 2591 1591 2657 ότιοῦν,
1638 2593 1776 2646 ἀλλά

189 2672 295 2727 καὶ
313 2672 411 2742 τῆς
462 2674 814 2741 ὑποστάσεως
868 2673 902 2751 ᾖ
933 2681 1049 2733 ἐστι
1080 2681 1196 2734 τόδε
1230 2700 1280 2735 τι
1315 2699 1329 2714 ο
1379 2684 1460 2736 διὸ
1499 2687 1593 2739 καὶ
1650 2684 1778 2737 ἰδιό-

187 2775 369 2841 τητας
423 2764 472 2815 οἰ
531 2764 844 2820 διδάσκαλοι
896 2768 994 2831 τὰς
1036 2768 1137 2837 μὲν
1195 2769 1293 2838 τῆς
1354 2770 1501 2834 Θείας
1553 2769 1777 2824 καλοῦσι

187 2852 440 2920 φύσεως,
471 2854 571 2919 τάς
599 2857 656 2910 δὲ
691 2858 933 2929 ἑκάστης
958 2859 1066 2914 τῶν
1115 2861 1487 2917 ύποστάσεων.
1526 2863 1612 2927 Ὦς
1647 2865 1776 2931 γοῦν

184 2947 538 3016 τελειότητές
563 2968 713 3014 τινες
774 2948 932 3008 οὖσαι
964 2956 1020 3007 αἰ
1064 2954 1422 3010 ὑποστατικαὶ
1490 2957 1772 3026 ἰδιότητες,

183 3033 227 3114 ᾖ
264 3040 369 3094 εἰσι
401 3044 726 3100 συστατικαί
749 3046 1077 3116 προσώπων,
1107 3049 1202 3103 καὶ
1241 3051 1410 3120 ἀρχαὶ
1467 3051 1574 3104 τῶν
1621 3052 1776 3119 ἐνερ-

184 3133 385 3201 γειῶν,
411 3137 519 3189 εἰσὶ
550 3141 643 3190 καί
673 3139 782 3192 τῶν
811 3139 1096 3209 δυνάμεων
1135 3142 1230 3194 καὶ
1261 3142 1502 3211 προόδων
1533 3143 1636 3206 ἔτι,
1665 3144 1776 3197 εἴτε
1805 3156 1848 3214 c

189 3225 316 3277 τῶν
365 3227 755 3298 ἐνεργετικῶς,
788 3231 901 3285 εἴτε
927 3231 1036 3283 τῶν
1060 3231 1396 3303 παθητικῶς
1445 3235 1779 3303 νοουμένων,

187 3319 299 3372 καὶ
327 3319 499 3384 οὕτως
529 3321 582 3373 εί
609 3321 667 3374 τὸ
690 3339 860 3392 πατρι
885 3325 981 3377 κδν
1005 3325 1266 3394 ὑφίστησι
1292 3327 1584 3394 πρόσωπον
1613 3331 1670 3381 ἐν
1699 3329 1780 3398 τῷ

186 3414 556 3484 ἁκοινωνήτῳ
582 3409 723 3468 εἶναι
753 3417 786 3486 ὴ
812 3417 1187 3485 θεογονίακαὶ
1211 3419 1245 3485 ὴ
1289 3419 1586 3487 πατρότης,
1621 3421 1715 3474 καὶ
1746 3423 1778 3490 ἡ

183 3504 306 3574 τῆς
340 3503 594 3572 θεότητος
644 3505 787 3577 ἀρχὴ
819 3508 913 3560 καὶ
941 3507 1001 3560 τό
1027 3507 1221 3574 αῖτιον,
1257 3510 1352 3563 καί⁷
1382 3511 1409 3563 ὃ
1451 3529 1504 3564 τι
1536 3510 1782 3582 βούλοιτό

184 3614 288 3659 τις
316 3596 425 3649 τῶν
445 3599 904 3669 τοιουτοτρόπων,
935 3591 1010 3653 ὧν
1033 3599 1264 3655 ἕκαστον
1294 3604 1592 3672 σαφηνείας
1618 3603 1782 3657 ἕνεκα

185 3692 285 3750 εἰς
337 3689 654 3760 πατρότητα
682 3690 776 3742 καὶ
816 3690 1042 3743 πνεῦσιν
1077 3691 1416 3763 διαιροῦμεν,
1450 3697 1547 3756 τὰς
1567 3694 1782 3757 εἰδικῶς

184 3782 506 3851 λεγομένας
555 3781 642 3835 διὰ
693 3782 762 3834 τά
795 3783 1173 3854 προαγόμενα.
1246 3784 1308 3837 Ἦ
1337 3783 1394 3837 δὲ
1444 3786 1783 3855 ύποστατικὴ

191 3876 410 3944 ἰδιότης
440 3873 586 3945 ἀρχὴ
626 3874 736 3928 τῶν
765 3874 858 3928 τοῦ
894 3875 1190 3944 προσώπου
1219 3876 1514 3946 ἐνεργειῶν
1543 3878 1658 3929 ἐστι
1694 3879 1786 3928 καὶ

185 3969 507 4038 δυνάμεων,
545 3963 786 4041 ᾖτοιάδε
842 3969 1135 4038 πρόσωπόν
1181 3971 1320 4033 ἐστι,
1370 3969 1585 4038 ἐκείνης
1618 3969 1786 4039 οῦσης

187 4062 602 4133 ἀκοινωνήτου,
622 4063 909 4115 καὶταῦτα
932 4063 1112 4117 πάντα
1134 4064 1473 4131 ἀκοινώνητα
1496 4058 1637 4116 εἶναι
1656 4065 1782 4132 χρη.

278 4157 395 4209 Καὶ
426 4157 535 4210 τῶν
572 4156 673 4225 μὲν
709 4156 992 4226 ίδιοτήτων
1019 4159 1118 4226 τῆς
1168 4155 1382 4222 φύσεως
1424 4158 1787 4225 κοινωνουμέ-

183 4268 311 4304 νων
342 4251 454 4312 τοῖς
501 4251 565 4301 ἐκ
599 4248 828 4319 Πατρὸς,
883 4248 1084 4318 ἀληθές
1138 4251 1287 4302 ἐστιν
1334 4249 1528 4314 εἰπεῖν,
1587 4248 1669 4301 ὅτι
1713 4247 1789 4317 τῷ

181 4343 390 4414 τρόπῳ
419 4342 701 4411 διενήνοχε
734 4343 894 4411 μόνον
925 4357 940 4372 '
967 4347 1063 4394 καὶ
1112 4341 1189 4411 τῷ
1249 4343 1349 4410 μέν
1389 4343 1564 4408 Πατρὶ
1592 4343 1790 4411 πηγαί-

179 4455 274 4499 ως
309 4436 400 4489 καὶ
455 4434 713 4497 ἀναιτίως
745 4436 840 4487 καὶ
870 4434 936 4488 τὰ
966 4435 1214 4500 τοιαῦτα,
1250 4433 1525 4503 ἀγαθότης
1557 4435 1665 4504 γάρ
1695 4437 1788 4488 καὶ

1876 574 1970 634 τάς
2006 571 2175 632 αὑτὰς
2205 573 2318 641 ἔχει
2357 572 2626 639 δήπουθεν
2653 573 3022 644 τελειότητας.

2436 687 2890 740 ΔΓΑΛΛΙΑΝυΣ.

1959 800 2289 870 ’Υπέρευγε.
2324 803 2431 855 Καὶ
2458 804 2593 864 πῶς,
2618 797 2661 854 ὦ
2684 802 2978 872 θαυμάσιε,
3003 804 3315 872 γεννητικὸν
3344 805 3449 872 ἄρα

1875 893 1967 946 καί
1994 892 2360 963 προϐλητικὺν
2389 895 2449 946 τὸ
2477 894 2770 961 πρόσωπον
2799 894 2892 946 τοῦ
2927 895 3113 965 Υἰοῦῆ
3164 896 3257 948 τοῦ
3294 898 3451 962 ἁγίου

1875 983 2234 1052 Πνεύματος;
2269 984 2336 1038 "H
2366 983 2518 1037 ἔσται
2553 1002 2604 1038 τι
2633 987 2960 1056 γεννητικὴν
3007 987 3238 1056 δύναμιν
3304 989 3446 1056 ἔχον,

1874 1077 1934 1128 οὑ
1965 1076 2302 1145 γεννητικὸν,
2329 1077 2362 1147 ὴ
2401 1077 2715 1147 γεννητικόν
2757 1094 2807 1129 τι
2849 1077 3023 1142 ἔσται,
3059 1080 3113 1130 ἐν
3145 1082 3258 1142 τοῖς
3286 1079 3448 1140 θείοις

1876 1168 2082 1235 γεννῶν
2109 1169 2166 1222 δέ
2196 1169 2472 1234 οὐδέποτε,
2505 1170 2643 1222 ἀλλά
2692 1168 2889 1239 ψεῦδός
2928 1170 3045 1221 ἐστι
3097 1170 3159 1223 τὸ
3193 1171 3448 1224 καθόλου.

1881 1261 2069 1315 Δίδωσι
2099 1263 2286 1327 μέντοι
2310 1261 2409 1332 τὴν
2447 1262 2597 1314 θείαν
2628 1259 2816 1315 οὐσίαν
2845 1261 3028 1323 αὐτοῖς
3062 1262 3089 1313 ό
3120 1263 3331 1331 Πατὴρ,
3358 1265 3452 1315 καὶ

1875 1353 2118 1423 ὅσαιτῆς
2145 1355 2362 1423 φύσεως
2406 1355 2763 1423 τελειότητες,
2795 1356 2854 1409 οὐ
2901 1357 3008 1427 μὴν
3052 1355 3151 1426 τὴν
3207 1373 3449 1424 γεννητι-

1878 1448 2041 1520 κὴνῆ
2084 1449 2458 1520 προϐλητικὴν
2507 1448 2738 1519 δύναμιν
2774 1465 2789 1480 ο
2845 1449 2906 1502 οὐ
2955 1449 3062 1520 γάρ
3115 1467 3174 1500 τε
3234 1448 3448 1517 φύσεως

1879 1541 2065 1603 ἁπλῶς
2098 1544 2203 1594 είσι
2229 1540 2586 1609 τελειότητες,
2616 1540 2752 1592 ἀλλά
2780 1541 2875 1592 τοῦ
2927 1541 3200 1610 πατρικοῦ
3233 1540 3451 1611 προσώ-

1880 1647 1981 1684 που
2015 1628 2089 1692 ὡς
2129 1628 2327 1697 ἰδιότης
2350 1627 2515 1681 αὐτοῦ
2545 1645 2559 1660 ο
2599 1627 2681 1681 διὸ
2729 1629 2824 1682 καὶ
2878 1629 3256 1698 ἀκοινωνήτως
3311 1631 3451 1683 εἰσὶν

1881 1723 1939 1774 ἐν
1959 1721 2036 1786 τῷ
2069 1721 2267 1791 Πατρί,
2287 1720 2362 1783 ώς
2393 1720 2682 1774 δέδεικται.
2712 1721 2793 1772 Τά
2821 1720 2930 1788 γὰρ
2960 1720 3237 1790 θεοπρεπῆ
3295 1722 3454 1808 μόνω

1808 1815 1848 1870 Β
1876 1813 1972 1885 ὅλῃ
2027 1815 2091 1881 τῇ
2129 1811 2360 1882 θεαρχίᾳ
2385 1813 2667 1882 πρόσεστι,
2700 1815 2793 1865 καὶ
2841 1811 2908 1864 τὰ
2966 1812 3061 1882 ὅλῃ
3106 1815 3170 1881 τῇ
3227 1801 3455 1880 θεαρᾷῖᾲ

1879 1904 2159 1974 πρέποντα
2189 1901 2342 1956 ταῦτ’
2376 1903 2443 1956 ἂν
2486 1895 2595 1954 εἷεν
2624 1904 2677 1955 αἰ
2707 1903 3032 1983 θεοπρεπεῖς
3090 1901 3449 1970 τελειότητες.

1882 1999 2022 2051 Ὄσα
2045 1997 2101 2050 δὲ
2132 1993 2199 2050 αὖ
2242 1997 2314 2068 μὴ
2345 1997 2442 2067 ὅλῃ
2477 1995 2707 2068 θεαρχίᾳ
2767 1996 3053 2064 πρόσεστι,
3106 1995 3453 2063 προσωπικαί

1878 2092 2015 2145 είσιν
2050 2090 2310 2159 ἰδιότητες
2339 2104 2352 2118 ·
2387 2090 2481 2142 καί
2515 2088 2657 2158 ἀπερ
2686 2089 2829 2150 ἰδίως
2855 2089 2934 2140 ἐνὶ
2985 2088 3187 2157 πρέπει
3235 2086 3449 2155 προσώ.

1880 2202 1987 2252 πῳ,
2017 2184 2115 2236 οὐκ
2146 2183 2210 2238 ἂν
2236 2184 2333 2252 τῆς
2365 2181 2585 2251 φύσεως
2631 2180 2874 2245 λέγοιντο
2936 2181 3298 2251 τελειότητες,
3334 2183 3454 2232 ἐπεὶ

1876 2280 1944 2333 τά
1980 2278 2098 2331 θεῖα
2141 2277 2410 2348 πρόσωπα
2462 2275 2640 2328 πάντα
2689 2275 2826 2344 αῦτη
2887 2274 3268 2344 διαλαμϐάνει,
3319 2273 3454 2326 ἀλλὰ

1882 2368 2080 2439 μᾶλλον
2109 2369 2183 2431 ώς
2206 2369 2261 2420 ἐν
2291 2365 2370 2437 τῷ
2400 2366 2678 2437 προσώπῳ
2717 2366 2853 2418 είσίν
2889 2365 3102 2435 ἐκείνῳ,
3138 2367 3228 2420 καί
3281 2364 3453 2430 οὕτως

1880 2461 1945 2515 ἂν
1968 2457 2077 2513 εἶεν
2127 2459 2329 2529 μᾶλλον
2364 2459 2737 2530 προσωπικαί.

2376 2596 2946 2650 ΑΡΓΥΡΟΠΟΥΛΟΣ.

1963 2712 2122 2766 Ἀλλά
2160 2713 2266 2782 μὴν
2319 2711 2401 2764 ὅθ’
2465 2711 2591 2774 Υίὺς
2645 2712 2925 2782 παρήγετο
2994 2714 3056 2765 ἐκ
3111 2712 3342 2781 Πατρός,
3396 2712 3455 2764 οὐ

1881 2805 2078 2858 νοεῖται
2103 2802 2163 2855 τὸ
2191 2800 2416 2859 Πνεῦμα
2447 2804 2507 2854 τὸ
2535 2802 2690 2870 ἆγιον
2723 2805 2785 2854 ἐκ
2807 2801 2903 2855 τοῦ
2957 2802 3170 2871 Πατρὸς
3226 2802 3300 2863 ώς
3332 2819 3460 2870 προ-

1880 2897 2081 2959 ϐολέως
2119 2895 2505 2967 παράγεσθαι·
2538 2895 2950 2963 προεπινοεῖται
2980 2894 3090 2962 γάρ
3118 2895 3146 2947 ό
3198 2895 3386 2964 Πατὴρ

1880 2989 2093 3060 Πατὴρ,
2121 2987 2216 3042 τοῦ
2256 2987 2564 3058 προϐολέως
2662 2986 2986 3056 προϐολεὺς,
3012 2988 3087 3051 ὠς
3112 2987 3349 3056 ἐλέγετο.

2445 3095 2898 3178 ΑΓᾸΑΑιΑΝοΣ.

1967 3239 2130 3294 Ἀλλά
2159 3238 2472 3292 τούναντίον
2502 3238 2786 3302 ἀπέδειξεν
2807 3238 2836 3291 ὀ
2859 3237 3034 3304 λόγος,
3070 3238 3151 3290 ὅτι
3196 3236 3289 3290 τοῦ
3331 3238 3458 3290 Υἱοῦ

1883 3336 2166 3405 προίόντος
2191 3336 2255 3387 ἐκ
2288 3331 2384 3386 τοῦ
2420 3331 2627 3400 Πατρὸς
2660 3326 2693 3404 ᾖ
2748 3332 3029 3401 γεννήτωρ
3076 3333 3223 3384 ἐστὶν
3276 3334 3304 3384 ό
3355 3333 3462 3385 Πα-

1880 3431 2006 3498 τὴρ,
2041 3427 2157 3497 ἅμα
2180 3428 2272 3480 καὶ
2300 3424 2359 3478 τὸ
2390 3425 2612 3492 Πνεῦμα
2645 3425 2704 3478 τὸ
2743 3424 2897 3489 ἆγιον
2919 3426 2982 3478 ἐκ
3008 3423 3100 3476 τοῦ
3128 3422 3294 3478 αὐτοῦ
3347 3427 3461 3478 Πα-

1881 3522 2006 3592 τρὸς
2034 3522 2110 3584 ώς
2139 3519 2448 3588 προϐολέως
2475 3519 2714 3589 πρόεισι.
2745 3520 2854 3573 Καὶ
2881 3520 2938 3570 ἐν
2983 3517 3060 3588 τῷ
3129 3518 3301 3587 Πατρί
3364 3518 3461 3587 μὲν

1882 3617 1909 3666 ὁ
1957 3614 2241 3683 γεννήτωρ
2297 3612 2359 3664 ού
2406 3614 2808 3679 προεπινοεῖται
2952 3611 3010 3661 ἐν
3069 3609 3264 3677 Πατρί,
3326 3609 3460 3662 ἀλλά

1883 3707 2016 3759 διότι
2043 3707 2135 3758 τὸν
2163 3705 2290 3757 Υἰὸν
2325 3703 2418 3756 τοῦ
2456 3703 2772 3772 Πνεύματος
2805 3701 3237 3772 προεπινοοῦμεν
3266 3702 3330 3755 ἐκ
3365 3703 3463 3770 τῆς

1882 3799 1990 3852 τῶν
2055 3798 2340 3866 ὀνομάτων
2396 3796 2720 3858 ἀκολουθίας
2773 3795 2867 3848 τοῦ
2931 3795 3201 3865 πατρικοῦ
3247 3812 3305 3848 τε
3369 3797 3463 3848 καὶ

1887 3890 2063 3944 υίικοῦ
2082 3889 2480 3958 συνελκομένης
2510 3889 2608 3954 τῆς
2643 3888 2868 3957 γενικῆς
2891 3887 2984 3941 τοῦ
3019 3886 3230 3956 Πατρὸς
3285 3904 3463 3956 σημα-

1889 3983 2031 4044 σίας,
2059 3974 2102 4049 ἢ
2125 3981 2382 4051 σημαίνει
2411 3980 2503 4032 τὸν
2545 3981 2740 4042 αῖτιον,
2774 3979 2854 4041 είς
2885 3979 2983 4046 τὴν
3031 3977 3239 4046 εἰδικὴν
3340 3977 3462 4045 βού-

1887 4075 2035 4126 λεται
2057 4074 2147 4126 τὸν
2179 4073 2479 4141 γεννῶντα.
2547 4069 2833 4123 Ἐντεῦθεν
2889 4071 2984 4124 καὶ
3025 4069 3117 4122 τὸν
3161 4070 3463 4138 γεννήτορά

1887 4166 1982 4220 τοῦ
2013 4167 2326 4238 προϐολέως
2361 4163 2817 4234 προεπινοοῦμεν.
2853 4164 2945 4216 Δεῖ
2992 4163 3100 4231 γάρ
3130 4153 3173 4228 ᾧ
3224 4160 3359 4230 πρὸς
3404 4162 3465 4213 τὸ

1890 4258 2276 4322 ἐπινοούμενον
2306 4261 2332 4311 ό
2367 4257 2554 4326 Πατὴρ
2600 4256 2896 4326 πρόσωπον
2927 4255 3280 4322 ἀναφέρεται,
3307 4251 3466 4304 τοῦτο

1890 4352 1985 4405 καὶ
2008 4353 2065 4404 ἐν
2088 4352 2165 4422 τῷ
2202 4352 2376 4421 Πατρὶ
2411 4349 2763 4422 προεπινοεῖν
2786 4348 2932 4418 ἡμᾶς
2989 4348 3084 4399 τοῦ
3121 4341 3164 4414 ᾧ
3224 4347 3362 4415 πρὸς
3406 4344 3468 4396 τὸ

1891 4445 2078 4498 λοιπὸν
2106 4444 2465 4512 ἀναφέρεται,
2495 4442 2569 4505 ὡς
2617 4441 2684 4494 ἂν
2714 4440 2933 4503 οἰκείως
2961 4440 3142 4492 πάντα
3198 4441 3467 4493 ἀποδιδοῖσ

181 4527 370 4597 σοφία
394 4528 488 4582 καί
535 4528 910 4597 δημιουργικὴ
943 4527 1174 4596 δύναμις
1215 4528 1309 4581 καὶ
1335 4527 1402 4579 τὰ
1451 4525 1676 4582 τοιαῦτα
1723 4528 1782 4582 ἓν
1813 4518 1862 4579 D
1889 4555 1970 4601 το,
2005 4539 2108 4590 κάν
2136 4536 2257 4599 ταῖς
2292 4534 2669 4605 προεπινοίαις
2694 4534 2908 4594 αὑταῖς.
2941 4533 3050 4585 Καὶ
3096 4531 3264 4600 μηδὲν
3321 4533 3468 4600 ἀπᾷ-
3529 4525 3536 4530 ’

179 4625 344 4678 εἰσιν
383 4619 600 4690 ἀριθμῷ
633 4622 691 4672 ἐν
724 4621 900 4689 Πατρί
931 4622 1025 4674 καὶ
1050 4621 1164 4691 Υίῷ
1225 4624 1317 4675 καὶ
1345 4623 1487 4693 ἁγίῳ
1529 4625 1784 4695 Πνεύμα-

181 4734 271 4782 τι,
324 4714 458 4781 μετά
489 4715 693 4783 ταύτης
727 4713 912 4782 μέντοι
958 4713 1072 4782 ’τῆς
1126 4713 1428 4784 εἰρημένης
1493 4715 1783 4785 διαφορᾶς,

179 4813 280 4865 ὃτι
334 4807 541 4861 ἐκεῖθέν
598 4809 738 4859 εἰσιν
794 4806 978 4869 αὐτοῖς
1043 4809 1307 4877 συμφυὼς
1339 4825 1352 4838 ·
1391 4808 1500 4862 τῶν
1565 4810 1622 4862 δὲ
1685 4811 1785 4881 τῆς

181 4900 554 4962 ὑποστάσεως
626 4900 774 4953 ἰδίων
835 4901 1217 4972 ἀκοινωνήτως
1259 4902 1430 4955 ὄντων
1474 4904 1532 4956 ἐν
1562 4904 1641 4974 τῷ
1667 4904 1780 4956 Πα-

179 4997 289 5063 τρὶ
349 4993 557 5061 κόμπος
607 4991 768 5055 ἄλλος
787 4993 882 5044 καὶ
909 4993 1113 5056 κτύπος
1161 4996 1323 5064 μόνον
1369 4997 1554 5050 ἐκεῖνα
1607 4998 1788 5051 πάντα

179 5085 266 5138 τὰ
337 5084 576 5156 ῥήματα,
637 5084 736 5137 ὅσα
801 5085 1161 5155 συμφορήσας
1220 5087 1554 5150 ἐκτέθεικεν.
1593 5087 1787 5140 Ἔνθεν

181 5194 282 5230 τοι
339 5176 432 5229 καὶ
483 5176 558 5239 ώς
605 5176 950 5248 ἐληλεγμένα
1009 5181 1105 5230 καὶ
1161 5180 1274 5239 τοῖς
1345 5178 1585 5247 πρόσθεν
1631 5181 1784 5250 είρη-

187 5271 417 5342 μένοις,
469 5269 655 5326 ἐατέον
723 5272 856 5339 ἡμῖν
903 5272 1051 5323 ἐστιν
1111 5271 1251 5324 αὐτὰ
1291 5273 1588 5340 συντομίας
1621 5288 1784 5342 φρον-

183 5362 468 5426 στίζουσιν.

711 5500 1281 5555 ΑΡΓΥΡΟΠΟΥΛΟΣ.

270 5635 549 5706 Παράγων
577 5636 760 5690 τοίνυν
793 5639 821 5691 ό
851 5637 1043 5709 Πατὴρ
1069 5635 1160 5691 τὸν
1191 5638 1319 5691 Υίδν
1373 5639 1589 5693 δίδωσιν
1639 5639 1789 5710 αύτῷ

183 5732 304 5799 τὴν
337 5728 490 5783 θείαν
513 5730 724 5794 οὐσίαν,
761 5730 858 5785 καὶ
881 5731 1002 5784 ὅσαι
1043 5749 1162 5795 πως
1216 5732 1389 5800 αὐτῆς
1428 5733 1786 5805 τελειότητες,

183 5823 347 5880 ὥστε
372 5823 466 5876 καὶ
493 5823 590 5886 τὴν
631 5823 961 5890 γεννητικὴν
987 5828 1081 5881 καί⁵
1109 5827 1208 5892 τὴν
1243 5827 1616 5894 προϐλητικὴν
1671 5826 1788 5893 ἃμα

1891 4629 1980 4681 δον
2007 4631 2127 4691 ταῖς
2157 4628 2386 4696 ἰδιότησι
2411 4629 2521 4680 τῶν
2569 4626 2878 4696 προσώπων
2941 4624 3227 4693 συμϐαίνει
3269 4623 3356 4676 διὰ
3411 4625 3470 4674 τὺ

1896 4719 1972 4787 μὴ
2005 4719 2266 4771 δύνασθαι
2305 4717 2373 4770 τὰ
2405 4719 2519 4787 ἅμα
2545 4717 2672 4770 ὄντα
2735 4718 2828 4770 καὶ
2863 4717 3126 4786 προϊόντα
3161 4719 3304 4768 νοεῖν
3356 4715 3471 4783 ἅμα

1894 4809 1987 4860 καὶ
2015 4807 2217 4876 λέγειν,
2252 4805 2369 4859 ἀλλ’
2402 4807 2624 4876 ἐφεξῆς,
2653 4808 2710 4869 ὃς
2733 4807 2879 4859 ἐστιν
2905 4809 2934 4859 ὁ
2973 4806 3176 4876 τρόπος
3200 4805 3299 4878 τῆς
3339 4808 3474 4874 ήμε-
3517 4828 3521 4831 ·

1894 4902 2061 4969 τέρας
2098 4899 2359 4970 νοήσεως,
2390 4899 2451 4953 οὐ
2483 4899 2570 4952 διὰ
2601 4899 2663 4951 τὺ
2708 4897 2806 4968 τὴν
2860 4899 3188 4966 γεννητικὴν
3239 4897 3472 4963 δύναμιν

1895 4994 2119 5062 φθάνειν
2149 4995 2209 5044 ἐν
2257 4992 2336 5062 τῷ
2393 4993 2567 5061 Πατρὶ
2605 4992 2986 5060 τελειουμένην
3027 4989 3103 5052 τῷ
3147 4991 3291 5059 ἔργῳ
3343 4992 3473 5060 πρὶν

1895 5081 1962 5132 ἂν
1991 5081 2048 5132 ἐν
2065 5079 2239 5151 αὐτῷ,
2273 5080 2429 5151 καὶὴ
2471 5078 2811 5149 προϐλητικὴ
2866 5079 3012 5149 ἔργῳ
3058 5079 3342 5148 τελειωθῇ.
3415 5077 3473 5132 Ὀ

1893 5175 1949 5228 δέ
1983 5174 2219 5233 πέπονθε
2245 5175 2551 5243 θαυμάσιον
2579 5171 2692 5227 οἷον
2721 5189 2736 5206 ο
2772 5173 3086 5241 προεπινοεῖ
3117 5171 3226 5240 7&9
3273 5173 3330 5223 ἐν
3364 5172 3471 5223 Πα-

1893 5267 1985 5334 τρὶ
2012 5266 2113 5334 τὴν
2148 5265 2458 5337 πατρότητα
2491 5266 2587 5335 τῆς
2627 5264 2922 5334 προϐολῆς,
2952 5263 3028 5327 ὡς
3060 5266 3155 5317 καὶ
3190 5264 3246 5314 ἐν
3298 5262 3476 5330 Πατρὶ

1892 5358 1972 5428 τῷ
2009 5359 2261 5429 προτέρῳ
2307 5357 2403 5410 καὶ
2426 5357 2640 5428 ὑστέρῳ
2685 5356 3104 5426 διακρινομένας
3152 5355 3352 5424 δήπου,
3380 5353 3476 5408 κιιί⁵

1895 5454 2046 5518 τάξει
2076 5454 2175 5521 τὴν
2211 5454 2308 5523 μὲν
2353 5452 2740 5524 προηγεῖσθαι,
2767 5451 2865 5522 τὴν
2894 5451 2938 5504 δ’
2995 5449 3338 5518 ἐπιγίνεσθαι
3387 5467 3477 5502 πι-

1896 5547 2078 5600 στεύει
2102 5546 2413 5608 ἀκολούθως
2439 5548 2507 5617 τῇ
2535 5544 2688 5608 τάξει
2720 5544 2830 5596 τῶν
2876 5543 3164 5612 δυνάμεων
3219 5543 3314 5594 καί
3370 5540 3476 5593 τῶν

1896 5639 2189 5709 ἐνεργειῶν
2219 5638 2340 5692 κατ’
2392 5628 2580 5702 αύτὶν,
2637 5638 2771 5709 ὅπερ
2822 5635 3111 5702 ἐξέϐαλλεν
3157 5633 3337 5699 αὐτδν¹
3394 5631 3476 5694 είς

1894 5733 1955 5785 το
1983 5731 2117 5802 μγ,δέ
2150 5732 2266 5799 ἅμα
2303 5729 2440 5785 εἶναι
2496 5730 2813 5799 πατρότητα
2881 5729 2974 5781 καὶ
3018 5725 3290 5796 προϐολὴν
3344 5725 3477 5778 ἀποη

1899 5823 2209 5893 φαίνεσθαι,
2242 5824 2330 5878 διὰ
2372 5825 2430 5876 τὸ
2481 5822 2556 5894 μὴ
2611 5821 2850 5884 εὐσεϐῶς
2901 5824 3075 5875 ἐκεῖνο
3113 5819 3314 5873 τιθέναι
3352 5834 3365 5851 ο
3416 5811 3477 5873 οῦ
