4168 6434
230 407 360 475 1041

1344 409 1771 469 REFUTATIO
1810 407 2314 467 ARGYROPULI.

3308 401 3441 464 10?}

224 525 352 582 αὐτὸ
390 524 582 595 ἐτέρας
602 523 810 589 οὐσίας,
842 490 1158 589 λειπόμενον
1186 522 1284 590 τῆς
1316 521 1511 589 κοινῆς
1549 520 1781 586 δυνάμε-
1808 521 1850 575 Α
1880 519 2091 587 θεότης.
2124 519 2229 570 Καὶ
2254 520 2281 570 6
2314 520 2486 586 μέγας
2515 518 2828 582 ’Λθανάσιος
2859 521 2915 571 ἐν
2938 520 3015 590 τῷ
3053 521 3209 574 Κατά
3231 520 3444 590 ’Λρεια-

223 636 314 679 ως.
346 618 454 670 Καὶ
481 617 569 670 διὰ
593 614 753 670 τοῦτο
778 614 930 668 οὐδὲν
958 614 1134 668 δεινὸν
1156 614 1220 667 ἐκ
1248 613 1409 682 μόνου
1437 612 1532 666 τοῦ
1568 614 1777 682 Πατρὸς

222 709 403 776 λέγειν
424 709 483 761 16
512 707 734 777 Πνεῦμα
761 707 822 760 16
850 706 1005 775 ἀγιον
1036 722 1053 739 ·
1089 704 1274 775 ἐπειδὴ
1322 705 1383 758 16
1432 704 1776 774 προϐάλλειν,

220 798 405 869 ῶσπερ
433 800 524 853 καὶ
548 802 608 851 τὸ
630 798 830 871 γεννᾷν
857 797 937 867 τῷ
992 798 1166 865 Πατρὶ
1228 795 1374 867 μόνῳ
1428 795 1691 864 προσήκει
1742 796 1776 867 ἢ

218 892 496 962 ἀγεννήτῳ
516 892 611 945 καὶ
640 890 875 961 θεογόνῳ
893 889 988 943 καὶ
1019 890 1161 959 ἀρχῇ
1194 889 1288 941 καὶ
1311 888 1365 940 εί
1408 904 1461 939 τι
1492 885 1732 939 τοιοῦτον
1760 900 1776 918 ο

217 985 276 1036 οὐ
299 982 407 1054 γὰρ
429 978 507 1044 εἷς
535 982 711 1045 αίτιος
740 984 772 1052 ἠ
808 981 1002 1052 Τριάς,
1025 979 1174 1035 ἔνδον
1208 980 1267 1033 ἐν
1299 980 1365 1049 τῇ
1427 976 1642 1047 θεότητι
1686 976 1778 1045 δη-

218 1069 350 1140 λαδὴ
383 1070 459 1132 ὡς
489 1064 569 1132 εἷς
597 1069 931 1139 δημιουργὸς
958 1070 1055 1138 τῆς
1085 1072 1334 1133 κτίσεως,
1374 1065 1462 1119 διά
1499 1066 1656 1119 τοῦτο
1699 1060 1780 1128 εἷς

217 1161 389 1222 αίτιος
419 1162 447 1213 6
472 1160 660 1228 Πατὴρ
686 1161 848 1229 μόνος
875 1174 895 1194 ο
922 1157 983 1213 οὐ
1007 1159 1115 1227 γὰρ
1150 1158 1289 1227 μετά
1331 1157 1593 1224 συζυγίας
1641 1154 1780 1209 κατά

217 1253 308 1306 16v
328 1253 590 1321 Θεολόγον
627 1253 948 1325 Γρηγόριον,
972 1253 1088 1306 ἀλλ’
1103 1246 1257 1317 οὗτος
1287 1254 1386 1323 τὴν
1409 1253 1659 1307 ἐναντίαν
1689 1251 1781 1321 δή·

216 1356 318 1391 που
348 1340 458 1402 τοῖς
487 1338 662 1408 ἁγίοις
687 1343 1007 1413 φερόμενος.

714 1453 1284 1509 ΔΡΓΥΡΟΠΟΥΛΟΣ.

286 1558 420 1612 Οὐδέ
452 1559 563 1629 γὰρ
611 1561 676 1613 ἐκ
707 1561 871 1630 μόνου
903 1561 1136 1632 Πατρδς,
1185 1561 1273 1616 ἵνα
1319 1562 1393 1633 μὴ
1428 1562 1702 1632 νομίζοιτο
1750 1564 1780 1617 6

222 1644 344 1707 Υίὸς
367 1644 520 1716 αὐτῷ
548 1646 826 1717 ἀνόμοιος,
851 1648 926 1719 μὴ
947 1649 1048 1713 τὰς
1074 1649 1243 1714 αὐτάς
1272 1650 1415 1722 ἔχων
1434 1652 1779 1722 τελειότητας

215 1736 295 1805 τῷ
330 1738 525 1809 Πατρί.
555 1739 667 1793 Καὶ
698 1739 787 1793 διὰ
821 1740 982 1794 τοῦτο
1008 1743 1133 1811 μηδ’
1160 1744 1463 1813 δμοούσιος,
1504 1746 1639 1817 ὅπερ
1683 1747 1778 1799 06-

213 1828 402 1898 δαμῶς
428 1830 651 1884 ἀπέοικε
679 1833 746 1901 τῇ
778 1831 873 1885 τοῦ
915 1833 1127 1902 Ἀρείου
1152 1836 1363 1904 αίρέσει
1396 1836 1491 1890 τὸν
1526 1836 1652 1891 Υἰὺν
1690 1837 1783 1893 ἀλ-
1813 1848 1859 1908 Β

214 1918 503 1991 λοτριούση
521 1918 631 1991 τῆς
666 1918 819 1986 θείας
853 1921 1067 1992 φύσεως
1090 1922 1186 1977 τοῦ
1230 1925 1460 1997 Πατρός.

766 2036 1226 2095 ΔΓΔΔΔΙΑΝΟΣ.

297 2146 459 2217 Ἀλλ’,
520 2141 566 2203 ὦ
591 2149 734 2217 ’τάν,
763 2150 826 2205 οὐ
860 2151 952 2207 16v
977 2152 1107 2207 Υἱδν
1154 2154 1438 2225 ἠλλοτρίου
1479 2157 1642 2227 μόνον
1680 2157 1780 2227 τῆς

214 2238 366 2298 θείας
394 2244 421 2295 6
448 2240 665 2313 ’Δρειος
696 2242 932 2311 φύσεως,
958 2244 1094 2299 ἀλλά
1128 2247 1220 2299 καὶ
1254 2247 1314 2301 16
1343 2247 1498 2317 ἅγιον
1534 2249 1775 2319 Πνεῦμα.

213 2330 549 2396 Μακεδόνιος
591 2334 650 2387 δὲ
690 2335 843 2389 οὐδὲν
891 2329 1057 2408 ἦττον
1100 2338 1372 2408 αίρετικδς
1424 2339 1457 2410 ἢ
1497 2342 1525 2393 6
1559 2341 1779 2410 Ἀρειος

213 2425 347 2496 περί
390 2424 484 2479 τοῦ
519 2428 835 2498 Πνεύματος
869 2428 1033 2499 μόνου
1061 2428 1223 2484 τοῦτο
1251 2431 1442 2486 νοσῶν.
1478 2432 1652 2502 Εἴπερ
1686 2432 1778 2487 06v

212 2519 376 2587 ἡμεῖς
415 2519 681 2589 ’Δρειανοὶ
710 2520 803 2574 καὶ
833 2520 1246 2594 συγχωροῦντες
1277 2524 1355 2595 τῷ
1402 2524 1519 2597 Υἰῷ
1556 2525 1655 2589 τάς
1684 2524 1778 2580 τοῦ

210 2611 428 2682 Πατρός
466 2612 835 2684 τελειότητας,
867 2616 934 2682 ἃς
961 2616 1090 2681 ίσως
1129 2618 1226 2672 καὶ
1252 2620 1488 2687 φυσικὰς
1522 2615 1659 2674 εἶναι
1690 2638 1779 2673 πι-

212 2704 449 2767 στεύεις,
482 2705 563 2758 σοὶ
595 2706 815 2772 πάντως
853 2710 952 2779 οὐχ
999 2708 1348 2764 ὑπολείπεται
1396 2711 1553 2780 λόγος
1594 2707 1638 2783 ᾧ
1662 2714 1779 2767 δια-

207 2796 436 2866 δράσεις
484 2799 585 2867 τὴν
643 2799 974 2856 Μακεδονίου
1020 2804 1239 2874 μανίαν.
1294 2804 1434 2857 Ἀλλ’
1463 2807 1595 2876 ἡμῖν
1634 2807 1780 2860 εὐλό-

210 2904 348 2955 γους
387 2890 696 2946 ἀποδιδοῦσι
740 2894 868 2957 τοὺς
911 2894 1040 2964 περὶ
1072 2895 1261 2951 τούτου
1286 2897 1494 2966 λόγους,
1528 2900 1635 2954 κάκ
1670 2901 1781 2957 τῶν

207 2981 386 3049 ἁγίων
413 2984 801 3054 κυρουμένους,
834 2986 1011 3041 ἔνεστι
1043 2987 1243 3058 ῥᾳδίως
1270 2988 1331 3042 16
1370 2989 1625 3061 ἔγκλημα
1666 2991 1781 3045 δια-

204 3069 499 3127 λύσασθαι.
531 3073 605 3126 Σύ
640 3073 695 3127 δὲ
735 3074 961 3149 τοιαύτῃ
1001 3076 1151 3130 θέσει
1184 3078 1537 3151 ἐνισχημένος
1566 3082 1659 3136 καὶ
1686 3081 1779 3135 οὐ-

1882 610 1987 661 νῶν
2035 608 2275 679 πρώτῳ,
2314 629 2331 660 ι
2369 611 2502 679 Φέρε
2558 612 2732 664 τοίνυν
2788 611 3009 679 ἴδωμεν,
3053 612 3206 681 φησὶ,
3237 611 3303 663 τὰ
3350 611 3442 664 τοῦ

1884 700 2120 770 Πατρύς,
2149 701 2237 753 ἵνα
2283 701 2375 753 καὶ
2431 701 2530 770 τὴν
2568 703 2767 756 ἐἰκόνα
2816 702 3131 771 ἐπιγνῶμεν
3177 705 3224 753 εἰ
3278 702 3444 754 αὐτοῦ

1880 791 2052 848 ἐστιν.
2099 792 2293 854 Ἀΐδιός
2335 793 2482 846 ἐστιν
2532 794 2561 845 6
2615 794 2821 863 Πατὴρς
2855 794 3141 858 ἀθάνατος,
3171 792 3443 863 βασιλεὺς,

1877 880 2123 945 δυνατὸς,
2152 883 2288 950 φῶς,
2323 885 2742 952 παντοκράτωρ,
2774 885 2928 949 Θεὸς,
2966 886 3187 952 Κύριος,
3218 886 3447 951 κτίστης

1879 973 1974 1025 καὶ
2003 975 2255 1045 ποιητής.
2296 975 2483 1029 Ταῦτα
2511 975 2593 1028 δεῖ
2614 973 2753 1029 εἶναι
2795 979 2850 1028 ἐν
2882 979 2945 1045 τῇ
2981 978 3170 1041 εἰκόνι,
3202 978 3290 1032 ἵνα
3319 979 3449 1047 ἀληο

1881 1062 1990 1126 θῶς
2019 1066 2045 1116 ὁ
2069 1063 2160 1115 τὸν
2194 1065 2321 1118 Υἰδν
2351 1066 2609 1135 ἑωρακὼς
2643 1066 2725 1136 ἴδῃ
2759 1067 2848 1118 16v
2886 1068 3128 1135 Πατέρα.

1950 1154 2014 1207 Εἰ
2041 1153 2135 1208 οῦν
2157 1155 2376 1225 ᾔδεισαν
2395 1157 2445 1209 οί
2473 1156 2619 1225 ἆγιοι
2646 1159 2944 1222 ἀκινδύνως
2969 1159 3119 1227 ἔχειν
3142 1159 3202 1212 τὸ
3222 1160 3394 1213 αἴτιον
3414 1160 3447 1229 ἢ

1881 1254 2154 1309 συναίτιον
2188 1255 2265 1325 τῷ
2300 1256 2479 1327 Πατρί
2512 1257 2792 1325 πιστεύειν
2820 1258 2910 1311 τὸν
2943 1258 3092 1323 Υίὸν,
3116 1259 3213 1312 καὶ
3242 1262 3304 1311 ἐκ
3331 1257 3453 1310 τού-

1876 1364 1971 1402 του
1993 1348 2375 1419 περιγίνεσθαι
2401 1348 2550 1417 αὐτῷ
2571 1349 2670 1418 τὴν
2695 1349 2915 1418 ἰσότητα
2940 1352 3035 1403 καὶ
3058 1350 3452 1419 όμοουσιότητα

1878 1443 2013 1513 πρὸς
2057 1440 2150 1493 16v
2189 1440 2427 1511 Πατέρα,
2463 1440 2522 1493 ἐν
2558 1440 2705 1494 τίσιν
2736 1440 2915 1500 ἄλλοις
2963 1440 3141 1508 ἀγῶσι
3180 1439 3356 1508 τούτῳ
3386 1439 3452 1492 ἂν

1878 1530 2184 1600 ἐχρήσαντο
2208 1545 2226 1597 ;
2256 1529 2289 1598 ἢ
2324 1530 2486 1583 πόθεν
2513 1530 2736 1585 ἄλλοθεν
2765 1531 2823 1585 ἐν
2846 1532 2959 1593 τοῖς
2983 1530 3126 1583 κατὰ
3152 1529 3452 1599 Νεστορίου

1876 1623 2056 1689 λόγοις
2098 1620 2415 1692 ἐπεχείρουν
2454 1622 2521 1675 ἂν
2547 1622 2808 1693 πρότερόν
2832 1638 2892 1674 τε
2931 1623 3024 1675 καί
3076 1622 3455 1690 γενναιότερον

1879 1713 1912 1783 ἢ
1957 1715 2022 1768 ἐκ
2058 1714 2284 1782 τούτου¹,
2338 1713 2476 1767 Ἀλλ’
2510 1712 2745 1783 οὐδαμοῦ
2797 1714 2906 1767 τῶν
2961 1712 3227 1766 τοιούτων
3280 1712 3457 1780 λόγων

1885 1805 2097 1861 πολλῶν
2126 1807 2294 1860 ὄντων
2332 1805 2577 1859 τοιοῦτόν
2604 1794 2657 1858 τέ
2688 1805 3028 1873 εὑρίσκεται,
3063 1805 3092 1858 6
3122 1805 3221 1875 οὐχ
3262 1804 3337 1868 ὼς
3366 1806 3459 1857 ἀν-

1887 1899 2110 1969 ίσχυρον
2144 1896 2439 1968 παρώφθη,
2471 1895 2581 1949 οὐδ’
2609 1896 2683 1961 ὡς
2728 1898 2787 1950 ἐν
2827 1898 3089 1967 παρέργῳ
3119 1897 3219 1967 τῆς
3265 1897 3455 1967 χρείας

1884 1992 1962 2046 δν.
1992 1991 2055 2045 Εἰ
2082 1989 2191 2060 γὰρ
2216 1986 2284 2062 ἦν
2317 1989 2537 2059 ἀληθὲς,
2571 1990 2791 2043 πάντων
2823 1987 2889 2041 ἂν
2918 1983 2986 2058 ἦν
3017 1988 3365 2059 ίσχυρότερόν
3395 2006 3455 2041 τε

1884 2085 1979 2138 καὶ
2022 2082 2499 2153 προύργιαίτερον,
2535 2082 2705 2136 Ἀλλα
2730 2081 2787 2135 δέ
2830 2081 3001 2152 μυρία
3029 2098 3111 2144 τις
3142 2082 3365 2151 εὑρήσει
3396 2083 3455 2134 ἐν

1883 2178 2006 2239 ταῖς
2047 2176 2156 2229 τῶν
2187 2175 2360 2242 ἁγίων
2390 2175 2654 2245 γραφαῖς,
2689 2172 2725 2227 ἃ
2758 2172 2820 2225 16
2855 2172 3141 2238 όμοούσιον
3184 2175 3251 2243 τῇ
3287 2174 3454 2241 ὑπερ-

1883 2273 2049 2342 ουσίῳ
2080 2270 2269 2340 Τριάδι
2309 2266 2816 2333 κατασκευάζουσιν
2846 2266 2955 2321 ἀπὸ
2986 2265 3095 2319 τῶν
3132 2265 3457 2336 θεοπρεπῶν

1884 2361 2210 2432 ἀξιωμάτων
2242 2359 2434 2411 κοινῶν
2468 2358 2660 2424 ὄντων,
2695 2355 2933 2427 οὐδαμοῦ
2961 2356 3018 2409 δὲ
3051 2356 3159 2409 ἀπὸ
3185 2355 3292 2409 τῶν
3322 2357 3456 2409 ὐπο-

1887 2450 2157 2505 στατικῶν
2206 2448 2562 2519 τελειοτήτων
2612 2450 2710 2503 καὶ
2752 2448 2861 2502 τῶν
2898 2448 3216 2519 ίδιοτήτωνο
3262 2447 3322 2500 οὐ
3354 2448 3462 2517 γὰρ

1887 2542 2164 2611 πεφύκασι
2194 2537 2649 2592 κοινοποιεῖσθαιο
2696 2538 2899 2609 μᾶλλον
2928 2538 3027 2607 μὲν
3056 2537 3149 2591 οῦν
3196 2538 3463 2607 αἱρέσεων

1886 2636 1979 2688 καὶ
2016 2631 2369 2704 βλασφημίας
2398 2632 2577 2699 ἔδοξεν
2605 2632 2752 2704 ἀρχὴ
2780 2631 2939 2685 τοῦτο
2968 2634 3082 2696 τοῖς
3109 2633 3312 2701 ἁγίοις,
3340 2632 3463 2686 ὅθεν

1889 2727 1983 2781 καί
2012 2726 2215 2789 πάντες
2243 2726 2604 2797 ἀπεπήδησαν
2625 2723 2815 2779 τούτου
2848 2724 2924 2788 ὡς
2949 2726 3055 2779 ἀπὸ
3085 2727 3277 2797 πυρός.

1957 2817 2243 2885 Είθτοίνυν
2294 2817 2430 2887 μόνη
2479 2815 2632 2887 πηγὴ
2683 2817 2782 2885 τῆς
2835 2816 3159 2882 ὐπερουσίου
3211 2818 3463 2888 θεότητός

1887 2912 2038 2964 ἐστιν
2065 2911 2093 2962 6
2119 2910 2310 2980 Πατὴρ
2338 2909 2434 2963 καὶ
2473 2908 2672 2978 ἰδιότης
2702 2906 2869 2963 αὐτοῦ
2898 2909 3019 2961 ἐστι
3051 2909 3111 2962 τὸ
3145 2906 3287 2963 εἶναι
3318 2912 3464 2981 ἀρχὴ

1887 3003 1982 3060 καί¹
2034 3002 2185 3056 αίτία
2225 3002 2329 3072 τῆς
2360 3003 2421 3055 ἐν
2467 3001 2583 3072 Υίῷ
2634 3000 2730 3054 καὶ
2761 3000 3046 3071 Πνεύματι
3078 3001 3467 3073 θεωρουμένης

1888 3098 2164 3171 θεότητος,
2195 3098 2290 3153 καὶ
2322 3097 2483 3168 μόνος
2510 3098 2687 3160 αττιος
2715 3096 3076 3167 κηρύττεται,
3116 3098 3176 3163 ἐξ
3205 3098 3371 3152 αὐτοῦ
3409 3101 3466 3152 δέ

206 3178 326 3267 τξλξῖ
359 3163 504 3267 ἔχε-έν
530 3165 786 3267 οίόμξνοξ
951 3169 1219 3267 ὖτξοτίοηξ
1256 3171 1384 3267 τφῖθς
1426 3170 1641 3241 λόγους.
1680 3176 1779 3247 οὐχ
1812 3207 1857 3267 ο
1887 3194 2003 3245 ἐστι
2035 3163 2096 3245 16
2123 3163 2346 3261 Πνεῦμα
2377 3190 2468 3244 καὶ
2503 3190 2600 3261 οὐχ
2626 3163 2927 3261 ἑτέρωθεν,
2964 3192 3029 3246 ἐκ
3064 3191 3162 3245 τοῦ
3194 3191 3323 3245 Υἰοῦ
3357 3192 3469 3261 γὰρ

205 3246 325 3315 οἶός
355 3271 413 3307 τε
444 3254 545 3328 ἔσῃ
570 3257 700 3310 ποιέ
738 3256 830 3311 τὸν
851 3259 1264 3330 Μακεδονισμδν
1289 3265 1574 3334 ἐκφυγεῖν.

284 3346 456 3410 Αὐτὸς
496 3347 605 3418 γὰρ
647 3348 966 3421 ἀπεφήνατο
999 3352 1287 3424 πρότερον,
1329 3356 1405 3420 ὡς
1430 3351 1505 3413 ὢν
1533 3361 1587 3412 αἰ
1629 3360 1786 3416 δυνά-

210 3453 340 3504 μεις
376 3438 648 3508 διάφοροι,
683 3440 780 3493 καὶ
803 3442 941 3494 αὐτά
978 3442 1045 3496 ἂν
1071 3439 1183 3520 εἶεν
1203 3448 1322 3511 ταῖς
1356 3447 1567 3514 οὐσίαις
1595 3451 1797 3520 διάφοο-

212 3543 309 3597 pa.
340 3523 512 3580 Εἰοῦν
541 3527 710 3593 ὅντως
734 3531 837 3584 οῐει
862 3529 971 3585 δεῖν
1002 3537 1284 3603 προσεῖναι
1308 3537 1385 3608 τῷ
1419 3538 1533 3609 Υἱῷ
1562 3542 1665 3605 τὰς
1694 3542 1789 3596 δυ-

206 3622 409 3688 νάμεις
449 3620 542 3675 καὶ
582 3623 924 3691 τελειότητας
963 3623 1058 3677 τοῦ
1108 3626 1342 3697 Πατρὸς,
1378 3631 1529 3683 πᾶσα
1574 3633 1787 3704 ἀνάγκη

206 3715 499 3784 προσεῖναι
526 3716 621 3770 καὶ
648 3715 723 3787 τῷ
758 3718 1057 3789 Πνεύματι.
1087 3715 1221 3774 Εἰτα
1252 3721 1407 3775 ἔσται
1441 3725 1468 3778 6
1497 3725 1629 3789 Υἱὸς
1659 3744 1785 3793 γεν-

206 3806 437 3876 νητικὸς
470 3809 563 3861 καὶ
594 3809 980 3890 προϐλητικός.
1021 3810 1251 3881 Ὁμοίως
1276 3813 1333 3867 δέ
1358 3817 1450 3868 καὶ
1475 3817 1535 3869 16
1566 3818 1790 3890 Πνεῦμα

208 3902 538 3971 γεννητικὸν
571 3900 667 3957 καὶ
691 3902 1079 3974 προϐλητικδν,
1114 3906 1217 3961 κᾶν
1245 3907 1294 3960 εἰ
1328 3906 1402 3979 μὴ
1430 3909 1552 3981 εἰκῆ
1584 3913 1789 3980 γεννῶν

210 3995 483 4064 ἑκάτερον
514 3994 608 4049 καὶ
638 3995 967 4067 προϐάλλον.

290 4089 352 4141 Εἰ
383 4089 437 4142 δὲ
473 4089 501 4141 6
536 4089 663 4153 Υίὸς
693 4090 982 4160 ἐνεργήσει
1024 4094 1166 4148 κατά
1195 4093 1294 4164 τὴν
1324 4096 1615 4167 ἑκατέραν,
1647 4098 1707 4150 16
1733 4097 1790 4151 δὲ

207 4180 447 4251 Πνεῦμα
503 4181 623 4256 κατ’
667 4182 981 4256 οὐδετέραν,
1023 4185 1053 4238 6
1089 4186 1145 4238 δέ
1192 4187 1385 4258 Πατὴρ
1436 4188 1559 4244 κατ’
1598 4190 1789 4261 ἄμφω,

209 4273 300 4333 ὧν
327 4277 383 4331 δὲ
410 4279 467 4332 al
494 4278 770 4348 ἐνέργειαι
801 4280 1073 4350 διάφοροι,
1108 4283 1205 4336 καὶ
1251 4283 1400 4337 αὐτά
1440 4282 1506 4337 ἂν
1544 4285 1632 4353 εἴη
1672 4285 1790 4348 ταῖς

206 4370 435 4434 οὐσίαις
465 4373 718 4443 διάφορα,
758 4374 853 4427 καὶ
883 4372 1064 4443 πολλῷ
1094 4374 1298 4443 μᾶλλον
1336 4375 1413 4438 ὡς
1440 4375 1534 4430 καὶ
1568 4376 1677 4429 τῶν
1701 4376 1792 4430 δυ-

206 4465 461 4532 νάμεων,
490 4463 653 4517 ἕνεκά
682 4481 746 4532 γε
774 4465 882 4519 τῶν
900 4465 1191 4536 ἐνεργειῶν
1216 4467 1392 4520 οὐσῶν
1410 4483 1424 4499 ·
1457 4466 1673 4529 σκόπει,
1700 4468 1792 4520 ποῖ

1888 3285 1948 3338 16
1979 3284 2206 3354 Πνεῦμα
2232 3285 2293 3337 οὐ
2317 3283 2554 3353 λέγομεν
2576 3299 2589 3314 ο
2614 3283 2734 3337 δέον
2765 3284 2922 3337 οὐδέν
2958 3285 3114 3337 ἐστιν
3140 3282 3363 3353 εὔλογον
3392 3287 3467 3355 μὴ

1888 3377 2174 3448 νομισθείη
2225 3394 2311 3440 τις
2354 3376 2653 3447 Ἀρειανὸς,
2679 3379 2741 3429 ἐκ
2779 3376 2876 3429 τοῦ
2925 3377 3140 3449 Πατρὸς
3178 3378 3344 3447 μόνου
3384 3376 3473 3430 λέ-

1889 3487 2002 3539 γων
2035 3470 2432 3540 ἐκπορεύεσθαι
2462 3471 2521 3522 16
2544 3470 2769 3539 Πνεῦμα
2792 3471 2854 3522 τὸ
2884 3468 3076 3539 ἅγιον.

1962 3564 2088 3627 Πῶς
2119 3562 2229 3633 γάρ
2254 3564 2302 3615 εἰ
2325 3562 2421 3615 καὶ
2453 3561 2575 3614 λίαν
2601 3561 2823 3625 εὐσεϐὲς
2849 3561 2943 3615 καὶ
2982 3564 3049 3631 τῇ
3069 3560 3179 3615 τῶν
3216 3561 3474 3616 διδασκάο

1890 3657 1998 3711 λων
2017 3656 2268 3725 θεολογίᾳ
2291 3656 2588 3725 σύμφωνον
2613 3655 2677 3708 τὸ
2700 3654 2997 3724 λεγόμενον
3024 3670 3039 3722 ;
3070 3655 3245 3718 Αὐτὸς
3274 3656 3331 3707 δὲ
3363 3655 3473 3721 ἄρα

1890 3752 1918 3805 6
1940 3750 2059 3804 λίαν
2092 3748 2283 3811 δεδιὼς
2317 3748 2409 3802 καὶ
2433 3746 2703 3801 ἐκκλίνων
2754 3745 2814 3799 16
2842 3746 2942 3816 τῆς
2969 3746 3162 3809 οὐσίας
3193 3746 3472 3816 ἀνόμοιον,

1893 3844 1983 3897 καὶ
2039 3842 2163 3894 λίαν
2215 3840 2292 3912 τῷ
2341 3841 2572 3912 τοιούτῳ
2622 3838 2860 3911 κρημνῷ
2891 3839 2961 3893 δι’
2990 3836 3065 3894 ὧν
3115 3839 3477 3910 ἐπινενόηκας

1893 3952 1962 3988 πε
1970 3935 2350 4008 ριπέπτωκας.

2390 4047 2974 4103 ΑΡΓΥΡΟΠΟΥΛΟΣ.

1969 4166 2068 4219 Διὰ
2113 4166 2273 4221 τοῦτο
2320 4167 2369 4218 οί
2422 4165 2521 4235 τῆς
2565 4164 2896 4235 Ἐκκλησίας
2929 4166 3269 4235 διδάσκαλοι,
3315 4167 3409 4221 καὶ
3442 4169 3475 4236 ἡ

1892 4259 2157 4325 καθολικὴ
2188 4258 2233 4321 ζ’
2276 4256 2493 4320 σύνοδος
2548 4258 2612 4310 ἐκ
2659 4256 2755 4310 τοῦ
2794 4258 3009 4329 Πατρὸς
3047 4260 3371 4331 ἀπεφήνατο
3410 4258 3479 4313 δι’

1894 4351 2025 4405 Υίοῦ
2062 4352 2121 4404 16
2145 4350 2301 4420 ἅγιον
2336 4350 2735 4420 ἐκπορεύεσθαι
2769 4351 3018 4423 Πνεῦμα,
3052 4353 3150 4423 οὐχ
3190 4353 3265 4416 ὡς
3302 4354 3478 4407 αἰτίου

1893 4438 1986 4492 τοῦ
2014 4438 2145 4491 Υίοῦ
2180 4438 2353 4503 ὄντος,
2382 4438 2495 4492 οὐδ’
2515 4439 2592 4504 ὡς
2623 4440 2797 4512 ἀρχῆς
2828 4442 3018 4505 ἁπλῶς
3044 4443 3138 4495 καὶ
3164 4444 3482 4513 προϐολέως

206 4529 547 4627 ἐδ-πρᾶγμα
566 4529 709 4627 ἥξει.
735 4556 899 4610 ’Ὥστε
949 4529 1010 4611 06
1038 4529 1049 4535 ν
1069 4557 1228 4629 μόνον
1278 4558 1623 4622 Μακεδόνιος,
1658 4560 1792 4614 ἀλλὰ
1826 4547 1868 4602 D
1887 4532 1989 4629 τῆς
2017 4529 2108 4629 ῗοῦ
2135 4531 2471 4629 μνεύξλδέτ-οῗ
2493 4532 2869 4629 ὑπέστάσεωςν
2914 4533 3031 4588 ἀλλ’
3076 4535 3151 4599 ὡς
3200 4536 3479 4591 συναιτίου

207 4651 317 4703 καὶ
344 4651 560 4721 Ἄρειος
588 4649 749 4712 αὐτὸς
779 4649 1156 4719 ἀναπέφηνας,
1190 4651 1285 4704 καὶ
1309 4652 1484 4717 οὐδεὶς
1516 4653 1793 4726 ἐειιιρήσε⁸

205 4741 313 4796 ταί
347 4758 406 4795 σε
434 4740 592 4810 λόγος
612 4739 704 4794 τοῦ
740 4741 915 4795 δεινοῦ
938 4742 1152 4797 τούτου.

304 4834 496 4905 Ἡμεῖς
516 4833 574 4887 δὲ
602 4833 662 4886 τό
691 4850 750 4887 τε
780 4832 978 4905 γεννᾷν
1008 4836 1105 4888 καὶ
1135 4834 1196 4889 16
1240 4837 1565 4906 προϐάλλειν
1595 4838 1797 4893 τελειό-

206 4942 394 4995 τητας
423 4924 794 4988 ὐποστατικάς
822 4943 1007 4997 φαμεν
1033 4924 1129 4980 τοῦ
1166 4930 1439 5000 πατρικοῦ
1471 4930 1795 5001 προσώπου,

211 5019 303 5080 ὡς
331 5020 398 5089 τῇ
427 5018 585 5091 οὐσίᾳ
619 5018 698 5088 μὴ
731 5019 997 5084 συνούσας
1034 5021 1130 5074 τοῦ
1164 5022 1400 5093 Πατρὸς,
1429 5021 1546 5077 ἀλλ’
1578 5018 1613 5097 ᾖ
1647 5026 1798 5081 ἐστιν

208 5111 286 5163 ιν
336 5110 510 5180 Πατρὶ
550 5108 713 5181 αὕτη,
745 5110 986 5182 ἰδιότητα
1011 5112 1177 5167 αὐτοῦ
1218 5113 1355 5184 πρὸς
1380 5114 1492 5169 τῶν
1531 5115 1799 5186 θεολόγων

210 5202 515 5268 ἀκούοντες
546 5204 646 5275 τὴν
675 5204 872 5276 ἀρχὴν,
904 5205 997 5260 καὶ
1027 5207 1088 5261 16
1111 5198 1381 5277 θεογόνον,
1408 5210 1501 5262 καὶ
1533 5208 1633 5279 τὴν
1664 5228 1801 5281 καρ⁴

210 5298 505 5365 πογονίαν,
549 5299 608 5351 ἐν
657 5294 739 5361 οἷς
785 5301 981 5370 γεννᾷν
1013 5300 1106 5354 καὶ
1146 5299 1476 5371 προϐάλλειν
1526 5302 1666 5366 ἐστὶ,
1705 5304 1801 5356 καὶ

212 5389 321 5445 διὰ
349 5388 507 5444 τοῦτο
524 5390 737 5458 ἀνάγκη
777 5390 1070 5462 μηδέτερον
1103 5392 1330 5460 τούτων,
1368 5392 1400 5462 ἢ
1438 5392 1567 5462 γοῦν
1589 5393 1652 5447 16
1680 5411 1803 5464 γεν-

211 5484 329 5555 νᾷν
383 5484 416 5556 ἦ
468 5485 528 5538 16
564 5484 936 5553 .προϐάλλειν,
992 5484 1117 5555 μηδ’
1158 5486 1331 5557 ἑτέρῳ
1380 5487 1802 5542 κοινοποιεῖσθαι

210 5576 340 5632 τῶν
400 5576 459 5641 ἐξ
503 5575 672 5631 αὐτοῦ
732 5572 1066 5644 προσώπων,
1096 5574 1211 5644 ἀλλ’
1257 5576 1406 5647 αὐτῷ
1436 5578 1585 5650 μόνῳ
1627 5596 1801 5650 προσ-

212 5673 394 5726 εῖναι.
415 5668 494 5724 Τὰ
524 5670 633 5741 γάρ
657 5670 936 5742 θεοπρεπῆ
959 5671 1139 5726 πάντα
1162 5674 1228 5744 τῇ
1252 5673 1350 5745 ὃλῃ
1376 5672 1610 5745 θεαρχίᾳ
1632 5675 1803 5745 πρόσ-

217 5779 405 5827 εστιν,
435 5758 514 5826 οἷς
543 5760 836 5833 σύμφωνος
870 5763 1170 5836 Γρηγόριος
1200 5765 1380 5821 κοινὸν
1419 5767 1596 5843 λέγων
1629 5770 1805 5840 Πατρὶ

228 5855 342 5914 καὶ
366 5855 480 5929 Υἰῷ
517 5856 613 5915 καὶ
648 5856 791 5930 ἀγίῳ
815 5857 1092 5930 Πνεύματι
1120 5860 1180 5913 16
1215 5860 1289 5932 μὴ
1324 5863 1607 5931 γεγονέναι
1635 5865 1728 5921 καὶ
1767 5868 1799 5935 ἡ

1898 4625 1994 4678 καὶ
2020 4624 2197 4695 ἀρχῆς
2230 4622 2325 4678 καὶ
2359 4624 2420 4690 ἐξ
2449 4625 2647 4696 ἀρχῆς.

2454 4738 2919 4795 ΑΓΑΛΛΙΑΝΟΣ.

1970 4857 2080 4911 Καὶ
2118 4856 2293 4911 ταῦτα
2327 4856 2421 4910 ἐπὶ
2456 4859 2794 4929 συκοφαντία
2822 4859 2931 4915 τῶν
2961 4860 3298 4917 διδασκάλων
3327 4861 3482 4931 εἴρη-

1897 4966 1987 5003 ται
2030 4949 2123 5003 καὶ
2165 4949 2267 5019 τῆς
2310 4949 2357 5013 ζ’
2393 4949 2612 5004 συνόδου
2637 4967 2653 4984 ·
2686 4951 2811 5006 ἐπεὶ
2839 4953 2948 5025 γὰρ
2979 4953 3095 5008 οὐτ’
3124 4955 3323 5027 ἀρχὴν,
3356 4953 3485 5008 οὕτε

1901 5040 2179 5094 συναίτιον
2209 5038 2301 5093 τὸν
2339 5040 2470 5094 Υίὸν
2494 5040 2590 5094 τοῦ
2623 5040 2782 5111 ἀγίου
2823 5042 2966 5096 Πνεύ
2977 5061 3143 5113 ματος
3175 5045 3487 5115 ἐφρόνησαν

1900 5132 1932 5203 ἢ
1966 5128 2089 5185 εἰπέ
2114 5149 2201 5195 τις
2223 5131 2336 5185 τῶν
2367 5132 2564 5201 ἀγίων,
2588 5132 2663 5197 ὡς
2686 5132 2751 5186 ἐκ
2777 5149 2841 5202 γε
2872 5135 2981 5188 τῶν
3012 5135 3322 5205 εἰρημένων
3352 5138 3487 5189 ἀπο-

1899 5222 2195 5293 δέδεικται,
2231 5223 2347 5285 πῶς
2380 5219 2492 5277 οἷόν
2519 5225 2567 5277 τ’
2595 5224 2664 5278 ἂν
2707 5220 2776 5296 ἦν
2806 5226 2867 5278 ἐν
2895 5224 3094 5295 τῷ·δι’
3127 5226 3259 5280 Υίοῦ
3305 5227 3489 5280 συναί-

1902 5332 2019 5369 τιον
2045 5315 2125 5387 τῷ
2156 5317 2334 5389 Πατρὶ
2362 5316 2457 5371 16v
2480 5317 2610 5371 Υίὸν
2633 5318 2777 5371 νοείν
2808 5315 2904 5370 τοῦ
2934 5317 3094 5386 ἁγίου
3128 5318 3446 5389 Πνεύματος
3470 5338 3487 5385 ς

1915 5405 2058 5461 Ἀλλ’
2084 5409 2166 5463 ὅτι
2200 5410 2301 5480 μέν
2330 5426 2476 5472 τινες
2504 5408 2612 5463 τῶν
2632 5409 2970 5464 διδασκάλων
3008 5411 3135 5482 περὶ
3177 5412 3277 5481 τῆς
3311 5412 3488 5466 ἀϊδίου

1906 5498 2199 5568 ὑπάρξεως
2229 5500 2324 5555 τοῦ
2356 5501 2676 5571 Πνεύματος
2711 5501 3092 5570 θεολογοῦντες
3125 5502 3203 5573 τῷ
3247 5504 3315 5557 δι’
3356 5503 3489 5556 Υἰοῦ

1906 5592 2234 5662 ἐχρήσαντο,
2270 5594 2366 5648 καὶ
2390 5595 2476 5658 τίς
2504 5590 2573 5666 ἦν
2600 5597 2629 5648 6
2656 5594 2887 5666 εὐσεϐὴς
2919 5594 3128 5648 τούτων
3160 5595 3306 5663 νοῦς,
3336 5597 3489 5651 ἄλλοι

1908 5684 2015 5752 πρὸ
2047 5684 2207 5755 ἡμῶν
2255 5684 2595 5757 ἐξηγήσαντο
2618 5702 2634 5718 ⁸
2676 5686 2868 5757 χαρίεν
2889 5686 2935 5741 δ’
2967 5687 3035 5742 ἂν
3064 5682 3154 5755 ἦν,
3187 5689 3236 5740 εἰ
3271 5691 3489 5742 Λατῖνοι

1908 5775 2083 5830 αἴτιον
2125 5776 2313 5841 ἁπλῶς
2366 5779 2460 5831 καὶ
2501 5777 2676 5848 ἀρχὴν
2720 5777 2907 5847 ἔλεγον
2936 5779 3030 5831 τὸν
3060 5779 3208 5843 Υἰὸν,
3257 5780 3344 5834 ίνα
3391 5783 3487 5834 καὶ

1909 5867 2093 5935 χεῖρον
2143 5869 2362 5925 πάντων
2417 5868 2709 5933 αίρετικῶν
2762 5868 3104 5927 ἐδυσσέϐουν.
3168 5870 3338 5926 Τοῦτο
3376 5872 3486 5927 γὰρ
