4168 6434
680 375 817 440 1043

1836 382 2230 446 THEODORI
2267 388 2688 453 AGALLIANI

3790 394 3933 458 1044

678 490 800 541 οὐδὲ
830 491 1028 555 πλάσις
1060 490 1230 557 ἐστὶν,
1260 491 1393 547 ἀλλά
1431 494 1707 555 συναίτιον
1734 498 1830 547 καὶ
1860 496 2035 564 ἀρχὴν
2066 496 2125 560 ἐξ
2154 497 2251 565 ἁρ-
2278 510 2323 568 A
2352 498 2428 561 ώς
2456 502 2694 572 ἐγχωρεῖ
2724 505 3072 573 προεπινοίας
3100 506 3159 558 ἐν
3194 507 3305 568 τοῖς
3325 504 3589 569 τοιούτοις
3618 503 3765 559 εἶναι
3784 522 3799 535 ⁸
3836 509 3933 561 καὶ

679 580 782 648 χῆς
845 582 1163 651 φρονοῦντες
1221 582 1315 636 τὸν
1369 584 1499 637 Υιὸν
1553 584 1867 654 ἐλέγχονται
1924 584 2109 648 κακῶς
2156 589 2251 639 καὶ

676 672 836 725 τοῦτο
866 674 1208 742 φρονοῦντες.
1255 675 1318 730 ’Π
1352 675 1461 746 γάρ
1493 675 1585 729 τοῦ
1619 676 1924 747 Γρηγορίου
1956 676 2137 747 ῥῆσις,
2184 677 2250 730 ’Π

680 766 745 816 εκ
775 768 873 834 τῆς
898 766 1074 835 ἀρχῆς
1103 768 1269 837 ἁρχὴ,
1299 768 1452 821 οὐδὲν
1484 769 1669 830 αὑτοῖς
1700 767 1907 838 βοηθεῖ,
1934 767 2102 821 αὑτοῦ
2131 766 2252 821 τού-

679 872 777 908 του
807 858 1177 928 ἐξηγουμένου
1219 861 1313 914 καὶ
1340 860 1611 928 λέγοντος,
1638 860 1837 931 ’Δρχὴν
1862 862 1919 913 δὲ
1948 862 2059 913 τῶν
2087 861 2250 925 ὅλων,

676 948 706 1000 ὃ
738 949 833 1003 καὶ
873 950 1140 1020 κυροῦται
1192 953 1356 1023 ἑτέρᾳ
1385 952 1578 1006 τούτου
1613 955 1771 1024 ῥήσει
1808 955 1898 1023 τῇ,
1934 953 2117 1006 Πάντα
2154 952 2253 1006 ὅσα

676 1038 792 1107 ἔχει
821 1043 847 1092 6
879 1042 1071 1113 Πατὴρ
1099 1043 1193 1097 τοῦ
1226 1044 1383 1110 Υἱοῦ,
1418 1045 1561 1114 πλὴν
1586 1046 1687 1113 τῆς
1716 1045 1913 1107 αίτίας.
1955 1045 2154 1114 ’Δρχὴν
2194 1044 2251 1096 δέ

676 1128 738 1193 ἐξ
772 1131 945 1201 ἀρχῆς
980 1133 1073 1185 τὸν
1115 1133 1244 1185 Υίδν
1295 1134 1388 1187 τοῦ
1425 1134 1741 1203 Πνεὺματος
1782 1132 1893 1188 οὔτ’
1924 1135 2108 1199 αὑτὸς,
2139 1131 2251 1185 οὔτ’

675 1219 837 1283 ἄλλος
883 1238 969 1285 τις
1003 1224 1112 1276 τῶν
1144 1224 1410 1292 θεολόγων
1436 1224 1680 1295 εἴρηκεν.

751 1314 813 1367 Εἰ
855 1315 954 1382 μὶν
1001 1318 1108 1387 γάρ
1161 1318 1495 1386 ὡμολογεῖτο
1534 1318 1675 1389 ἀρχὴ
1721 1317 1816 1371 τοῦ
1861 1318 2179 1389 Πνεύματος
2225 1322 2255 1374 ὁ

681 1408 831 1470 Υἱὸς,
859 1403 926 1478 ἦν
961 1408 1027 1462 ἂν
1058 1410 1152 1462 καὶ
1178 1410 1349 1480 ἀρχὴ,
1387 1410 1446 1475 ἐξ
1468 1410 1642 1480 ἀρχῆς
1681 1410 1777 1463 καὶ
1794 1412 2096 1475 συναίτιος·
2133 1414 2256 1467 ἐπεὶ

675 1500 732 1553 δὲ
759 1499 883 1553 οὕτε
914 1502 1078 1570 ἀρχὴ,
1104 1500 1232 1555 οὔτε
1256 1502 1449 1567 αίτιος,
1471 1503 1594 1556 οὔτε
1623 1502 1753 1557 ἀλλο
1778 1521 1829 1556 τι
1856 1503 1965 1557 τῶν
1997 1504 2255 1559 τοιούτων

678 1593 916 1659 λέγεται,
967 1596 1156 1648 πάντα
1206 1596 1315 1664 γάρ
1368 1595 1438 1648 τά
1488 1595 1711 1649 τοιαῦτα
1760 1596 1837 1665 τῷ
1887 1597 2060 1666 [Ia-:91
2111 1597 2256 1666 μόνῳ

680 1688 1152 1757 προσαρμοστέον,
1183 1689 1210 1740 6
1240 1686 1296 1739 δέ
1334 1687 1460 1751 Υίδς
1497 1687 1658 1757 μόνος
1698 1686 1827 1749 Υίός
1860 1688 2003 1748 ἐστι,
2032 1688 2125 1741 καὶ
2157 1688 2255 1753 μόο

680 1793 771 1840 νος
792 1778 886 1830 καὶ
908 1777 1027 1832 ὅλον
1058 1777 1207 1841 Υίδς,
1234 1777 1496 1847 οὖμενουν
1523 1778 1644 1831 οὑδὲ
1670 1778 1943 1841 συναίτιος
1970 1778 2092 1832 οὑδέ
2112 1779 2255 1848 ἀρχὴ

2354 593 2543 664 ὥσπερ
2573 596 2699 651 ὅταν
2726 597 2866 650 είπω
2892 601 3215 670 γεννήτορα,
3245 602 3556 669 προεπινςῶ
3579 602 3672 654 τὸν
3695 602 3935 668 γεννιῖινσ

2350 701 2420 737 τα
2468 685 2561 738 τοῦ
2619 688 2950 757 προὸολέως,
2979 690 3121 744 οὕτω
3172 692 3265 745 καὶ
3305 692 3436 745 ὅταν
3463 692 3605 745 είπω
3636 692 3932 761 προὸολέα,

2352 779 2666 846 προεπινοῶ
2722 779 2815 833 τὸν
2856 781 3233 852 προϐάλλοντα
3277 781 3374 834 τοῦ
3416 782 3736 848 γεννῶντος.
3777 782 3936 847 ’Δμι

2352 868 2408 921 δέ
2442 871 2589 923 ἐστιν
2610 871 2639 924 6
2673 872 2861 943 Πατὴρ
2896 874 3175 943 γεννήτωρ
3223 876 3315 928 καὶ
3360 875 3683 944 προὸολεὺς,
3716 874 3797 937 ώς
3834 875 3935 945 ήδη

2354 960 2660 1029 φθάσαντες
2690 964 2779 1017 διά
2806 965 2917 1019 τῶν
2943 965 3115 1032 ἁγίων
3143 965 3529 1036 ἀπεδείξαμεν.

2424 1054 2532 1106 Καὶ
2571 1055 2748 1108 ἐπεὶνό
2778 1056 2969 1125 Πατὴρ
2998 1057 3097 1125 οὑχ
3192 1057 3403 1126 Πατὴρ,
3424 1057 3539 1109 ἀλλ’
3568 1051 3937 1130 ᾗπροδολεὺς

2354 1143 2695 1214 προϐάλλων,
2725 1146 2911 1219 ὥσπερ
2938 1147 3162 1201 ἐπειδάν
3189 1148 3438 1215 λέγηται,
3475 1148 3571 1203 Ἐκ
3604 1148 3824 1214 Πατρὸς
3850 1150 3940 1197 ὲκ-

2354 1236 2671 1306 πορεύεται,
2700 1240 3008 1309 προεπινοῶ
3037 1239 3130 1295 τὸν
3164 1239 3458 1308 προδολέα,
3490 1239 3551 1291 οὑ
3574 1238 3664 1291 διὰ
3692 1236 3861 1290 τοῦτο
3884 1236 3937 1288 δέ

2354 1326 2737 1396 ἀναγκάζομαι
2769 1328 2861 1382 καὶ
2886 1329 2948 1382 τὸ
2975 1329 3199 1396 Πνεῦμα
3228 1330 3450 1399 Πατέρα
3482 1327 3582 1381 τοῦ
3612 1326 3752 1379 Υίοῦ
3786 1326 3937 1377 τιθέ-

2354 1432 2463 1478 ναι,
2497 1420 2983 1489 κοινοποιουμένης
3036 1422 3132 1492 τῆς
3192 1421 3525 1491 γεννητικῆς
3575 1420 3731 1487 αὑτῴ
3780 1418 3941 1471 δυνά-

2358 1523 2503 1574 μεως
2548 1507 2641 1561 τοῦ
2678 1511 2892 1579 Πατρός
2921 1526 2937 1543 ’
2971 1512 3145 1575 οὕτως
3187 1513 3299 1566 οὐδ’
3349 1511 3581 1565 ἐνταῦθα
3637 1511 3942 1579 πρόσεστιν

2354 1597 2568 1667 ἀνάγκη
2603 1615 2684 1660 τις
2716 1600 2803 1653 διά
2838 1602 2938 1671 τὴν
2971 1604 3330 1671 προεπίνοιαν
3363 1601 3458 1655 τοῦ
3499 1600 3629 1654 Υίοῦ
3664 1599 3945 1677 προὼλέα

2356 1691 2446 1742 καὶ
2482 1692 2643 1745 αὑτὸν
2673 1694 2916 1763 νομίζειν
2942 1694 2976 1765 ἢ
3005 1695 3304 1749 συναίτιον.
3393 1732 3400 1739 -

2431 1783 2489 1834 Εί
2528 1782 2628 1852 μὲν
2663 1784 2771 1852 γὰρ
2816 1786 2888 1847 ώς
2923 1786 3094 1849 αἴτιος
3149 1788 3586 1856 προεπινοεῖται,
3628 1783 3796 1836 τοῦτο
3841 1783 3951 1834 δει-

680 1869 740 1932 ὲξ
773 1869 949 1938 ἀρχῆς
979 1870 1127 1923 ἔνδον
1162 1872 1221 1924 ἐν
1248 1872 1312 1940 τῇ
1344 1870 1578 1940 θεότητι.
1632 1871 1809 1934 Μόνος
1865 1871 1973 1940 γάρ
2021 1873 2192 1934 αῖτιος
2220 1874 2250 1925 6
2282 1877 2325 1936 Β
2352 1872 2506 1924 κτέον
2541 1874 2650 1927 τῶν
2685 1873 2856 1941 ἁγίων
2881 1875 3173 1943 λεγόντων,
3212 1877 3310 1929 καὶ
3340 1876 3538 1930 αὐτίκα
3575 1877 3607 1942 ἡ
3644 1876 3748 1943 τῆς
3785 1873 3947 1926 δυνά·

684 1960 893 2030 Πατὴρ,
925 1963 1066 2032 ἁρχὴ
1101 1963 1156 2016 δὲ
1191 1963 1289 2032 τῆς
1313 1963 1546 2027 κτίσεως
1599 1966 1628 2017 6
1659 1963 1787 2025 Υἱὸς
1827 1963 1968 2018 κατά
2013 1964 2104 2016 τὸν
2129 1965 2255 2017 Θεο-

681 2052 839 2120 λόγον
873 2052 912 2105 Γ
916 2054 1199 2123 ρηγόριον.

1189 2168 1762 2223 ΔΡΓΥΡΟΠΟΥΛΟΣ.

751 2280 885 2334 Οὑδέ
911 2279 985 2342 ὡς
1024 2278 1100 2349 μὴ
1141 2281 1252 2333 οἴου
1284 2298 1341 2334 τε
1384 2282 1537 2345 δντος
1580 2282 1743 2352 μόνου
1786 2280 1883 2335 τοῦ
1915 2282 2129 2350 Πατρὺς
2161 2280 2255 2349 μόο

681 2391 787 2435 νως
812 2374 1084 2440 παράγειν
1122 2374 1182 2427 16
1222 2375 1445 2446 Πνεῦμα
1494 2376 1553 2429 τὸ
1594 2375 1769 2443 ἅγιον,
1804 2374 1835 2445 ἢ
1886 2374 1993 2444 γάρ
2041 2372 2107 2428 ἂν
2139 2373 2258 2426 οὐδὲ

682 2466 775 2519 16v
799 2467 927 2520 Υίδν
966 2468 1095 2522 ἄνευ
1132 2470 1276 2530 τινὸς
1306 2471 1495 2538 ἐτέρου
1534 2468 1826 2540 προσώπου
1862 2469 2119 2536 γεννῆσαι
2163 2467 2257 2536 μό·

684 2574 773 2619 νος
802 2559 829 2610 6
856 2558 1044 2628 Πατὴρ
1078 2559 1332 2628 ἠδύνατο,
1354 2553 1434 2623 οἷς
1456 2561 1553 2630 τῆς
1578 2560 1747 2629 αὑτῆς
1769 2562 1883 2612 ἐστι
1918 2560 2261 2627 τελειότητος

679 2649 1228 2721 τῶν-παραγομένων
1281 2652 1544 2722 ἑκάτερον
1586 2655 1680 2707 καὶ
1720 2652 2022 2721 δυνάμεως.
2074 2652 2261 2721 Πατὴρ

682 2740 793 2809 γὰρ
823 2742 1115 2810 αὐτάρκως
1139 2741 1305 2815 γεννᾷ
1340 2740 1429 2795 τδν
1461 2742 1612 2809 Υίδν,
1646 2743 1741 2797 καὶ
1775 2738 1838 2796 16
1870 2742 2095 2812 Πνεῦμα
2125 2758 2262 2812 προ-

684 2830 873 2884 ϐάλλει
904 2832 964 2885 16
992 2833 1167 2902 ἆγιον.

1235 2945 1699 3003 ΑΓΔΛΛΙᾹΝΟΣ.

770 3061 1112 3132 ’Δπήλλαξας
1143 3063 1293 3133 ἡμᾶς
1342 3062 1683 3134 πραγμάτων
1727 3061 1903 3117 ταῦτα
1951 3061 2147 3131 είπὼν,
2174 3063 2266 3118 ἁν-

687 3152 875 3221 θρωπε
901 3167 917 3183 ο
959 3156 1007 3206 εί
1035 3155 1141 3225 γὰρ
1172 3154 1464 3223 αὐτάρκως
1511 3156 1541 3209 6
1572 3153 1759 3225 Πατὴρ
1791 3155 1955 3226 γεννᾷ
2007 3157 2103 3210 καὶ
2135 3171 2264 3227 προ-

690 3244 897 3307 ϐάλλει,
935 3244 1132 3298 οὐκοῦν
1189 3246 1452 3315 παρέλκει
1510 3245 1572 3299 16
1636 3246 1734 3299 καὶ
1788 3246 1883 3300 τὸν
1923 3246 2051 3300 Υίὸν
2086 3246 2266 3315 λέγειν

690 3334 1040 3405 προϐάλλειν.
1070 3337 1329 3407 Περιττδν
1353 3338 1410 3391 δέ
1432 3339 1491 3391 ἐν
1520 3340 1631 3401 τοῖς
1655 3338 1820 3401 θείοις
1841 3339 2015 3404 οὐδὲν,
2040 3339 2175 3393 ὅπου
2202 3356 2267 3406 γε

686 3425 811 3478 οὑδέ
847 3426 905 3479 ἐν
934 3429 1050 3490 τοῖς
1092 3430 1348 3497 φυσικοῖς
1380 3428 1506 3498 είκῆ
1532 3445 1584 3481 τι
1611 3430 1820 3483 τιθέναι
1850 3429 1950 3483 δεῖ.
1985 3430 2045 3481 Et
2071 3428 2128 3481 δέ
2159 3428 2269 3482 ἀπὸ

687 3515 784 3570 τοῦ
806 3518 904 3587 τῆς
936 3517 1301 3589 δημιουργίας
1334 3521 1776 3591 παραδείγματος
1804 3521 1897 3575 τὸν
1929 3521 2087 3590 λόγον
2130 3522 2268 3574 ἀπο-

689 3608 885 3673 δώσεις
940 3609 1137 3679 λέγων,
1182 3612 1261 3665 ὅτι
1299 3614 1327 3667 6
1364 3612 1565 3685 Πατήρ
1590 3612 1884 3683 αὐτάρκως
1921 3612 2265 3683 δημιουργεῖ,

687 3700 910 3769 λέγεται
936 3702 994 3757 δὲ
1021 3706 1171 3775 ὅμως
1202 3707 1296 3759 καὶ
1319 3706 1408 3775 ἐφ’
1443 3705 1691 3777 ἐκατέρῳ
1720 3705 1830 3759 τῶν
1857 3705 2062 3759 λοιπῶν
2101 3722 2273 3775 προσ-

689 3795 855 3849 ώπων
913 3797 972 3850 16
1019 3798 1411 3870 δημιουργεῖν,
1461 3799 1597 3853 ἀλλά
1648 3799 1912 3871 ἀκούσῃς,
1963 3797 2016 3852 '0
2060 3798 2270 3868 Πατὴρ,

692 3888 829 3941 καθό
857 3890 973 3942 ἐστι
1003 3891 1156 3956 Θεὸς,
1194 3891 1307 3964 ἔχει
1347 3893 1405 3945 ἐν
1445 3892 1625 3963 ἐαυτῷ
1659 3893 1753 3945 καὶ
1795 3893 1884 3945 τὸν
1920 3892 2047 3945 Υίδν
2083 3891 2176 3944 καὶ
2213 3891 2273 3943 16

697 3979 920 4051 Πνεῦμα
964 3980 1025 4035 16
1067 3982 1257 4052 ἅγιον⁸
1286 3988 1381 4037 καὶ
1414 3983 1604 4053 ὥσπερ
1636 3984 1797 4053 μόνος
1836 3980 1917 4047 εἷς
1950 3986 2042 4037 καὶ
2068 3984 2274 4046 τέλειός

694 4073 812 4127 ἐστι
843 4073 997 4142 Θεὸς,
1032 4076 1176 4130 οἱτω
1206 4076 1300 4131 καῖ.
1330 4079 1479 4150 ,μετὰ
1508 4075 1603 4129 τοῦ
1639 4076 1771 4130 Υίοῦ
1826 4077 1924 4130 καὶ
1968 4076 2064 4129 τοῦ
2103 4076 2274 4129 Πνεύ-

698 4186 868 4238 ματος
923 4168 1006 4236 εἷς
1040 4173 1133 4227 καὶ
1170 4174 1378 4237 τέλειός
1414 4158 1531 4227 ἐστι
1582 4171 1735 4236 Θεός.
1786 4172 1965 4226 Ταυτδ
2019 4172 2076 4227 δὲ
2115 4171 2276 4225 τοῦτο

694 4263 1011 4318 πιστεύεται
1067 4264 1506 4336 ἀπαραλλάκτως
1561 4267 1657 4319 καὶ
1702 4264 1792 4336 ἐφ’
1838 4266 2103 4336 ἐκατέρου
2165 4264 2275 4318 τῶν

694 4356 918 4412 ὶοιπῶν.
952 4359 1087 4423 Ταῖς
1114 4357 1249 4427 γοῦν
1282 4358 1507 4430 ἰδιότησι
1536 4357 1924 4430 διακρίνονται,
1961 4362 2027 4430 τῇ
2073 4358 2131 4411 δέ
2160 4358 2278 4412 θεό-

693 4468 816 4519 τητι
849 4450 909 4504 ἓν
937 4453 1095 4506 εἰσιν.

2361 1981 2504 2031 μεως
2530 1968 2783 2019 κοινωνία
2808 1968 3018 2035 ἕψεται.
3055 1968 3259 2034 Κοινὴν
3292 1963 3555 2037 εἶναιτὴν
3577 1967 3820 2032 δύναμιν
3853 1963 3948 2015 τοῦ

2360 2058 2689 2125 προϐάλλειν
2722 2059 2992 2125 λεγόντων
3044 2064 3210 2116 τινῶν
3238 2064 3430 2130 ἁγίων,
3466 2061 3560 2114 καὶ
3590 2059 3796 2111 αὐτίκα
3846 2074 3949 2125 φα-

2357 2152 2529 2203 νεῖται
2562 2151 2654 2204 καὶ
2682 2152 2709 2203 6
2734 2152 2860 2215 Υἱὸς
2892 2153 2987 2207 τοῦ
3023 2155 3337 2224 Πνεύματος
3370 2156 3566 2215 αἴτιος,
3598 2151 3629 2220 ἢ
3663 2152 3951 2210 συναίτιος

2358 2244 2433 2307 τῷ
2466 2244 2661 2312 Πατρί.
2698 2245 2771 2298 T6
2819 2246 2876 2299 δὲ
2929 2248 3368 2314 προεπινοεῖσθαι
3423 2247 3527 2302 οὑκ
3578 2248 3747 2313 ἀρκεῖ
3807 2244 3951 2313 πρὸς

2358 2334 2519 2387 τοῦτο
2545 2350 2559 2366 ·
2610 2336 2669 2387 οὑ
2724 2337 2835 2404 γάρ
2884 2338 2930 2388 εἱ
2966 2339 3061 2390 καὶ
3095 2340 3124 2391 6
3156 2338 3348 2407 Πατὴρ
3391 2338 3806 2409 προεπινοεῖται
3853 2332 3950 2385 τοῦ

2362 2426 2492 2480 Υίοῦ
2529 2428 2627 2479 καὶ
2654 2428 2748 2481 τοῦ
2781 2428 3097 2498 Πνεύματος
3126 2432 3193 2501 τῇ
3234 2431 3332 2500 τῆς
3361 2430 3540 2492 αἰτίας
3572 2429 3748 2492 τάξει,
3778 2428 3953 2492 ἀνάγ·

2362 2536 2431 2586 κη
2482 2521 2699 2573 καὶτὸν
2736 2520 2864 2574 Υίὸν
2909 2521 3053 2573 οὑτω
3104 2505 3545 2589 πρππινοεῖσοαι
3593 2518 3955 2587 Πνεὺμιτος,

2361 2611 2466 2674 ἓως
2509 2611 2574 2664 ἂν
2612 2614 2752 2682 μήτε
2781 2629 2867 2674 τις
2895 2612 3005 2665 τῶν
3036 2613 3303 2681 θεολόγων
3354 2612 3517 2665 τοῦτο
3560 2612 3698 2681 λέγῃ
3734 2610 3955 2675 σαφῶς.

2364 2709 2458 2755 καὶ
2506 2703 2660 2769 λόγος
2720 2704 2817 2773 τῆς
2876 2704 3140 2774 τοιαύτης
3202 2704 3558 2775 προεπι.οίας
3610 2702 3959 2755 ἀποδιδῶται

2364 2793 2497 2861 παρ’
2534 2794 2705 2864 ἡμῶν,
2744 2796 3151 2866 κεχωρισμένος
3202 2795 3303 2864 τῆς
3347 2796 3473 2849 κατ’
3511 2795 3696 2848 αἰτίαν
3744 2794 3962 2860 ἀναφο-

2368 2888 2488 2957 ρᾶς.
2521 2886 2662 2947 Ἕως
2697 2886 2803 2955 γὰρ
2837 2887 2904 2940 ἂν
2946 2889 3109 2957 ἡμεῖς
3148 2887 3248 2954 μὲν
3282 2887 3356 2956 μὴ
3400 2885 3764 2952 ἀδυνατῶων
3793 2883 3963 2951 λόγον

2364 2975 2585 3040 διδνὶναι,
2613 2975 2769 3043 ὑμεῖς
2799 2975 2855 3027 δέ
2882 2975 2984 3028 οὐκ
3011 2975 3321 3043 ἀναγκαίως
3344 2974 3655 3043 δεικνύητε,
3681 2972 3962 3041 νικῶμεν.

2367 3067 2429 3119 Εἰ
2462 3069 2568 3136 γὰρ
2596 3068 2774 3120 ἐκεῖνο
2802 3068 2903 3137 μὲν
2930 3068 3031 3121 οὑκ
3049 3068 3289 3137 ἀνάγκη,
3319 3068 3482 3121 τοῦτο
3511 3067 3565 3119 δέ
3598 3067 3873 3137 ἐγχωρεῖ,
3905 3068 3965 3120 αῖ

2367 3156 2424 3208 δὲ
2455 3156 2743 3219 ὑποθέσεις
2775 3158 2873 3228 τῆς
2904 3158 3143 3222 πίστεως
3177 3159 3351 3213 πᾶσαι
3383 3157 3477 3211 καὶ
3500 3157 3559 3211 αί
3588 3157 3819 3226 Γραφαὶ
3854 3155 3967 3219 τῶν

2370 3248 2542 3317 ἁγίων
2587 3247 2682 3301 καὶ
2725 3249 2778 3301 αί
2817 3248 3027 3303 σύνοδοι
3072 3249 3153 3322 τῷ
3191 3250 3443 3321 ἡμετέρῳ
3480 3248 3967 3317 συναγωνίζονται

2369 3340 2532 3411 λόγῳ,
2569 3341 2730 3394 τοῦτο
2766 3341 2831 3411 δὴ
2858 3342 2953 3394 καὶ
2984 3344 3131 3405 ἐστιν
3154 3342 3381 3412 ἀληθές.

2844 3454 3416 3512 ΑΡΓΥΡΟΠΟΥΛΟΣ.

2445 3570 2535 3621 Διὸ
2574 3567 2667 3623 καὶ
2705 3568 2999 3639 ἀρχοειδῶς
3032 3569 3133 3637 μὲν
3164 3571 3257 3623 καὶ
3297 3560 3755 3641 προηγουμένως,
3793 3572 3970 3639 φαίην

2371 3662 2415 3715 δ’
2439 3662 2504 3715 ἂν
2536 3662 2631 3716 καὶ
2655 3662 3153 3732 προκαταρκτικῶς
3181 3663 3274 3717 καὶ
3297 3664 3507 3734 κυρίως
3530 3664 3596 3715 ἐκ
3615 3661 3716 3715 τοῦ
3743 3663 3971 3734 [ἰατρὸς

2373 3755 2622 3823 προϊέναι
2656 3754 2791 3822 φησὶ
2835 3754 3147 3822 τδΠνεῦμα
3180 3753 3241 3808 16
3272 3755 3449 3823 ἅγιον,
3483 3756 3543 3819 ἐξ
3586 3754 3723 3808 Υίοῦ
3767 3755 3832 3809 δὲ
3871 3757 3972 3825 οὐχ

2371 3846 2536 3911 οὕτω,
2571 3846 2673 3899 κᾶν
2702 3846 2761 3911 ἐξ
2787 3846 2953 3901 αὑτοῦ
2983 3850 3047 3918 τῇ
3074 3848 3211 3919 αὐτῇ
3239 3848 3561 3919 παράγηται
3605 3846 3849 3917 δυνάμει
3878 3850 3974 3901 καὶ

2378 3941 2617 4011 προϐολῇ
2629 3983 2641 3995 .

2944 4056 3405 4111 ΔΓΑΔΛΙΔΝΟΣ.

2462 4173 2598 4226 Ἰδοὺ
2634 4174 2729 4227 καὶ
2778 4172 2970 4242 ἰτερον
3002 4171 3204 4225 λάκκον
3235 4168 3413 4241 ὤρυξε
3458 4168 3552 4221 καὶ
3585 4168 3859 4223 ἐνέπεσεν
3894 4170 3975 4231 είς

2378 4266 2563 4333 αὑτὸν,
2612 4265 2673 4319 16
2728 4261 3027 4333 ψαλμικδν,
3069 4261 3565 4330 ἁνακεκαλυμμένῃ
3603 4263 3857 4330 κεφαλῇ,
3913 4262 3975 4315 τδ

2376 4358 2557 4414 διττὸν
2586 4357 2685 4426 τῆς
2726 4357 2907 4427 ἀρχῆς
2942 4354 3240 4425 παραδούς.
3277 4354 3387 4408 Καὶ
3428 4352 3646 4424 πρῶτον
3682 4354 3786 4421 μὶν
3818 4356 3974 4417 ὅπως

2380 4453 2538 4506 ἐνίων
2591 4452 2765 4514 ἀκοὰς
2814 4448 3126 4519 ὑποφθείρῃ
3176 4448 3274 4510 τάς
3331 4464 3496 4500 τινων
3548 4446 3729 4513 ἁγίων
3779 4448 3978 4513 φωνὰς

767 4542 1043 4599 Ἕκαστον
1075 4543 1168 4599 οὖν
1196 4544 1307 4600 τῶν
1334 4544 1505 4616 τριῶν
1557 4544 1866 4618 προσώπων
1901 4541 1935 4621 ᾖ
1975 4546 2108 4609 Θεός
2158 4547 2276 4598 ἐστι
2302 4576 2357 4639 D
2383 4545 2764 4616 συμφορήσας,
2812 4541 3112 4613 προέταξεν
3166 4541 3397 4611 κυρίως,
3422 4540 3515 4592 καὶ
3566 4539 3850 4608 ἀρχικῶς,
3883 4544 3980 4591 καὶ

695 4631 1029 4707 δημιουργὸς
1073 4636 1372 4706 ήνωμένως
1415 4636 1512 4690 καὶ
1562 4638 1886 4707 ἁχωρίστως
1920 4638 2031 4690 τῶν
2076 4637 2274 4705 ἄλλων,

696 4731 794 4781 καὶ
826 4728 914 4783 διά
942 4729 1102 4783 τοῦτο
1138 4730 1463 4799 αὐτάρκωςο
1496 4729 1628 4783 διότι
1664 4730 1759 4801 ὅλη
1810 4732 1843 4801 ή
1886 4730 2081 4800 θεότης
2120 4729 2269 4782 ἐστὶν

695 4824 729 4891 ὴ
783 4821 1195 4893 δημιουργοῦσα
1249 4824 1283 4894 ἡ
1330 4822 1555 4886 τελείως
1587 4821 1738 4876 ἐστὶν
1778 4823 1837 4876 ἐν
1868 4824 2105 4893 ἑκάστῳ.
2139 4823 2279 4891 Προ-

696 4913 883 4968 6άλλει
913 4914 969 4967 δέ
991 4917 1019 4967 6
1053 4914 1266 4983 Πατὴρ,
1295 4914 1394 4984 οὑχ
1424 4909 1635 4986 ᾕΘεδς,
1664 4913 1727 4967 οὑ
1763 4914 1870 4984 γάρ
1900 4914 1996 4985 ὅλη
2029 4916 2060 4985 ἡ
2086 4914 2279 4984 Τριάς,

2379 4634 2900 4707 προκαταρκτικῶς,
2937 4634 3029 4688 καὶ
3059 4632 3352 4703 ἀρχωιδῶς
3384 4631 3557 4684 εἰπὼν
3608 4634 3676 4683 ἐκ
3722 4630 3825 4683 τοῦ
3873 4633 3981 4685 Πα-

2377 4731 2507 4800 196;
2542 4728 2886 4800 προῖέναι-τδ
2923 4726 3147 4796 Πνεῦμα
3199 4724 3260 4779 τὸ
3290 4723 3471 4792 ἅγιον,
3514 4718 3615 4776 εἶτ’
3650 4724 3978 4793 ἐπήγαγεν,

2378 4823 2438 4890 ἐξ
2466 4822 2598 4877 Υίοῦ
2624 4822 2681 4875 δὲ
2706 4822 2806 4890 οὑχ
2841 4819 3036 4881 οὕτως.

2462 4917 2608 4970 Ἀλλ’
2635 4919 2683 4970 οἱ
2710 4915 2884 4970 ταῦτα
2913 4913 3183 4977 εἰπόντες,
3227 4905 3273 4966 ὦ
3297 4911 3564 4983 βέλτιστε,
3596 4911 3731 4964 οὔτε
3773 4912 3982 4970 αἴτιον.

695 5008 813 5060 ἀλλ’
914 5007 1205 5077 πρόσωπόν
1237 5008 1387 5061 ἐστιν
1421 5007 1651 5077 ἀρχικόν
1685 5025 1744 5061 τε
1780 5007 1875 5060 καὶ
1910 5007 2183 5074 θεογόνων.
2223 5008 2282 5059 Εἰ
2380 5010 2507 5065 οὔτε
2565 5008 2742 5079 ἀρχὴν
2765 5048 2780 5074 ,
2834 5007 2959 5059 οὔτε
3015 5006 3323 5069 συναίτιον,
3368 5003 3493 5058 οὗτε
3548 5004 3859 5074 προὸολέα,
3888 5006 3984 5057 τὸν

697 5100 832 5167 γ.ῦν
878 5100 955 5171 μὴ
1007 5100 1169 5165 αὑτὸς
1221 5102 1382 5172 μόνος
1427 5102 1748 5172 προϐάλλει,
1780 5100 1917 5155 ἀλλὰ
1971 5099 2115 5170 μετά
2139 5116 2284 5163 τινος

698 5194 889 5260 ἐτέρου
932 5191 1252 5261 προσώπου,
1286 5195 1388 5248 οὑκ
1422 5194 1715 5264 αὐτάρκως
1776 5194 1938 5264 μόνος
1965 5210 1979 5227 ο
2034 5192 2068 5265 ἢ
2105 5195 2155 5246 εί
2186 5192 2285 5245 αὑ-

2384 5104 2516 5158 Υἱδν
2540 5101 2633 5155 τοῦ
2659 5103 2815 5169 ἀγίου
2841 5098 3160 5169 Πνεύματος
3180 5098 3565 5167 ἐδογμάτισαν.
3593 5097 3767 5149 Ὥστε
3795 5098 3985 5151 ταῦτα

2384 5195 2451 5263 τά
2482 5195 2841 5263 ἐπιρρήματα
2868 5189 3141 5258 διαφόρως
3174 5190 3285 5242 τισὶ
3318 5188 3427 5241 τῶν
3463 5186 3982 5260 ἀγίωνβίρημένα,

702 5286 946 5353 τάρκως,
983 5285 1248 5355 παρέλκει
1274 5286 1335 5339 16
1366 5286 1551 5340 λοιπόν
1577 5300 1593 5317 ⁶
1645 5286 1741 5342 καὶ
1791 5286 1950 5357 δῆλον
1995 5287 2079 5339 δτι
2124 5285 2287 5356 μόνος
2384 5288 2503 5343 ἀνθ’
2539 5287 2658 5349 ἐνός
2692 5290 2811 5339 ἐστι
2849 5284 2946 5338 τοῦ
2977 5284 3176 5353 μόνως.
3203 5284 3311 5336 Καὶ
3332 5282 3527 5335 ταυτὸν
3558 5280 3627 5334 ἂν
3655 5281 3897 5336 δύναιτ-ο
3930 5287 3989 5334 τὸ

703 5378 995 5448 αὐτάρκως
1021 5379 1187 5449 γεννᾷ
1206 5377 1300 5431 τὸν
1327 5377 1455 5431 Υίδν
1487 5379 1579 5432 καὶ
1602 5377 1745 5432 κατὰ
1777 5378 1858 5434 σέ.

2387 5382 2592 5453 κυρίως
2623 5382 2687 5433 ἐκ
2704 5379 2800 5433 τοῦ
2833 5379 3042 5448 Πατρὸς
3067 5375 3425 5446 ἐκπορεύεται
3454 5373 3533 5443 τῷ
3570 5374 3759 5443 μόνως
3789 5375 3865 5428 ἐκ
3888 5376 3987 5430 τοῦ

780 5471 877 5533 Τίς
906 5470 1038 5539 γοῦν
1081 5472 1115 5542 ή
1147 5470 1538 5541 ἀποκλήρωσις
1564 5472 1647 5524 ὅτι
1681 5472 1741 5524 16
1772 5471 1997 5541 Πνεῦμα
2027 5471 2089 5524 εὑ
2125 5468 2286 5539 μόνος
2389 5474 2603 5540 Πατρὸς
2641 5470 2788 5542 ἔχειν
2813 5472 2911 5541 τὴν
2948 5467 3183 5538 ὓπαρξιν
3215 5468 3275 5520 16
3298 5464 3523 5536 Πνεῦμα
3558 5466 3619 5519 τὸ
3649 5465 3845 5534 ἅγιον.
3884 5466 3988 5520 Διά

709 5560 1047 5633 προὸάλλει;
1081 5564 1140 5617 Εί
1171 5563 1227 5617 δὲ
1254 5564 1349 5627 τὰς
1376 5562 1543 5628 ἄλλας
1575 5563 1864 5631 ὑποθέσεις
1897 5566 2096 5635 λέγεις,
2120 5568 2289 5639 ἧγουν
2389 5565 2523 5635 γοῦν
2573 5564 2686 5619 τῶν
2735 5561 2995 5617 τοιούτων
3021 5559 3420 5633 ἐπιρρημάτων
3454 5557 3849 5629 ἀποκληροῦσι
3894 5559 3988 5612 τὸν

708 5673 807 5720 τας
847 5654 1186 5727 προηγήσεις
1219 5657 1310 5710 καὶ
1342 5658 1717 5729 πρυεπινοίας,
1741 5658 1901 5713 ἕωλοι
1923 5660 2128 5714 ἐκεῖναι
2160 5662 2290 5715 ἁνά-

712 5749 943 5819 πλασμά
986 5767 1045 5803 τε
1092 5750 1300 5817 καινὸν,
1332 5751 1427 5805 καὶ
1460 5750 1727 5822 αἱρέσεων
1767 5752 1935 5823 ἀρχαὶ
1965 5753 2289 5823 ἀπεδείχθη-

2393 5660 2522 5713 Υίδν
2550 5659 2650 5727 τῆς
2674 5655 2936 5725 τοιαύτης
2955 5654 3160 5721 αἰτίας,
3195 5653 3358 5723 μόνον
3382 5652 3482 5721 τὴν
3502 5650 3640 5720 πρὸς
3663 5650 3771 5721 τὴν
3796 5651 3987 5716 κτίσιν

2395 5752 2624 5825 πρόοδον
2657 5749 2750 5804 τοῦ
2789 5750 2948 5818 ἁγίου
2980 5748 3300 5816 Πνεὺματος
3345 5748 3405 5813 ἐξ
3429 5744 3598 5801 αὑτοῦ
3628 5744 3981 5809 δοξάζοντες.

714 5860 836 5901 σαν.
868 5843 1086 5900 Μᾶλλον
1119 5844 1217 5915 μὲν
1256 5840 1347 5901 οῦν
1372 5845 1482 5914 ἐγώ
1515 5862 1652 5916 φημι
1681 5846 1755 5910 ώς
1782 5845 1835 5902 εἴ
1859 5847 1908 5915 γ’
1932 5847 2165 5916 ἐγχωρεῖ
2201 5846 2293 5900 καὶ
2394 5846 2459 5915 ἢν
2485 5842 2742 5914 χρονικὴν
2778 5840 3083 5910 ἀποστολὴν
3110 5842 3316 5895 (hanc
3361 5838 3434 5893 ἄν
3471 5838 3630 5917 ὑμεῖς
3685 5838 3831 5903 μετὰ.
3886 5832 3979 5888 ταῦ
