4168 6434
215 427 352 493 1046

1336 423 1777 485 REFUTATIO
1814 424 2223 487 ARGYROPU
2234 426 2326 488 LI.

3317 409 3449 484 1046

212 546 405 614 Θωμᾶ.
431 543 503 597 Σὺ
536 541 593 595 δὲ
624 541 725 612 τὴν
756 537 1201 609 ξυνεπτυγμὲνην
1232 536 1458 591 ἐκείνων
1496 536 1778 605 θεολογίαν
1802 552 1851 610 Α
1878 539 1970 594 καὶ
1994 539 2137 593 κατά
2173 541 2356 609 πάσης
2380 538 2611 607 χωρίσαι
2640 539 2819 608 γυμνῇ
2847 540 2911 607 τῇ
2953 535 3160 605 κεφαλῇ
3197 534 3298 604 τῆς
3332 536 3449 588 θεό-

215 634 356 689 κατά
383 635 445 685 τὸ
475 632 558 686 σοὶ
579 631 771 685 δοκοῦν
801 630 1108 694 ἀνέπτυξας
1136 629 1316 697 δόγμα
1340 629 1552 698 κυρῶν,
1590 628 1778 682 κάκεί-

213 742 328 786 νοις
351 722 650 793 ἄγνωστον,
687 724 919 785 καὶτοῖς
956 721 1136 790 λόγοις
1167 720 1269 788 τῆς
1287 719 1597 789 ὀρθοδοξίας
1629 719 1779 773 ἀντί-υ

1880 648 2062 700 τητος.
2114 630 2274 683 Ἀλλά
2306 630 2399 682 καὶ
2427 631 2456 682 6
2486 630 2762 692 πολιτικός
2787 645 2920 696 φησι
2946 628 3132 697 νόμος,
3161 628 3446 696 Αίρετικός

1882 725 1998 775 ἑστι
2028 722 2123 775 καὶ
2151 722 2267 784 τοῖς
2298 721 2596 792 αἰρετικῶν
2627 722 2913 774 ὑπόκειται
2956 722 3164 788 νόμοις,
3199 721 3227 772 6
3257 720 3453 790 μικρὸν

216 814 405 871 παλον.
431 815 556 885 Πῷς
586 814 698 884 γὰρ
727 814 792 868 ἂν
817 814 913 867 καὶ
944 812 1204 885 ἐφρόνουν
1238 811 1398 865 τοῦτο
1434 814 1483 864 οἱ
1514 812 1781 865 θειότατοι
1884 810 2013 882 γοῦν
2043 831 2095 867 τι
2120 814 2218 884 τῆς
2245 813 2413 883 ὀρθῆς
2440 814 2676 876 πίστεως
2709 813 3112 883 παρεκκλίνων.

214 907 438 972 ἐκεῖνοι,
469 905 593 978 μήτ’
637 908 703 959 ὲκ
737 907 835 973 τῆς
873 904 1022 967 θείας
1052 904 1402 975 παραδόσεως
1443 903 1587 957 τοῦτ’
1637 904 1785 969 εἰλη-

218 999 402 1065 φότες,
429 997 555 1068 μήτ’
586 998 695 1052 ἀπὸ
724 1000 822 1066 τῆς
852 994 1219 1064 ἀποστολικῆς
1241 996 1613 1059 διδασκαλίας,
1643 997 1783 1065 μήτε

218 1089 372 1157 παρὰ
414 1089 514 1158 τῆς
549 1087 877 1158 Ἐκκλησίας
932 1087 1124 1156 αὐτῆς,
1176 1088 1490 1141 τούναντίον
1541 1087 1642 1155 μὲν
1694 1084 1787 1140 οὖν

217 1180 344 1245 ὅρον
372 1178 655 1247 εἰληφότες
689 1178 902 1249 μυρίοις
927 1177 1145 1248 δεσμοῖς
1170 1178 1266 1232 καὶ
1293 1177 1587 1247 ἐπιτιμίοις
1612 1195 1788 1231 κατω-

219 1269 563 1338 χυρωμένον,
591 1270 655 1323 τδ
683 1268 906 1338 Πνεῦμα
937 1269 1000 1322 τὸ
1027 1270 1181 1335 ᾶγιον
1231 1271 1295 1322 ἐκ
1322 1269 1414 1323 τοῦ
1440 1269 1652 1337 Πατρὸς
1689 1270 1791 1338 μὲν

221 1358 641 1427 ἐκπορεύεσθαι,
679 1358 854 1430 Πατρὶ
886 1358 942 1411 δὲ
980 1357 1076 1411 καί⁵
1101 1358 1216 1428 Υίῷ
1256 1359 1791 1429 συμπροσκυνεῖσθαι

221 1449 319 1501 καὶ
346 1448 762 1515 συνδοξάζεσθαι
793 1451 886 1502 καὶ
909 1451 1127 1519 φρονεῖν
1161 1450 1258 1503 καὶ
1280 1449 1614 1520 κηρύττειν;

293 1540 429 1595 Λίαν
458 1541 514 1594 δὲ
541 1542 635 1594 καὶ
666 1542 917 1612 τολμηρά
948 1558 1036 1612 μοι
1070 1540 1220 1595 δοκεῖ
1248 1543 1280 1612 ή
1308 1542 1571 1613 ἀπαγωγὴ
1604 1544 1669 1615 ἢν
1700 1544 1795 1596 επ-

2396 926 2964 980 ΑΡΓΥΡΟΠΟΥΛΟΣ.

1968 1040 2284 1110 Ἀντιφάσει
2314 1041 2421 1107 γὰρ
2468 1039 2536 1092 ἂν
2585 1039 2971 1108 περιέπιπτεν,
3004 1040 3054 1090 εἰ
3099 1038 3271 1098 οὕτως
3318 1035 3457 1089 ἐνόει

1888 1131 2069 1199 ταυτὶ,
2102 1130 2197 1184 καὶ
2227 1130 2287 1195 ἐξ
2325 1129 2456 1182 Υῖοῦ
2488 1129 2549 1181 τὸ
2575 1128 2804 1198 Πνεῦμα
2835 1129 3202 1199 κηρύττουσα.

2453 1240 2909 1306 ΑΓΑΛΛΙΛΝΟΣ.

1962 1359 2077 1412 Καὶ
2123 1358 2265 1411 πάνυ
2300 1355 2400 1424 μὲν
2431 1353 2524 1408 οὖν
2554 1357 2621 1425 τῇ
2652 1355 2792 1425 αὐτῇ
2826 1354 3111 1421 ἀντιφάσει
3140 1352 3462 1420 περιπίπτει

1895 1451 1990 1505 καὶ
2022 1450 2138 1517 νῦν,
2172 1450 2305 1503 Θεὸν
2330 1447 2668 1519 ὁμολογοῦσα
2709 1446 2770 1499 τὸ
2814 1444 3058 1513 Πνεῦμα,
3111 1445 3206 1496 καὶ
3259 1444 3463 1512 κτίσμα

1896 1539 1961 1597 αὖ
1995 1541 2249 1608 ποιοῦσα,
2279 1541 2363 1595 ὅτι
2393 1542 2579 1610 στερεῖ
2598 1538 2759 1592 τοῦτο
2784 1536 3079 1598 οὐσιώίους
3108 1535 3203 1587 καὶ
3231 1537 3463 1604 φυσικῆς

223 1632 454 1700 ἠγαγες.
507 1631 566 1697 ἐξ
617 1630 751 1684 Υῑοῦ
794 1630 850 1683 δὲ
882 1632 980 1700 οὐχ
1015 1629 1209 1697 οὕτως,
1246 1631 1437 1686 εἰπών.
1479 1632 1574 1686 Ἐκ
1601 1622 1792 1686 τούτου
1896 1635 2201 1704 δυνάμεως,
2231 1633 2325 1686 καὶ
2356 1632 2446 1686 διὰ
2471 1630 2628 1685 τοῦτο
2657 1630 2843 1700 κοινῆς
2877 1629 3053 1696 Πατρὶ
3087 1630 3181 1681 καὶ
3212 1626 3325 1695 Υίῷ
3366 1627 3464 1694 τῆς

224 1722 333 1791 γὰρ
366 1721 425 1775 τὸ
450 1720 627 1775 διττὸν
669 1722 769 1790 τῆς
810 1722 989 1781 αἰτίας
1038 1721 1327 1791 πρόδηλον.
1365 1723 1427 1775 Εἰ
1472 1724 1580 1793 γὰρ
1623 1722 1798 1789 ἄλλως

230 1814 332 1876 μὲν
357 1812 510 1867 ἔστιν
541 1815 568 1866 6
595 1812 783 1884 Πατὴρ
814 1814 956 1882 ἀρχὴ
982 1816 1014 1882 ή
1040 1813 1135 1866 τοῦ
1155 1815 1312 1881 ἀγίου
1346 1816 1680 1883 Πνεύματος,
1705 1815 1795 1869 ἀλ-

1900 1727 2272 1799 προϐλητικῆς
2299 1740 2313 1757 ο
2341 1725 2435 1778 καὶ
2455 1724 2537 1777 ἔτι
2570 1722 2835 1792 διαφοράν
2862 1718 3047 1790 ἀρχῶν
3074 1718 3462 1790 παραδιδοῦσα,

1902 1821 1991 1875 τὸν
2046 1820 2149 1889 μὲν
2202 1817 2430 1887 Πατέρα
2461 1815 2700 1883 λέγουσα
2735 1813 2969 1882 ἄναρχον
3023 1810 3220 1881 ἀρχὴν,
3278 1813 3370 1862 τὸν
3412 1812 3467 1862 6‘:

226 1905 332 1969 λως
364 1905 420 1959 δὲ
449 1908 478 1960 ὁ
506 1907 655 1973 Υίδς,
687 1908 748 1959 τὸ
779 1905 827 1959 δ’
863 1907 1035 1969 άλλως
1064 1910 1155 1960 καὶ
1181 1908 1356 1970 ἄλλως
1396 1908 1660 1977 διαφορὰν
1687 1911 1798 1962 εἰσ·-
1829 1884 1871 1940 B
1905 1884 2242 1989 Tim-&9th
2296 1884 2374 1974 ἐξ-
2411 1905 2609 1978 ἀρχῆς,
2641 1904 2761 1974 ἣτις
2790 1902 3028 1972 διαφορά
3063 1901 3160 1972 τὴν
3208 1901 3470 1971 δυαρχίαν

227 1998 375 2065 άγει.
410 1999 473 2051 σύ
502 1998 558 2052 δὲ
587 1998 733 2050 τοῦθ’
767 1996 910 2050 οὕτω
941 1999 1240 2065 πιστεύεις,
1264 2001 1693 2068 περιπέπτωκας
1727 2002 1794 2072 τῇ

226 2088 461 2160 δυαρχίκίι⁵
489 2090 683 2159 δήπου.
712 2088 834 2153 Πῶς
869 2090 978 2161 γάρ
1008 2090 1040 2160 ὴ
1064 2090 1205 2159 αὐτὴ
1234 2091 1329 2142 καί¹
1365 2089 1462 2159 μία
1498 2091 1583 2158 είη
1613 2087 1678 2143 ἂν
1704 2090 1798 2158 ἀρ-

226 2181 322 2251 χὴ,
380 2180 859 2252 διακεκριμμένων
913 2182 1084 2235 ὄντων
1127 2181 1235 2234 τῶν
1297 2181 1630 2251 προσώπων,
1670 2197 1799 2250 προ-

227 2274 470 2342 αγόντων
499 2273 555 2325 δὲ
582 2274 640 2326 οὐ
667 2274 802 2327 καθό
829 2275 968 2327 είσιν
997 2274 1057 2326 ἓν
1099 2278 1165 2343 τῇ
1194 2274 1374 2344 οὐσίᾳ,
1407 2273 1500 2326 καὶ
1526 2274 1802 2343 διαφόρων

225 2368 399 2422 ὅντων
432 2369 541 2421 τῶν
574 2370 792 2436 τρόπων
825 2370 921 2437 τῆς
969 2370 1337 2440 προαγωγῆς;
1373 2367 1448 2419 Τὸ
1472 2367 1527 2420 δὲ
1559 2370 1627 2436 τῇ
1664 2368 1802 2437 αὐτῇ

226 2463 460 2531 δυνάμει
508 2467 603 2518 καὶ
639 2464 879 2535 προϐολῇ
920 2465 1086 2518 ταυτό
1126 2482 1218 2533 μοι
1246 2464 1397 2517 δοκεῖ
1432 2463 1692 2517 δύνασθαι
1722 2462 1801 2531 τῷ

229 2556 400 2623 φάναι
432 2556 574 2620 τινὰ,
607 2555 701 2609 δύο
733 2558 990 2618 τέκτονας
1019 2556 1372 2619 συνελθόντας
1405 2558 1469 2627 τῇ
1506 2551 1569 2608 ὲν
1618 2554 1803 2623 σφίσιν

231 2647 419 2707 αὐτοῖς
451 2646 551 2717 μιᾷ
604 2647 833 2714 δυνάμει
871 2646 971 2715 τῆς
1002 2646 1172 2716 αὐτῆς
1199 2647 1394 2715 τέχνης
1436 2644 1565 2714 μίαν
1613 2645 1804 2714 κλίνην

233 2738 533 2804 συνθεῖναι,
559 2738 587 2791 6
610 2739 782 2809 πόσης
811 2739 1186 2810 βλασφημίας,
1217 2740 1277 2791 οὐ
1302 2737 1535 2807 χαλεπὸν
1564 2736 1805 2791 συνιέναι

231 2830 362 2895 τούς
397 2830 707 2902 σώφρονας.

740 2945 1310 3003 ΔΡΓΥΡΟΠΟΥΛΟΣ.

309 3058 475 3112 Ὅθεν
500 3059 556 3113 δὲ
591 3059 647 3113 ετ
669 3078 769 3115 που
794 3063 885 3115 τὸν
913 3062 1042 3116 Υίδν
1074 3061 1246 3134 ἀρχὴν
1279 3061 1374 3116 καὶ
1405 3061 1589 3117 αἰτίαν
1613 3064 1801 3133 φησὶν,

230 3150 271 3219 ἢ
309 3149 579 3222 ξυγχωρεῖ
612 3153 789 3221 λέγων
822 3155 921 3224 τῆς
953 3154 1050 3208 τοῦ
1083 3154 1401 3224 Πνεύματος
1430 3152 1802 3219 ὑποστάσεως,

237 3244 496 3316 καθάπερ
530 3247 587 3299 ὲν
620 3247 697 3316 τῷ
730 3248 840 3317 ὅρῳ
868 3246 968 3318 τῆς
1000 3248 1150 3319 ἱερᾶς
1172 3248 1467 3318 καθολικῆς
1501 3244 1552 3317 η’
1587 3247 1805 3300 συνόδου
1835 3229 1878 3288 c

233 3336 340 3404 τῆς
367 3336 426 3391 ὲν
454 3337 765 3410 Φλωρεντίᾳ
789 3341 1119 3410 γέγραπται,
1155 3340 1254 3409 οὐχ
1280 3338 1465 3403 ἀπλῶς
1492 3337 1666 3410 ἀρχὴν
1698 3337 1809 3391 οὐδ’

237 3424 421 3478 αἰτίαν
467 3425 714 3496 βούλεται
759 3424 899 3484 εἶναι
943 3430 1131 3494 αὐτὸν,
1190 3430 1307 3484 ἀλλ’
1340 3429 1517 3502 ἀρχὴν
1545 3431 1602 3496 ἐξ
1634 3430 1808 3500 ἀρχῆς

239 3517 336 3570 καὶ
369 3516 629 3591 αἰτίας,ἢ
659 3520 835 3575 αίτιον
863 3521 936 3585 ὡς
968 3523 1263 3577 συναίτιον.

812 3632 1267 3688 ΔΓΑΛᾹΙΑΝΟΣ.

324 3746 414 3808 Ὦς
438 3749 628 3819 χάριεν
650 3746 717 3801 ἂν
743 3743 811 3816 ἦν
843 3746 943 3814 τῆς
975 3748 1198 3801 συνόδου
1233 3746 1437 3818 ταύτης
1460 3745 1639 3811 τοῦτο,
1671 3748 1724 3799 εί
1748 3762 1810 3813 γε

238 3841 325 3896 δεῖ
379 3842 585 3911 ταύτην
642 3840 784 3895 οὕτω
837 3842 1145 3907 καλεῖσθαι,
1182 3842 1274 3895 καὶ
1318 3841 1421 3895 ὃσα
1473 3840 1812 3911 προσέθηκεν

237 3926 398 3997 οὗτος
451 3932 692 3997 ἀκούειν,
723 3932 859 3987 ἀλλά
913 3933 987 4005 μὴ
1027 3933 1345 3986 τούναντίον
1397 3932 1564 3995 ἅπαν,
1611 3932 1659 3984 εἰ
1715 3931 1813 3984 σὺν

239 4025 357 4087 τοῖς
390 4024 567 4087 ἀλλοις
605 4027 699 4078 καὶ
728 4024 936 4094 ταύτην
967 4024 1063 4095 τὴν
1096 4023 1451 4094 βλασφημίαν
1484 4021 1809 4093 ἐξενηνόχει.

750 4127 1322 4194 ΑΡΓΥΡΟΠΟῨΛΟΣ.

332 4254 541 4317 ’Δπλῶς
589 4244 763 4324 ἀρχὴν
798 4253 894 4307 καὶ
931 4253 1174 4306 αἰτιατδν
1221 4252 1348 4304 Υἰδν
1401 4251 1811 4320 δογματίσασα·

240 4346 393 4404 οὔτω
422 4347 530 4416 γάρ
564 4346 628 4400 ἂν
654 4346 749 4399 καὶ
780 4347 958 4400 πᾶσαν
989 4345 1199 4415 αἵρεσιν
1230 4348 1295 4416 τῇ
1324 4345 1616 4415 δυσσεϐείᾳ
1651 4344 1817 4414 61:59-

240 4439 555 4510 ηκόντισεν.

808 4550 932 4604 ΔΓΑ
943 4548 1261 4604 ΛΛΙΑΝΟΣ.

319 4669 383 4723 Et
414 4667 522 4739 γὰρ
555 4666 649 4721 καὶ
684 4665 776 4718 δύο
804 4663 1013 4725 αἰτίους
1053 4665 1200 4717 ποιεῖ
1223 4663 1314 4716 τὸν
1356 4662 1530 4718 αἴτιον
1562 4663 1655 4717 καὶ
1698 4680 1818 4716 συν-

242 4762 445 4826 αίτιον,
482 4759 573 4814 καὶ
599 4758 688 4813 διὰ
719 4757 893 4829 μέσης
930 4753 1005 4811 αὖ
1033 4757 1388 4820 ὑποστάσεως
1415 4757 1564 4820 θείας
1588 4756 1819 4825 ὑφίστά-

239 4872 338 4908 ται
371 4855 429 4906 τὸ
466 4852 690 4922 Πνεῦμα
740 4851 800 4904 τὸ
835 4850 991 4918 ἀγιον
1031 4851 1094 4904 ἐκ
1130 4850 1223 4903 τοῦ
1276 4850 1489 4919 Πατρὸς
1526 4848 1820 4902 ἐθέσπισεν

240 4947 308 5000 τὸ
326 4945 394 4998 δι’
424 4943 554 4998 Υίοῦ
583 4944 830 5011 προϊέναι
855 4940 1028 5004 οὕτως
1060 4942 1540 5012 ἐκλαμϐανομένη,
1572 4945 1663 4995 καί
1696 4960 1819 4996 συν-

240 5040 431 5095 τάττει
467 5038 525 5090 τὸ
552 5035 779 5105 Πνεῦμα
810 5035 923 5098 τοῖς
954 5034 1120 5099 ὅλοις,
1153 5028 1230 5089 ὧν
1263 5036 1411 5088 ἐστιν
1444 5034 1585 5105 ἀρχὴ
1630 5035 1686 5100 ἐξ
1724 5035 1821 5106 ἁρ-

242 5132 350 5201 χῆς
377 5132 412 5184 δ’
440 5130 585 5191 Υίός.
628 5127 771 5181 ‘AD.’
798 5113 929 5189 ίσῶς
978 5124 1154 5181 ταῦτα
1195 5126 1274 5189 είς
1317 5124 1549 5193 ἀτοπίαν
1596 5126 1820 5179 ἐκείνων

240 5222 476 5276 ὶλάττω.
508 5221 569 5273 Εἰ
592 5218 649 5272 δέ
677 5235 740 5287 γε
761 5217 853 5270 δύο
878 5216 1219 5288 βλασφημίαι
1247 5218 1582 5287 προκέοιντο,
1614 5218 1819 5287 μείζων

241 5331 309 5368 τε
362 5314 457 5367 καὶ
503 5311 762 5377 ἐλάττων,
788 5310 850 5363 οὐ
882 5310 972 5365 διὰ
999 5309 1157 5364 τοῦτο
1205 5311 1237 5380 ἡ
1278 5309 1519 5363 ἐλάττων
1569 5311 1818 5380 αἱρετέα,

238 5410 331 5462 ὃτι
354 5406 388 5475 ἡ
415 5404 578 5475 ἑτέρα
610 5401 856 5473 σφοδρῶς
882 5400 1198 5471 ἀπείρηται,
1237 5401 1398 5471 είπερ
1430 5399 1570 5457 ὅλως
1617 5403 1719 5455 κάν
1752 5403 1817 5472 τῇ

242 5499 375 5569 ἱερᾷ
402 5496 652 5567 θεολογίᾳ
681 5493 925 5564 βαθμοὺς
951 5486 1091 5547 εἶναι
1120 5494 1202 5546 δεῖ
1221 5493 1329 5546 τῶν
1349 5495 1630 5550 τοιούτων.
1666 5495 1819 5547 Ἐπεὶ

239 5594 315 5661 τῇ
340 5607 404 5659 γε
433 5590 662 5658 δυνάμει
695 5587 892 5659 ἐπίσης
920 5588 1096 5642 πάντα
1123 5587 1183 5639 τὸ
1220 5587 1516 5656 κεφάλαιον
1549 5587 1817 5641 ἀπόλλυσι

241 5685 392 5737 κατά
434 5682 541 5735 στὸν
596 5680 858 5749 Θεολόγον
917 5680 957 5733 Γ
963 5679 1224 5751 ρηγὸριον
1274 5682 1331 5732 ἐν
1373 5679 1450 5749 τῷ
1478 5680 1683 5749 πρώτῳ
1715 5680 1820 5733 τῶν

237 5775 579 5847 ιίἰρηνικῶν
631 5774 945 5844 φάσκοντα·
987 5774 1097 5828 Καὶ
1144 5773 1206 5825 τὸ
1257 5773 1553 5844 περικόψαι
1605 5790 1657 5826 τι
1710 5774 1820 5825 τῶν

246 5871 501 5943 τ,ριῶν,ἥ
531 5867 895 5938 ἀποξενῶσαι,
927 5865 1039 5921 ἴσον
1074 5868 1207 5938 ἡμῖν
1240 5867 1331 5920 καὶ
1368 5866 1425 5919 τὸ
1450 5868 1557 5921 πᾶν
1588 5867 1817 5932 ἀνελεῖν,

1901 2003 2111 2071 εἰσάγει
2136 1999 2423 2072 προδήλως

2388 2106 2963 2164 ΑΡΓΥΡΟΠΟΥΛΟΣ.

1973 2235 2120 2287 Μίαν
2170 2229 2306 2299 αὐτὴ
2358 2244 2492 2297 φησι
2543 2224 2720 2295 ἀρχὴν
2781 2220 3108 2293 πρεσϐεύειν
3161 2219 3253 2274 τοῦ
3314 2220 3469 2274 ἁγίου

1903 2326 2239 2396 Πνεύματος.

2450 2430 2905 2491 ᾹΓΑΛΛῙΑΝΟΣ.

1988 2552 2130 2608 Ἀλλ’
2159 2557 2187 2607 6
2217 2553 2478 2621 Θεολὸγος
2524 2552 2833 2623 Γρηγόριος
2866 2550 2966 2621 οὐχ
2998 2548 3141 2603 οὕτω
3172 2548 3467 2619 παραδίδω-

1907 2665 2013 2714 σιν,
2046 2648 2167 2702 οὐδὲ
2196 2647 2434 2718 ἄναρχον
2461 2647 2637 2717 ἀρχήν
2665 2661 2798 2714 φησι
2840 2644 2932 2697 τὸν
2969 2643 3213 2712 Πατέρα,
3253 2643 3339 2694 ἵνα
3372 2641 3473 2710 χὼ-

1911 2756 2010 2808 ραν
2034 2738 2133 2810 ἔχῃ
2162 2741 2195 2810 ή
2228 2740 2390 2808 καινὴ
2420 2738 2560 2808 αῦτη
2596 2736 2869 2804 θεολογία,
2904 2736 2997 2789 καὶ
3027 2737 3053 2788 6
3084 2734 3208 2795 Tib;
3245 2734 3388 2804 ἁρχὴ
3417 2737 3476 2798 ἐξ

1905 2832 2147 2902 ἀνάρχου
2182 2832 2268 2900 εἴη
2297 2831 2443 2884 ἔνδον
2470 2831 2527 2883 ἰν
2557 2832 2622 2900 τῇ
2667 2828 2903 2899 θεότητι,
2942 2828 3058 2880 ἀλλ’
3097 2826 3335 2896 ἰδιότητα
3380 2826 3474 2876 τοῦ

1907 2925 2177 2997 πατρικοῦ
2209 2924 2500 2994 προσώπου
2533 2922 2595 2976 τὸ
2624 2924 2861 2993 ἄναρχον
2890 2922 2987 2976 καὶ
3008 2921 3109 2991 τὴν
3144 2921 3322 2990 ἀρχὴν
3347 2922 3475 2980 νοεῖ,

1908 3017 2106 3087 λέγων,
2144 3036 2161 3069 ι
2184 3017 2251 3072 Αἰ
2276 3018 2331 3070 δὲ
2361 3016 2623 3086 ἰδιότητες
2643 3016 2754 3068 Πατ
2766 3014 2856 3085 ρὸς
2891 3014 2991 3080 μὲν
3011 3014 3103 3066 καὶ
3131 3012 3365 3081 ἀνάρχου
3384 3014 3479 3064 καὶ

1908 3107 2083 3177 ἀρχῆς
2118 3106 2525 3176 ιπινοουμένου,
2557 3104 2686 3158 Υίοῦ
2739 3104 2833 3158 καὶ
2867 3104 3195 3173 λεγομένου,
3250 3102 3383 3155 Υἱοῦ
3423 3102 3478 3154 δὲ

1910 3200 2147 3269 ἀνάρχου
2185 3198 2284 3268 μὲν
2317 3198 2579 3267 οὐδαμοῦ,
2621 3197 2796 3269 ἀρχῆς
2833 3197 2890 3251 δὲ
2928 3196 3038 3250 τῶν
3067 3195 3227 3251 ὅλων.
3268 3214 3288 3248 ι
3346 3190 3482 3250 Εἶτα

1910 3289 2029 3354 πῶς
2086 3291 2145 3344 οὐ
2188 3290 2281 3344 δύο
2326 3292 2502 3362 ἀρχὰς
2535 3293 2701 3362 ποιεῖ,
2738 3289 2796 3344 ἓν
2832 3291 3126 3359 πρόσωπον
3160 3289 3219 3343 τὸ
3256 3288 3481 3357 Πνεῦμα

1911 3382 2049 3453 πρὸς
2098 3382 2191 3437 δύο
2244 3385 2596 3453 ἀναφέρουσα
2644 3385 2912 3453 πρόσωπα
2958 3380 3338 3444 ὐποστατικῶς
3387 3382 3481 3434 καὶ

1912 3477 2281 3547 προσωπικῶς
2306 3491 2322 3543 ;
2355 3477 2420 3529 Δί
2454 3478 2563 3545 γὰρ
2592 3477 2739 3529 ἔνδον
2766 3475 3035 3545 ἀναφοραί
3066 3472 3375 3545 προσώπων
3407 3474 3483 3526 εἰ·

1913 3566 2020 3632 σίν,
2046 3566 2147 3620 οὐκ
2182 3566 2373 3628 οὐσίας
2399 3583 2459 3619 τε
2492 3568 2585 3619 καὶ
2608 3566 2915 3634 δυνάμεως.

2404 3678 2973 3736 ΔΡΓΥΡΟΠΟΥΛΟΣ.

1985 3793 2048 3846 Εἰ
2104 3792 2160 3847 δὲ
2212 3791 2418 3846 τούτων
2454 3791 2545 3862 ὐφ’
2578 3790 2735 3862 ἡμῶν
2787 3791 3092 3862 εἰρημένων
3133 3808 3219 3855 τις
3262 3791 3480 3861 ἀποροῖ,

1916 3884 2132 3952 πρῶτον
2164 3885 2265 3952 μὲν
2290 3884 2405 3947 πῶς
2445 3880 2539 3938 οὖν
2582 3885 2611 3937 6
2648 3883 2778 3947 Υἰδς
2809 3885 2870 3937 οὐ
2902 3885 3087 3954 γεννᾷ,
3119 3883 3373 3953 καθάπερ
3420 3884 3483 3952 δὴ

1915 3976 2009 4029 καὶ
2050 3975 2363 4047 προϐάλλει,
2414 3975 2511 4043 τῆς
2554 3975 2723 4043 αὐτῆς
2770 3975 3192 4046 μεταλαγχάνειν
3232 3992 3483 4044 γεννητι-

1916 4068 2017 4138 κῆς
2070 4068 2352 4138 δυνάμεως
2402 4068 2481 4137 τῷ
2532 4068 2745 4140 Πατρί;
2796 4069 2829 4140 ἢ
2881 4069 2998 4133 πῶς
3051 4070 3127 4122 τὸν
3160 4067 3381 4138 Πνεῦμα
3427 4069 3485 4119 τ’)

1917 4162 2073 4230 ἆγιον
2123 4160 2247 4215 οὔτε
2298 4161 2592 4233 προϐάλλει
2644 4161 2768 4216 οὐτε
2830 4163 2993 4234 γεννᾷ
3049 4161 3158 4215 τῶν
3203 4161 3486 4230 δυνάμεων

1918 4254 2119 4324 ἑτέρων
2187 4254 2361 4309 οὐσῶν
2416 4256 2474 4307 ὲν
2526 4252 2676 4325 αὐτῷ
2731 4253 2985 4325 καθάπερ
3049 4256 3107 4309 ἐν
3157 4254 3333 4325 Πατρὶ
3392 4254 3488 4306 καὶ

1920 4348 2031 4417 Υἱῷ
2055 4364 2070 4414 ;

2473 4464 2600 4517 ΔΓΑ
2610 4462 2929 4517 ΛΛΙΑΝΟΣ.

1997 4579 2137 4644 Ἤδη
2171 4576 2265 4629 νῦν
2285 4576 2787 4648 ἀλακεκαλυμμένῃ
2809 4578 2875 4647 τῇ
2906 4576 3119 4648 κεφαλῇ
3150 4576 3209 4629 τὸ
3229 4577 3488 4647 ἀτόπημα
3568 4570 3573 4573 ’

1920 4668 2216 4740 ἐξέρρηξεν
2249 4668 2332 4720 ὅτι
2373 4669 2400 4720 6
2440 4666 2570 4730 Υἱὸς
2603 4666 2719 4738 ἔχει
2762 4667 2861 4737 τὴν
2897 4668 3222 4739 γεννητικὴν
3261 4668 3490 4738 δύναμιν

1918 4760 2012 4816 τοῦ
2034 4758 2246 4828 Πατρδς
2279 4759 2416 4829 μετά
2444 4760 2543 4830 τῆς
2578 4758 2974 4830 προϐλητικῆς,
3005 4758 3267 4822 ὡσαύτως
3309 4761 3403 4812 καὶ
3433 4758 3491 4811 τὸ

1923 4854 2169 4922 Πνεῦμα.
2208 4854 2317 4905 Καὶ
2347 4852 2540 4904 σκόπει
2572 4850 2631 4903 τὸ
2666 4852 3093 4918 καταναγκάσαι
3125 4851 3309 4906 αὐτόν.
3354 4852 3487 4903 Σννο

1920 4944 2240 5014 αισοόμενος
2278 4945 2381 5011 ὅτι,
2414 4947 2463 4996 εἰ
2498 4946 2523 4996 6
2550 4944 2678 5006 Υίδς
2708 4943 2820 5013 ἔχει
2853 4944 2949 5015 τὴν
2983 4942 3381 5015 προϐλητικὴν,
3413 4943 3492 4995 δεῖ

1922 5038 2017 5092 καὶ
2040 5041 2100 5091 τὸ
2130 5036 2351 5106 Πνεῦμα
2383 5036 2484 5106 τὴν
2516 5034 2844 5106 γεννητικὴν
2875 5034 3046 5105 ἔχειν,
3080 5037 3174 5087 καὶ
3214 5036 3382 5103 αὐτὴν
3412 5034 3493 5087 ἔτι

1920 5132 2019 5203 τὴν
2042 5129 2437 5200 προϐλητικὴν,
2470 5128 2544 5190 ὡς
2579 5129 2673 5183 καί
2705 5126 2794 5196 ὐφ’
2827 5126 2985 5199 ἡμῶν
3020 5129 3106 5183 ἀεὶ
3135 5129 3350 5195 λέγεται
3385 5126 3493 5179 δεῖν

1922 5224 2237 5280 ἀκολουθεῖν
2266 5226 2339 5288 ὡς
2365 5223 2565 5279 ἄτοπα.
2607 5223 2668 5278 Εἰ
2705 5226 2734 5278 6
2774 5223 2900 5288 Υἱὸς
2942 5225 3024 5293 εἴη
3066 5223 3365 5294 προϐολεὺς
3405 5223 3491 5275 καί

1922 5319 2022 5371 οὐκ
2069 5316 2211 5388 ἔχων
2262 5317 2589 5385 ἀποφυγεῖν,
2626 5316 2687 5370 οὐ
2730 5318 3003 5387 συγχωρεῖ
3042 5317 3253 5378 τούτοις
3301 5316 3376 5378 ὼς
3422 5316 3494 5386 μὴ

1923 5413 2167 5474 ἀτόποις
2211 5409 2303 5464 καὶ
2326 5410 2413 5464 ἵνα
2441 5410 2588 5481 δείξῃ
2618 5409 2790 5464 ταῦτα
2814 5410 2889 5481 μὴ
2916 5409 3047 5463 ὄντα
3077 5410 3276 5474 ἄτοπα,
3305 5409 3494 5463 ἀδυνα-

1926 5502 2055 5572 μίας
2086 5500 2288 5571 μᾶλλον
2316 5500 2349 5570 ἢ
2373 5500 2635 5571 δυνάμεις
2664 5501 2956 5555 ἀποδίδωσι
2986 5503 3100 5564 τοῖς
3128 5500 3296 5565 θείοις
3329 5518 3492 5572 1:900-

1921 5591 2092 5653 ώποις
2125 5590 2222 5644 καὶ
2257 5591 2547 5662 στερήσεις
2578 5594 2674 5644 καὶ⁵
2702 5590 2770 5645 τὰ
2796 5591 3041 5649 τοιαῦτα.

2006 5683 2265 5753 Ἀπορίας
2296 5682 2428 5751 γοῦν
2464 5681 2628 5752 δῆθεν
2658 5681 2953 5754 ἐκθέμενος
2982 5684 3098 5750 δύο,
3128 5684 3215 5738 ἴνα
3251 5685 3368 5746 ταῖς
3405 5684 3487 5736 λύ-

1929 5793 2044 5829 σεσι
2072 5774 2296 5847 κυρώσῃ
2336 5776 2401 5829 τὰ
2424 5775 2775 5846 ἀτοπήματα,
2801 5772 2880 5839 οἷς
2908 5779 2974 5833 ἄν
3010 5795 3093 5841 τις
3125 5778 3493 5846 ὲπαπορήσειε

1922 5866 2173 5936 δικαίως,
2220 5865 2515 5938 θεραπείας
2565 5869 2657 5922 καὶ
2699 5867 2883 5935 λύσεις
2926 5868 3197 5934 ἐπιφέρει,
3235 5867 3494 5927 δοκούσας
