4168 6434
657 369 790 430 ιοίἹ

1825 372 2225 433 TIIEODORI
2270 371 2418 431 AGA
2433 371 2694 432 LLIANI

3804 358 3932 427 10i8

657 487 778 552 μὲν,
814 487 913 538 οὐκ
942 487 1107 547 οὐσας
1135 487 1216 551 δὲ,
1246 488 1374 540 ὥστ’
1417 489 1571 544 οὐδὲν
1631 490 1834 560 μᾶλλον
1881 492 2109 544 λύεσθαι
2146 489 2243 552 τὰς
2275 497 2320 552 Α
2349 488 2505 555 οἶτος
2537 492 2977 559 ἀναγκαζόμενος
3007 490 3312 566 ὁμολογεῖν,
3344 489 3490 556 λέγει
3530 487 3631 556 τὴν
3687 500 3937 552 γεννητι-

652 579 912 643 οπορίας,
951 579 982 649 ἢ
1019 581 1328 633 συνδείσθαι
1365 583 1800 652 καρτερώτερον.
1837 584 1948 638 Καὶ
1978 585 2114 652 πρὸς
2137 582 2236 651 μὲν

652 671 752 738 τὴν
775 673 1001 740 πρώτην
1031 675 1141 725 τῶν
1173 675 1442 743 ἀποριῶν,
1474 676 1541 745 ἣν
1575 678 1669 730 καὶ
1700 676 2008 746 φθάσαντες
2031 677 2126 731 νῦν
2151 676 2236 742 ἐξ·

655 762 913 830 εθέμεθα,
938 763 1094 817 λύσιν
1121 767 1414 820 ἀποδίδωσι
1439 767 1666 839 ταύτην.

1165 881 1740 936 ΑΡΓΥΡΟΠΟΥΛΟΣ.

730 992 840 1045 Τοῦ
874 994 1085 1059 Πατρδς
1112 994 1202 1046 16v
1231 994 1358 1047 Υίδν
1381 995 1702 1075 γεννῶντος,
1735 999 1800 1067 τῇ
1829 999 2122 1066 γεννητικῇ
2154 997 2242 1049 δυ-

657 1085 846 1151 νάμει,
889 1085 1138 1152 καθάπερ
1163 1085 1444 1154 ἐλέγομεν,
1496 1089 1527 1156 ἡ
1564 1089 1822 1158 γέννησις
1869 1088 2142 1158 συνῆπται
2172 1091 2240 1159 τῇ

660 1178 859 1241 ἑαυτῆς
887 1178 1115 1246 δυνάμει
1146 1177 1178 1248 ἢ
1209 1181 1238 1230 6
1268 1178 1415 1243 Υἱὸς,
1449 1182 1542 1233 καὶ
1572 1180 1639 1233 τά
1671 1181 1822 1250 ἑξῆς.

1226 1293 1691 1350 ΔΓΑΛΛΙΑΝΟΣ.

734 1403 879 1473 U96;
930 1404 966 1457 ἀ
1001 1403 1066 1474 δὴ
1106 1404 1201 1458 καὶ
1239 1406 1401 1473 ἡμεῖς
1431 1406 1949 1476 ἀνταποκρινόμεθα
1990 1407 2244 1476 λέγοντες

661 1491 834 1555 εῦτως
859 1510 870 1522 ’
907 1494 1054 1547 Μίαν
1077 1495 1336 1563 γέννησιν
1366 1494 1504 1548 οἶδεν
1527 1499 1555 1549 ό
1579 1497 1736 1565 λόγος
1767 1498 1957 1551 καλεῖν
1989 1500 2045 1551 ἐν
2071 1501 2246 1569 Πατρὶ

665 1586 758 1636 καὶ
790 1585 927 1654 Υίῷ,
959 1589 1059 1657 οὐχ
1087 1587 1352 1649 ὡσαύτως
1381 1590 1439 1641 ἐν
1484 1590 1690 1661 ἀμφοῖν
1732 1589 2140 1661 θεωρουμένην.
2183 1590 2247 1644 Ἦ

668 1676 768 1743 μὶν
801 1681 908 1747 γάρ
938 1678 1046 1731 ἀπὸ
1073 1678 1166 1731 τοῦ
1192 1681 1392 1750 γεννᾷν
1421 1680 1730 1752 είλημμένη
1758 1683 2088 1753 ἐνεργητική
2128 1684 2247 1737 ἐστι

666 1769 761 1820 καὶ
805 1769 1110 1839 συνάδουσα
1150 1770 1228 1839 τῷ
1264 1772 1750 1843 συμπεπλεγμένῳ
1781 1774 2132 1846 γνωριστικῷ
2168 1775 2247 1845 τῷ

2345 585 2447 654 κὴν
2471 583 2702 651 δύναμιν
2722 581 2960 634 δίδοσθαι
2997 582 3074 650 τῷ
3110 580 3246 649 Υίῷ,
3269 580 3368 648 οὐχ
3397 579 3472 640 ὡς
3510 578 3784 642 δύναμιν,
3823 575 3936 626 ἀλλ’

2342 677 2420 738 ὡς
2469 675 2810 739 τελειότητα.
2848 661 3034 742 Ἀρκεῖ
3064 674 3164 744 μὲν
3201 668 3296 727 οὖν
3324 673 3458 732 ἴσως
3497 672 3578 723 ὅτι
3628 669 3727 720 καὶ
3777 667 3940 724 αὐτῖς

2345 767 2617 836 ὡμολόγει
2671 767 2747 835 μὴ
2797 767 2872 828 ὡς
2906 765 3141 833 δύναμιν
3183 768 3283 834 τὴν
3313 761 3644 831 γεννητικὴν
3692 757 3939 812 δίδοσθαι

2347 860 2425 929 τῷ
2459 859 2596 929 Υίῷ,
2631 858 2750 910 ἀλλ’
2779 859 2854 921 ὡς
2882 859 3198 926 τελειότητα
3224 875 3240 888 -
3279 857 3435 922 ἔλεγε
3466 855 3512 906 δ’
3541 855 3694 920 ὅμως
3725 853 3788 911 ἐς
3823 850 3943 900 δεύ-

2351 968 2436 1019 ρο,
2473 950 2556 1003 ὅτι
2600 949 2700 1016 τὴν
2748 947 3076 1020 γεννητικὴν
3123 947 3354 1015 δύναμιν
3407 947 3520 1015 ἔχει
3573 947 3602 997 6
3629 944 3790 1006 Υἱὸς,
3828 943 3944 1008 ἦτοι

2348 1042 2447 1112 τὴν
2481 1043 2575 1094 τοῦ
2609 1043 2827 1112 γεννᾷν,
2858 1042 3212 1110 ἀντιφάσκων
3252 1039 3430 1108 ἐαυτῷ
3453 1056 3468 1070 ο
3520 1039 3614 1090 καὶ
3657 1038 3719 1088 οὐ
3781 1036 3945 1101 μέχρι

2349 1133 2566 1196 τούτου,
2597 1133 2732 1186 ἀλλά
2774 1134 2870 1184 καὶ
2912 1132 2991 1198 τῷ
3037 1131 3321 1200 Πνεύματι
3375 1126 3767 1197 μεταδίδοσθαί
3816 1142 3948 1191 φησι

2350 1225 2450 1293 τῆς
2478 1222 2806 1292 γεννητικῆς
2850 1239 2911 1274 τε
2959 1222 3056 1274 καὶ
3110 1221 3506 1291 προϐλητικῆς,
3550 1220 3652 1271 οὐκ
3682 1214 3790 1269 οἷδ’
3826 1217 3854 1268 ὃ
3899 1232 3951 1265 τι

2352 1315 2543 1370 παθὼν
2573 1314 2668 1368 καὶ
2691 1315 2858 1368 πόθεν
2886 1315 3130 1384 κινηθεὶς
3159 1316 3238 1376 είς
3273 1313 3548 1378 τοσαύτην
3576 1309 3827 1362 ἀτοπίαν
3858 1313 3950 1372 ἐμ-

2353 1413 2565 1472 πεσεῖν,
2617 1410 2834 1471 καὶτὰς
2886 1408 3036 1472 θείας
3081 1408 3412 1466 ὑποστάσεις
3449 1403 3624 1464 οὕτως
3671 1401 3951 1466 ἀτιμάσαι

2355 1505 2645 1573 δυνάμεων
2700 1503 3084 1571 ἀνενεργήτων
3140 1499 3435 1558 κοινωνοὺς
3481 1494 3724 1559 ἀξιώσας
3779 1493 3954 1550 αὐτὰς

2355 1597 2553 1657 εἰπεῖν,
2605 1594 2666 1646 ὃν
2692 1595 2894 1663 τρόπον
2942 1592 3039 1645 καὶ
3086 1591 3149 1642 16
3191 1590 3392 1659 βρέφος
3436 1587 3676 1653 λέγομεν
3715 1583 3957 1649 δυνάμει

2355 1687 2770 1758 γραμματικὸν,
2803 1685 2879 1748 ὡς
2908 1685 2970 1737 16
3008 1681 3238 1750 Πνεῦμα
3267 1677 3334 1734 αὖ
3367 1681 3432 1733 ἐκ
3470 1678 3765 1746 δυνάμεως
3827 1691 3955 1742 πριο-

2357 1781 2551 1845 ελθεῖν,
2605 1775 2898 1853 ᾖδυνάμει
2941 1778 3029 1832 ὅτε
3076 1777 3339 1844 ἐγεννᾶτο
3394 1776 3422 1828 6
3458 1773 3612 1836 Υιδς,
3662 1769 3830 1822 οὔπω
3860 1767 3957 1835 τὴν

665 1861 860 1933 Πατὴρ
883 1863 1134 1932 ὀνόματι,
1162 1864 1196 1932 ἡ
1227 1863 1283 1916 δὲ
1314 1864 1420 1917 ἀπὸ
1458 1865 1550 1918 τοῦ
1580 1866 1875 1933 γεννᾶσθαι
1909 1868 2002 1921 καὶ
2027 1885 2252 1938 συμφω-
2287 1854 2328 1908 Β
2359 1875 2644 1944 ἐνέργειαν
2671 1871 2874 1941 ἐχούσῃ
2905 1867 3266 1938 συνημμένην
3306 1866 3467 1935 αὐτῇ,
3500 1862 3640 1918 ἀλλά
3683 1860 3785 1913 τοῦ
3825 1857 3955 1911 Υιοῦ

666 1953 834 2006 νοῦσα
864 1955 942 2025 τῷ
972 1955 1101 2019 Υίὸς
1145 1956 1376 2025 ὀνόματι
1416 1960 1684 2028 γεννητὴν
1714 1960 2014 2014 ὑπόστασιν
2050 1961 2254 2031 σημαί-

665 2065 836 2112 νοντι,
865 2049 928 2100 οὐ
961 2052 1312 2120 γεννητικὴν.

753 2141 1032 2206 Ὡσαύτως
1055 2142 1147 2197 οῦν
1173 2147 1265 2196 καὶ
1295 2147 1327 2215 ἡ
1352 2143 1580 2214 δύναμις
1602 2147 1634 2215 ἠ
1666 2146 1803 2216 πρὸς
1831 2146 1892 2198 16
1920 2148 2116 2217 γεννᾷν
2141 2147 2254 2200 δια-

671 2233 827 2304 φέρει
858 2236 956 2304 τῆς
988 2239 1125 2306 πρὸς
1155 2239 1215 2290 16
1248 2239 1541 2306 γεννᾶσθαι
1582 2239 1891 2310 δυνάμεως.
1939 2234 2037 2292 Ὧν
2079 2243 2110 2312 ἠ
2156 2242 2255 2311 μὲν

670 2326 819 2378 ἐστιν
855 2328 911 2381 ἐν
956 2327 1033 2396 τῷ
1063 2329 1255 2396 Πατρὶ,
1373 2331 1426 2382 δὲ
1458 2332 1516 2381 ὲν
1553 2330 1630 2400 τῷ
1667 2331 1802 2398 Υίῷ.
1845 2332 1954 2385 Καὶ
2002 2332 2255 2402 καθάπερ

669 2420 730 2472 16
766 2415 906 2472 εἶναι
935 2419 1031 2473 τοῦ
1065 2422 1278 2491 Πατρὶς
1307 2423 1490 2475 καὶτὸ
1537 2420 1678 2478 εἶναι
1717 2424 1809 2476 τοῦ
1861 2423 1994 2476 Υἱοῦ
2040 2425 2100 2476 ἓν
2141 2429 2256 2478 ἐστι

671 2517 763 2565 καὶ
802 2514 989 2580 ταυτδ,
1023 2513 1140 2566 ἀλλ’
1175 2514 1236 2567 οὐ
1290 2516 1563 2584 προσήκει
1609 2516 1686 2584 τῷ
1715 2516 1829 2587 Υίῷ
1878 2513 2019 2569 εῖναι
2061 2517 2256 2586 Πατρὶ,

673 2605 795 2658 οὐδέ
819 2605 880 2657 16
903 2606 1178 2660 ἀνάπαλιν
1203 2624 1217 2640 ·
1247 2605 1420 2670 οῦτως
1451 2609 1496 2660 εί
1531 2608 1626 2660 καὶ
1655 2609 1766 2671 τοῖς
1796 2608 1978 2670 ἄλλοις
2002 2609 2138 2660 πᾶσι
2163 2609 2259 2678 θή-

675 2714 842 2766 σομεν
877 2693 1019 2752 εἶναι
1069 2699 1168 2768 τὴν
1214 2699 1544 2768 γεννητικὴν
1573 2699 1806 2767 δύναμιν
1847 2702 1904 2753 ἐν
1940 2698 2117 2770 Πατρὶ
2165 2697 2261 2751 καὶ

674 2790 791 2860 Υὲῷ
818 2791 913 2843 καὶ
943 2791 1042 2862 τὴν
1071 2791 1347 2862 γέννησιν,
1384 2791 1522 2844 ἀλλά
1555 2793 1670 2855 τοῖς
1715 2793 1862 2862 ὅροις
1907 2793 2260 2861 διαφέρουσιν

673 2883 1021 2952 ἀναφορικῶς
1039 2883 1494 2954 διακρινομένοις,
1520 2885 1594 2947 ὡς
1612 2886 1706 2936 καὶ
1745 2889 1813 2938 τά
1837 2885 1970 2939 ἄλλα
1995 2885 2176 2939 πάντα
2202 2886 2262 2937 ἐν

676 2977 827 3026 ἐστιν
856 2978 915 3027 ἐν
956 2977 1131 3044 Πατρὶ
1167 2975 1260 3028 καὶ
1281 2973 1430 3045 ,Υίῷ,
1461 2976 1600 3042 πλὴν
1631 2975 1707 3045 τῷ
1747 2977 1847 3046 μὲν
1879 2979 2019 3030 κατά
2039 2978 2141 3042 τὴν
2165 2976 2259 3030 τοῦ

674 3067 910 3129 διδόντος
936 3067 1238 3136 ἀναφοράν,
1264 3067 1340 3138 τῷ
1366 3067 1421 3121 δὲ
1441 3069 1584 3122 κατά
1614 3068 1713 3139 τὴν
1742 3069 1836 3121 τοῦ
1865 3069 2257 3139 λαμϐάνοντος·

676 3158 774 3209 καὶ
818 3157 993 3221 οὕτως
1026 3157 1149 3211 οὐτε
1181 3158 1280 3227 τὴν
1313 3161 1370 3212 ἐν
1401 3160 1478 3229 τῷ
1512 3161 1688 3230 Πατρὶ
1721 3161 1974 3230 γέννησιν
2010 3161 2043 3230 ἢ
2070 3162 2125 3213 ἐν
2155 3161 2261 3212 Πα-

675 3251 768 3318 191
799 3250 880 3302 δεῖ
929 3245 1065 3303 εἶναι
1099 3253 1154 3302 ἐν
1191 3250 1266 3316 τῷ
1313 3251 1445 3319 Υίῷ,
1480 3252 1566 3304 ἵνα
1600 3254 1674 3322 μὴ
1710 3254 1895 3322 Πατὴρ
1941 3255 1968 3306 6
1997 3253 2122 3316 Υἱὸς
2153 3254 2262 3322 εἴη,

675 3341 799 3394 οὐτε
826 3343 925 3410 τὴν
961 3343 1019 3395 ἐν
1054 3343 1134 3412 τῷ
1165 3341 1279 3412 Υίῷ
1307 3342 1341 3413 ἦ
1379 3344 1526 3396 ἐστιν
1567 3346 1624 3396 ἐν
1655 3344 1766 3414 Υίῷ
1798 3343 1880 3396 δεῖ
1911 3339 2050 3396 εἶναι
2090 3345 2147 3395 ἐν
2187 3341 2265 3412 τῷ

678 3438 877 3508 Ιίατρὶ,
918 3436 1004 3489 ἵνα
1042 3438 1118 3507 μὴ
1155 3436 1285 3500 Υἱὸς
1311 3439 1340 3490 ό
1373 3437 1560 3508 Πατὴρ
1586 3437 1835 3508 γένηται.

1193 3553 1767 3607 ΑΡΓΥΡΟΠΟΥΛΟΣ.

763 3671 852 3736 Ὠς
884 3671 942 3725 δὲ
973 3671 1071 3726 καὶ
1105 3672 1204 3740 τὴν
1227 3671 1462 3742 δύναμιν
1502 3671 1601 3739 τὴν
1627 3669 1980 3742 γεννητικὴν.

1244 3786 1708 3841 ΑΓΑΛΛιΑΝΟΣ.

755 3906 817 3958 ΕΞ
853 3905 952 3974 μὲν
982 3899 1076 3958 οὗν
1101 3905 1129 3957 ό
1162 3905 1352 3975 Πατὴρ
1379 3904 1553 3958 ἐδίδου
1600 3902 1679 3965 τῷ
1716 3902 1831 3972 Υίῷ
1860 3901 1960 3972 τὴν
1990 3901 2268 3971 γέννησιν,

683 3991 717 4072 ᾖ
754 3996 944 4068 γεννᾷ,
987 3998 1083 4050 καὶ
1115 3997 1213 4067 τὴν
1247 3997 1382 4067 πρὸς
1415 3997 1586 4067 αὐτὴν
1629 3995 1880 4065 δύναμιν,
1913 3995 2019 4047 ἔδει
2064 3993 2131 4047 ἂν
2177 3993 2273 4045 καὶ

681 4091 772 4140 τὸν
806 4087 934 4142 Υίδν
964 4089 1192 4159 γεννᾷνο
1230 4089 1280 4142 εί
1310 4088 1366 4142 δὲ
1401 4090 1476 4158 μὴ
1507 4089 1671 4157 γεννᾷ
1705 4087 1732 4138 ὁ
1759 4087 1908 4150 Υἱὸς,
1942 4085 2063 4138 οὐδέ
2086 4083 2270 4138 τοιαύ-

682 4199 782 4250 την
823 4179 974 4250 αὐτῷ
1003 4180 1190 4234 δίδωσι
1223 4179 1456 4249 δύναμιν
1490 4181 1581 4233 καὶ
1610 4179 1912 4248 ἐνέργειαν,
1950 4176 2065 4230 ἀλλ’
2097 4176 2130 4246 ἢ
2162 4175 2272 4246 ἄρα

683 4277 794 4330 τῶν
815 4275 1213 4345 ἀντικειμένων
1248 4290 1388 4339 πως,
1416 4273 1585 4344 ἤγουν
1609 4272 1706 4341 τὴν
1729 4270 1821 4323 τοῦ
1854 4268 2150 4338 γεννᾶσθαι
2182 4267 2273 4320 δύ-

685 4389 872 4440 ναμιν,
906 4373 1000 4423 καὶ
1031 4370 1132 4439 τὴν
1165 4367 1477 4436 παθητικὴν
1508 4365 1784 4435 γέννησιν.
1817 4363 2022 4416 Τούτου
2054 4357 2148 4415 οὖν
2187 4362 2272 4414 λέ-

685 4481 872 4531 γοντος
923 4464 1005 4516 ὅτι
1049 4463 1082 4531 ὴ
1113 4461 1370 4529 γέννησις
1407 4459 1684 4526 συνῆπται
1716 4459 1783 4527 τῇ
1815 4455 2014 4519 ἑαυτῆς
2043 4454 2272 4523 δυνάμει

2358 1964 2713 2036 γεννηθέντος
2741 1962 2945 2035 ταύτην
2973 1963 3240 2032 λαϐούσῃ,
3273 1958 3370 2014 καὶ
3412 1958 3512 2012 ὅσα
3546 1954 3784 2008 τοιαῦτα
3843 1955 3958 2005 ἐτε-

2360 2062 2640 2133 ρατεύετο.

2428 2154 2694 2225 Νομίσειε
2719 2155 2765 2207 δ’
2801 2155 2865 2208 ἄν
2898 2171 2984 2217 τις
3016 2151 3149 2216 ἴσως
3178 2151 3283 2216 ὃτι,
3317 2149 3405 2203 ἵνα
3434 2147 3510 2218 μὴ
3555 2147 3588 2215 ἡ
3624 2146 3729 2214 τῆς
3761 2141 3960 2201 οὖσίας

2360 2251 2551 2320 ἑνότης
2578 2247 2948 2319 διασπασθείη
2978 2246 3168 2309 δεδιὼς
3197 2245 3291 2298 τὸν
3332 2244 3491 2310 λόγον
3539 2241 3686 2294 οῦτω
3717 2237 3959 2297 διέθετο,

2359 2342 2457 2396 καὶ
2502 2342 2600 2403 τάς
2637 2341 2901 2410 δυνάμεις
2932 2339 3144 2415 ταύτας
3177 2337 3526 2405 τελειότητας
3576 2336 3676 2402 τῆς
3733 2331 3963 2398 φύσεως

2360 2434 2686 2504 ἡγούμενος,
2718 2433 2916 2504 ἐπίσης
2967 2433 3034 2501 τῇ
3086 2429 3208 2500 θείᾳ
3261 2427 3370 2480 τῶν
3399 2423 3717 2496 προσώπων
3762 2420 3963 2487 Τριάδι

2358 2501 2704 2596 διενείματο’
2735 2501 2997 2576 ἀλλὀὐκ
3048 2520 3268 2588 ἐπίσης,
3306 2518 3469 2584 είπερ
3498 2515 3577 2584 τῷ
3622 2513 3814 2578 [Ιατρὶ
3869 2511 3968 2577 μὲν

2363 2620 2512 2690 μόνῳ
2547 2620 2684 2690 μετὰ
2710 2619 2808 2687 τῆς
2833 2617 3140 2685 ἐνεργείας,
3165 2616 3280 2676 τοῖς
3300 2613 3357 2664 δέ
3383 2609 3592 2671 λοιποῖς
3621 2605 3960 2675 ἀπράκτους

2362 2714 2457 2768 καὶ
2485 2712 2668 2775 κοινάς
2705 2709 2925 2764 δίδωσι·
2977 2708 3058 2762 διὸ
3097 2706 3196 2761 καὶ
3236 2704 3446 2776 σφόδρα
3492 2699 3967 2770 περιπέπτωκεν,

2361 2807 2484 2862 ὃθεν
2511 2807 2634 2860 λίαν
2674 2805 2958 2872 ἐξέφευγε.
2993 2801 3117 2865 Πῶς
3153 2789 3366 2870 γὰρᾶν
3408 2796 3510 2865 τῆς
3537 2794 3717 2863 αὐτῆς
3750 2791 3847 2859 ετη
3881 2790 3972 2842 οὐ·

2364 2901 2508 2967 σίας,
2543 2897 2613 2954 τά
2643 2897 2720 2969 μὴ
2756 2899 2823 2968 τῇ
2856 2898 2995 2966 αὐτῇ
3025 2893 3330 2961 τελειότητι
3352 2892 3550 2960 ἐπίσης
3587 2883 3971 2956 ἐνεργοῦντας

2363 2994 2428 3048 Εἰ
2458 2993 2516 3046 δέ
2557 2993 2722 3062 ἀρκεῖ
2753 2991 2890 3061 πρὸς
2929 2989 3032 3060 τὴν
3065 2988 3297 3056 ἐνότητα
3325 2983 3427 3050 τῆς
3461 2981 3656 3043 οὐσίας
3698 2978 3760 3033 16
3812 2978 3968 3046 ἔχειν

2362 3087 2456 3139 τὸν
2481 3086 2612 3139 Υίὸν
2645 3084 2744 3155 τὴν
2771 3081 3102 3153 γεννητικὴν
3131 3081 3262 3134 ἄνευ
3289 3076 3592 3148 ἐνεργείας,
3627 3073 3774 3127 διότι
3808 3071 3972 3124 συνέ-

2367 3179 2595 3245 ζευκται
2624 3180 2690 3248 τῇ
2721 3177 2998 3247 γεννήσει,
3025 3175 3086 3228 τὸ
3114 3174 3171 3228 δέ
3202 3171 3428 3241 Πνεῦμα
3451 3172 3510 3224 16
3531 3169 3694 3238 ἀγιον
3719 3168 3845 3236 ἔχει
3877 3165 3974 3220 καὶ
4055 3201 4060 3205 ~

2371 3272 2688 3342 ἀμφοτέρας
2741 3269 2867 3340 δίχα
2931 3269 3024 3322 καὶ
3067 3267 3198 3321 αὐτὸ
3255 3267 3368 3319 τῶν
3415 3261 3741 3333 ἐνεργειῶν,
3790 3260 3886 3322 τίς
3940 3261 3972 3328 ἠ

2369 3367 2584 3432 ἀνάγκη
2637 3363 2731 3417 τοῦ
2782 3361 2926 3433 ἔχειν
2967 3359 3058 3413 τὸν
3099 3359 3226 3413 Υίδν
3260 3359 3361 3428 τὴν
3391 3352 3774 3424 προϐλητικὴν
3831 3351 3976 3421 μετά

2367 3459 2464 3525 τῆς
2500 3455 2809 3526 ἐνεργείας,
2841 3451 3056 3505 πολλῶν
3082 3449 3340 3503 ἐντεῦθεν
3372 3449 3593 3500 ἀτόπων
3623 3443 3972 3513 φυομένωνς

2381 3550 2650 3613 Ἐσώζετο
2671 3548 2781 3618 γὰρ
2825 3547 2894 3600 ἂν
2919 3547 3011 3598 καὶ
3037 3545 3210 3606 οὕτως
3245 3544 3280 3611 ἡ
3324 3541 3424 3610 τῆς
3465 3538 3656 3600 οὐσίας
3700 3536 3904 3604 ἑνότης
3943 3528 3977 3605 ᾗ

2373 3636 2843 3706 συναγωνίζεσθαι
2875 3636 3040 3698 δοκεῖ,
3069 3633 3208 3702 πρὸς
3243 3631 3321 3699 τῷ
3371 3631 3470 3683 καὶ
3517 3627 3588 3681 τά
3619 3627 3812 3681 ἄτοπα
3852 3641 3977 3677 σιω-

2371 3733 2602 3786 πᾶσθαι.
2638 3728 2800 3781 Ἀλλά
2832 3725 3038 3794 μᾶλλον
3061 3725 3110 3776 εί
3132 3723 3383 3776 σύνεστιν
3405 3723 3438 3791 ἠ
3463 3721 3728 3789 γέννησις
3751 3719 3826 3788 τῇ
3854 3717 3978 3769 tau-

2369 3827 2468 3895 τῆς
2493 3824 2744 3891 δυνάμει,
2770 3823 2802 3892 ἡ
2837 3820 2892 3873 δὲ
2918 3821 3171 3888 γέννησις
3203 3813 3325 3870 κατ’
3352 3816 3638 3893 ἐνέργειαν
3668 3811 3735 3864 οὐ
3755 3809 3978 3864 δέδοται

2371 3917 2447 3987 τῷ
2485 3917 2596 3984 Υἱῴ
2630 3914 2752 3967 οὐδὲ
2787 3913 2863 3981 τῷ
2895 3911 3198 3980 Πνεύματι,
3231 3907 3355 3960 οὐδέ
3405 3907 3440 3977 ή
3479 3904 3720 3972 δύναμις
3775 3901 3979 3963 αὐτῆς,

2373 4010 2493 4063 οὐδὲ
2528 4008 2604 4078 τῷ
2639 4007 2752 4073 Υἱῷ
2785 4008 2891 4074 ἄρα
2929 4003 3046 4075 ἅμα
3073 4001 3152 4072 τῷ
3187 3999 3457 4070 προῖόντι,
3493 3996 3570 4060 ὡς
3612 3996 3640 4048 6
3673 3993 3848 4063 λόγος
3892 3993 3982 4046 διὰ

2373 4105 2481 4157 τῶν
2503 4104 2678 4170 ἁγίων
2713 4097 2974 4167 ἀπεδόθη.

2446 4191 2562 4248 Εἷο’
2596 4193 2787 4262 ὥσπερ
2837 4190 2998 4251 αὐτὸς
3037 4185 3234 4240 ἑαυτὸν
3267 4183 3611 4254 ἀνατρέπων,
3653 4180 3751 4243 '0;
3813 4197 3986 4250 μετα-

2373 4288 2577 4352 δίδωσι,
2612 4285 2798 4355 φησὶν,
2850 4285 2877 4335 6
2933 4281 3125 4351 Πατὴρ
3172 4280 3285 4342 τοῖς
3335 4278 3394 4345 ἐξ
3441 4273 3609 4329 αὐτοῦ
3662 4273 3784 4326 τῶν
3821 4273 3985 4326 δυνά·

2379 4398 2545 4451 μεων,
2615 4381 2690 4442 ὡς
2744 4376 3101 4446 τελειοτήτων
3153 4372 3334 4444 μόνον,
3381 4371 3481 4440 οὐχ
3532 4370 3610 4431 ὡς
3656 4367 3985 4437 δυνάμεων.

2377 4474 2490 4527 Καὶ
2532 4473 2615 4534 τίς
2649 4471 2714 4525 ἂν
2749 4471 2836 4539 εἴη
2865 4469 3144 4537 τελειότης
3179 4467 3238 4519 ἐν
3267 4463 3345 4534 τῷ
3378 4461 3518 4532 Θεῷ,
3556 4460 3632 4531 μὴ
3676 4462 3784 4514 καὶ
3837 4461 3987 4531 ἔργῳ

686 4551 719 4632 ᾖ
754 4556 930 4618 ό-Υίδς
961 4556 1222 4624 γεννᾶται
1253 4553 1318 4606 ἐκ
1345 4550 1436 4605 τοῦ
1473 4549 1708 4619 Πατρὸς,
1743 4549 1980 4617 ποτέραν
2010 4547 2267 4614 γέννησιν
2299 4557 2348 4617 ι)
2374 4565 2751 4634 τελειουμένψ
2788 4563 2822 4633 ἢ
2863 4563 2986 4616 καθ’
3029 4562 3097 4632 ἣν
3151 4558 3409 4611 οὐδέποτε
3459 4555 3701 4624 ἐνεργεῖ,
3750 4553 3786 4622 ἦ
3839 4552 3986 4618 ἐνέρ,

688 4651 776 4704 καὶ
813 4649 1048 4718 ποτέραν
1075 4647 1310 4717 δύναμιν
1332 4645 1414 4699 δεῖ
1443 4645 1584 4699 νοεῖν
1609 4644 1707 4714 τὴν
1737 4640 2111 4710 ἐνεργητικῶς
2137 4639 2274 4709 λαμ-

685 4742 1014 4811 ὃλνομὲνην,
1049 4740 1080 4808 ἢ
1113 4740 1212 4802 τὴν
1248 4737 1606 4809 παθητικῶς,
1631 4737 1724 4808 Μὴ
1757 4733 2143 4806 διορισαμένου
2167 4732 2276 4803 γὰρ

685 4834 904 4900 τούτου,
938 4835 1141 4905 ἄπορος
1179 4833 1401 4895 πάντως
1453 4835 1479 4885 6
1509 4831 1668 4899 λόγος
1715 4831 1886 4883 ἐστίν.
1933 4827 2095 4883 Ἀλλά
2134 4826 2279 4879 κατὰ

685 4926 815 4991 τούς
847 4927 1135 4996 θεμελίους
1173 4924 1274 4992 τῆς
1306 4925 1570 4989 πίστεως,
1606 4923 1700 4977 καὶ
1733 4923 1809 4986 ὡς
1847 4919 2186 4992 ὑπαγορεύει
2217 4919 2278 4972 16

688 5019 913 5089 ἀληθὲς,
942 5017 1168 5081 εὐσεϐὲς
1191 5017 1257 5071 ἂν
1287 5018 1374 5085 εῐη
1411 5017 1594 5086 λέγειν
1621 5015 1698 5079 ὡς
1736 5016 1864 5069 ὅταν
1893 5016 1921 5067 ό
1949 5014 2106 5083 λόγος
2142 5012 2279 5081 πρὸς

686 5115 780 5168 16v
829 5113 1056 5185 Πατέρα
1092 5112 1192 5183 τὴν
1239 5111 1546 5181 άπόϐλεψιν
1599 5110 1723 5182 έχῃ,
1767 5107 2140 5177 ἐκλαμϐάνειν
2197 5105 2280 5158 δεῖ

687 5210 788 5278 τὴν
816 5209 1051 5278 δύναμιν
1107 5206 1204 5259 καὶ
1252 5208 1351 5278 τὴν
1395 5205 1652 5275 γέννησιν
1689 5201 2096 5273 ὲνεργητικῶς’
2145 5197 2280 5252 ῐδιον

686 5301 801 5369 γάρ
830 5301 949 5352 ἐστι
988 5299 1083 5352 τοῦ
1117 5299 1332 5369 Πατρδς
1381 5297 1445 5351 16
1475 5299 1708 5369 γεννᾷν·
1744 5296 1876 5350 ὅταν
1915 5295 1972 5349 δὲ
2013 5293 2150 5366 πρὸς
2187 5292 2281 5345 τὸν

691 5396 843 5459 Υίὸν,
871 5396 964 5448 καὶ
996 5393 1230 5464 δύναμιν
1267 5393 1364 5447 καὶ
1387 5393 1644 5463 γέννησιν
1670 5388 1985 5461 παθητικὴν
2011 5388 2095 5440 δεῖ
2118 5387 2277 5440 νοεῖν·

692 5491 827 5543 ἴδιον
853 5489 963 5559 γάρ
992 5487 1155 5542 αὐτοῦ
1185 5488 1246 5541 16
1283 5486 1581 5556 γεννᾶσθαι
1616 5487 1757 5539 κατά
1787 5484 1914 5546 τοὺς
1951 5481 2236 5548 θεολόγους
2264 5493 2279 5508 ο

691 5582 1037 5652 γεννώμενος
1080 5583 1211 5653 γὰρ,
1247 5582 1308 5635 16
1331 5576 1472 5634 εἶναι
1504 5579 1773 5650 λαμϐάνει
1816 5575 1907 5632 δ;ἀ
1949 5575 2280 5644 γεννήσεως,

693 5679 789 5732 καὶ
818 5677 909 5732 διὰ
933 5678 1092 5731 τοῦτο
1125 5676 1276 5741 Υἱός.

767 5772 881 5824 Οὐκ
911 5770 1133 5835 εὐσεϐὲς
1170 5769 1217 5825 δ’
1241 5771 1308 5825 ἀν
1339 5772 1425 5841 εἴη
1461 5769 1659 5838 λέγειν,
1692 5767 1775 5822 ὅτι
1819 5771 1878 5819 16
1919 5765 2114 5835 γεννᾷν
2149 5764 2284 5831 λαμ-

699 5869 854 5923 ϐάιει
891 5868 976 5923 διὰ
1007 5869 1344 5937 γεννήπως,
1371 5869 1431 5920 οὐ
1463 5867 1570 5938 γὰρ
1614 5867 1706 5921 καὶ
1739 5865 1953 5934 Πατὴρ.
1998 5865 2062 5915 Ὃ
2094 5860 2159 5929 δὴ
2188 5859 2282 5912 κλὶ

2378 4659 2504 4728 γειά
2565 4659 2716 4722 ἐστι;
2756 4655 2992 4722 Πότερον
3046 4647 3139 4705 οὖν
3192 4646 3260 4722 ἦν
3307 4649 3515 4720 βέλτιον
3562 4646 3661 4708 τὰς
3715 4663 3987 4714 προαπι-

2380 4750 2483 4814 κάς
2524 4748 2786 4816 δυνάμεις
2825 4745 2937 4799 τῶν
2991 4736 3151 4798 θείων
3199 4741 3512 4811 προσώπων
3555 4737 3638 4790 ἐνὶ
3695 4739 3988 4808 προσώπῳ

2378 4842 2456 4914 τῷ
2521 4839 2776 4913 πατρικῷ
2818 4836 3120 4910 ἀφορίζειν,
3171 4835 3240 4889 ἶν’
3288 4837 3465 4887 ἐκεῖνο
3510 4832 3675 4902 μόνον
3859 4847 3992 4899 1:9.-

2382 4937 2538 5005 άγον,
2567 4935 2636 4987 τά
2669 4933 2725 4985 δὲ
2755 4930 2926 4984 λοιπὰ
2989 4928 3346 5000 προαγόμενα
3398 4925 3495 4976 καὶ
3542 4923 3603 4972 ὲν
3639 4921 3796 4991 ἀρχῇ
3831 4919 3989 4983 ἔλεγε

2381 5027 2564 5091 καλῶς
2618 5023 2779 5078 τοῦτο
2824 5023 3024 5091 λέγων,
3059 5019 3160 5083 τὰς
3188 5017 3235 5071 δ’
3270 5013 3834 5088 ἀνταποκρινομένας
3885 5028 3990 5062 πα-

2383 5117 2610 5188 θητικάς
2646 5113 2957 5168 ἀποδιδόναι
3009 5110 3243 5174 τούτοις,
3303 5107 3403 5176 οὐχ
3455 5101 3623 5178 ἦττον
3671 5104 3992 5173 δυναμένας

2382 5211 2464 5272 εἰς
2489 5207 2580 5260 τὸν
2610 5207 2711 5276 τῆς
2748 5205 2994 5273 ἰσότητος
3029 5200 3209 5268 λόγον,
3246 5197 3398 5251 οὐδὲν
3423 5200 3531 5264 γὰρ
3565 5195 3650 5258 είς
3682 5196 3866 5263 τιμὴν
3898 5191 3991 5245 τοῦ

2385 5303 2646 5372 γεννῆσαι
2672 5298 2809 5352 Θεὸν
2844 5295 2905 5348 16
2937 5296 3002 5348 ἐκ
3032 5291 3170 5347 Θεοῦ
3205 5290 3561 5360 γεννηθῆναι,
3602 5287 3888 5350 ὡσαύτως
3937 5286 3992 5338 6‘:

2385 5393 2634 5465 καὶπερὶ
2676 5391 2772 5444 τοῦ
2806 5388 3158 5458 Πνεύματος·
3191 5385 3227 5457 ἢ
3262 5384 3353 5437 ἵνα
3379 5382 3542 5450 μόνον
3587 5382 3690 5434 καὶ
3725 5381 3826 5433 τὸν
3864 5380 3992 5434 Υῖέιν

2386 5483 2660 5556 προϐολέα
2711 5478 3107 5550 κατασκευάσῃ
3149 5475 3249 5539 τὰς
3298 5471 3644 5544 προάκτικάς
3696 5472 3990 5540 δυνάμεις.

2386 5579 2443 5635 αἳ
2491 5579 2566 5641 ὡς
2616 5577 2878 5645 ἰδιότητες
2938 5571 3328 5634 ὑποστατικαὶ,
3389 5567 3485 5620 καὶ
3546 5564 3646 5619 τοῦ
3706 5564 3990 5634 πατρικοῦ

2389 5671 2684 5741 προσώπου
2728 5667 3077 5730 συστατικαὶ,
3115 5662 3314 5732 καὶτῷ
3340 5661 3517 5729 Πατρὶ
3554 5660 3710 5730 μόνῳ
3744 5659 3992 5728 λογίζονο

2389 5783 2498 5828 ται,
2524 5763 2707 5816 δοῦναι
2747 5763 2856 5823 τοῖς
2886 5757 2945 5825 ἐξ
2969 5757 3136 5811 αὐτοῦ
3169 5756 3361 5825 προῖοῦ
3376 5773 3441 5815 τι,
3473 5756 3571 5808 καὶ
3614 5755 3760 5823 μετά
3793 5755 3854 5807 16
3899 5755 3992 5806 τὸν

2393 5857 2610 5928 Πατέρα
2657 5853 2918 5925 στερῇσαι
2953 5849 3058 5907 τῶν
3091 5849 3327 5919 E10165;
3361 5849 3494 5904 Τότε
3535 5849 3631 5904 καὶ
3669 5851 3770 5913 τὰς
3807 5847 3867 5912 ἐξ
3898 5848 3992 5900 aia.
