4168 6434
222 344 363 412 1049

1346 346 1783 427 ΒΕἘΗΤΑΤῙΟ
1818 344 2329 408 ARGYROPULI.

3324 347 3462 407 1050

218 432 313 517 τοῦ
336 459 632 532 προῖούσας
668 459 992 525 ὑποστάσεις
1012 460 1352 532 καθυϐρίζει,
1383 461 1666 531 δυνάμεων
1690 461 1784 514 αὐ·-
1810 463 1856 521 Α
1890 460 1964 530 μὴ
2010 461 2076 529 τῇ
2120 458 2279 529 οὐσίᾳ
2317 457 2625 527 παράγουσι
2671 457 2770 529 τὴν
2816 458 2996 511 κτίσιν
3033 458 3251 521 εἰδικῶς
3272 474 3285 488 ·
3319 460 3457 513 ὥστε

190 553 316 616 ντάς
348 552 725 622 ἀνενεργήτων
758 553 1015 621 μετόχους
1045 552 1240 617 εἰπὼν,
1289 553 1386 606 καὶ⁹
1430 553 1637 624 μυρίων
1678 552 1782 604 δειο

220 644 330 698 νῶν
357 643 453 698 καὶ
476 643 836 714 βλασφημιῶν
870 644 1087 715 ἀναπλῆ
1114 646 1175 698 τὸ
1208 644 1570 714 σύγγραμμα.
1614 642 1781 698 Ἀλλά

220 733 382 788 πάλιν
416 733 603 803 ὥσπερ
638 734 744 786 ὐπὸ
778 734 876 801 τῆς
910 734 1169 802 ἀληθείας
1201 734 1658 801 συνελαυνόμενος
1687 732 1781 785 αὖ·

216 825 302 888 θις
331 826 557 895 ἀφαιρεῖ
602 824 711 879 ἀπὸ
756 824 850 878 τοῦ
887 824 1014 879 Υίοῦ
1039 826 1132 878 καὶ
1154 826 1248 878 τοῦ
1281 824 1595 893 Πνεύματος
1625 824 1662 879 ἀ
1695 823 1782 878 δέ·

213 915 407 970 δωκεν.
439 917 512 970 ’Ἡ
546 915 599 969 τί
646 915 776 969 ἀλλο
820 916 1067 985 βούλεται
1119 916 1293 986 λέγων
1333 917 1416 970 ὅτι
1459 917 1487 969 ό
1538 913 1665 978 Υίδς
1695 913 1783 968 διὰ

213 1010 375 1062 τοῦτο
399 1011 459 1062 οὐ
488 1010 675 1079 γεννᾷ,
702 1009 822 1063 οὐδέ
855 1010 915 1063 τὸ
948 1010 1170 1080 Πνεῦμα
1195 1010 1226 1080 ἢ
1259 1010 1444 1080 γεννᾷ,
1479 1008 1512 1081 ἤ
1543 1008 1783 1079 προϐάλ-

213 1101 318 1161 λει,
358 1099 490 1152 διότι
535 1097 772 1152 σύνεισιν
806 1101 861 1152 αἱ
904 1100 1012 1151 τῶν
1063 1099 1309 1167 προόδων
1345 1101 1619 1169 ἐνέργειαι
1662 1100 1782 1159 ταῖς

212 1192 423 1247 ἑαυτῶν
454 1191 781 1261 δυνάμεσιν;
807 1192 932 1245 Είσὶ
953 1192 1009 1245 δὲ
1032 1193 1141 1261 ἀρα
1170 1194 1228 1245 ἐν
1256 1189 1334 1261 τῷ
1369 1192 1565 1261 Πατρὶ,
1593 1190 1781 1258 ὥσπερ

213 1286 267 1336 αί
307 1284 658 1353 ἐνεργητικαὶ
693 1282 912 1352 πρόοδοι
955 1283 1012 1337 αῖ
1045 1283 1105 1335 οὐ
1138 1282 1528 1351 μεταδίδονται,
1562 1281 1684 1335 οὐδὲ
1724 1282 1781 1335 αί

213 1374 487 1444 σύστοιχοι
507 1375 712 1428 τούτων
743 1374 1025 1444 δυνάμεις,
1056 1375 1144 1428 ῖνα
1170 1376 1243 1445 μὴ
1276 1376 1545 1444 ἄπρακτοι
1572 1376 1664 1427 καὶ
1691 1390 1782 1427 κει

211 1466 301 1518 ναὶ
328 1459 463 1519 ὦσιν
494 1467 554 1517 ἐν
587 1467 791 1530 αὐτοῖς.
826 1466 1036 1520 Οὐκοῦν
1066 1465 1189 1519 οὐτε
1224 1465 1285 1518 τὸ
1317 1464 1540 1534 Πνεῦμα
1570 1465 1779 1518 εὐδετέ-

213 1572 312 1623 ραν
341 1556 455 1624 ἔχει
482 1554 729 1624 δύναμιν,
755 1555 882 1608 οὐτε
920 1557 1028 1626 γάρ
1063 1557 1248 1627 γεννᾷ,
1289 1554 1415 1608 οὐτε
1465 1552 1776 1621 προϐάλλει,

206 1643 332 1697 οὐτε
388 1644 479 1697 τὸν
537 1644 665 1698 Υίὸν
710 1645 793 1697 δεῖ
831 1645 975 1715 ἔχειν
1008 1644 1314 1710 οὐδετέραν,
1346 1644 1467 1697 ἐπεὶ
1513 1644 1649 1713 μηδὲ
1680 1643 1779 1712 τὴν

206 1737 421 1807 ἑτέραν.
460 1735 529 1789 Ἣ
558 1736 666 1806 γὰρ
688 1736 877 1804 ἄμφω,
906 1735 940 1806 ἢ
979 1734 1102 1805 μηδ’
1124 1736 1336 1806 ἑτέραν,
1362 1736 1551 1806 ῶσπερ
1572 1730 1665 1788 οὖν
1685 1735 1780 1789 καὶ

1886 549 2120 603 ἐνταῦθα
2176 550 2442 618 πρόδηλος
2491 550 2524 620 ή
2566 549 2666 617 τῆς
2693 552 2868 621 ἀρχῆς
2893 550 3082 619 ἑνότης
3112 552 3169 601 ἐν
3201 552 3311 614 τοῖς
3344 570 3453 621 τρι-

1885 635 2100 700 σὶν,·ὃτι
2130 635 2221 687 καὶ
2257 635 2523 706 πρόδηλος
2555 638 2587 705 ή
2621 637 2723 704 τῆς
2756 638 3041 706 δυνάμεως
3080 640 3354 702 κοινωνία,
3377 643 3453 693 ὅτι

1884 726 1950 778 οὐ
1976 725 2129 795 κατά
2160 725 2256 788 τὰς
2286 727 2634 792 ὑποστάσεις,
2665 729 2798 781 ἀλλά
2832 730 2965 783 καθὸ
2994 730 3051 782 ’ἐν
3075 732 3180 784 είσι
3205 735 3269 803 τῇ
3302 733 3452 803 οὐσία

1882 818 1984 886 τὴν
2014 818 2193 870 κτίσιν
2221 819 2587 886 παράγουσιν,
2619 820 2762 874 ὥστε
2805 822 2937 875 καθὸ
2966 822 3026 875 ἐν
3063 824 3167 877 είσι
3199 828 3263 891 τῇ
3296 825 3451 877 δυνά-

1888 925 1999 978 μει,
2030 910 2144 962 ἐκεῖ
2172 908 2229 961 δὲ
2253 911 2350 980 οὐχ
2376 911 2567 974 οὔτως.
2599 915 2672 965 Οὐ
2703 915 2813 981 γὰρ
2848 908 2960 967 οἷόν
2992 932 3051 968 τε
3081 917 3181 985 τὴν
3213 917 3453 985 προϐλη-

1883 1000 2045 1068 τικὴν
2101 999 2305 1070 ταύτην
2367 1002 2595 1071 δύναμιν
2647 1005 2877 1074 οὐσιὼδη
2934 1006 3101 1073 φάναι
3147 1008 3344 1074 ἐφόσον
3392 1010 3453 1061 οὐ

1884 1092 2145 1155 πρόσεστι
2174 1092 2269 1144 καὶ
2310 1092 2387 1162 τῷ
2418 1094 2718 1163 Πνεύματι,
2748 1098 3101 1166 προσωπικὸν
3131 1100 3186 1152 δέ
3219 1101 3391 1165 ἐστιν,
3429 1100 3453 1151 ὃ

1886 1183 1961 1252 μή
1998 1185 2142 1237 ἑστιν
2168 1184 2447 1250 οὐσιῶδες,
2476 1188 2568 1238 καὶ
2603 1186 2699 1257 ὅλῃ
2724 1189 2789 1255 τῇ
2814 1188 2934 1257 θεία
2963 1189 3123 1255 φύσει
3149 1193 3454 1259 προσῆκον*

1884 1274 2245 1343 προσωπικήν
2277 1273 2334 1327 δὲ
2375 1274 2602 1344 δύναμιν
2642 1278 2702 1328 ἐν
2731 1278 2907 1343 Πατρὶ
2945 1280 3041 1331 καὶ
3071 1280 3182 1348 Υίῷ
3215 1283 3347 1350 μίαν
3381 1281 3457 1336 εἷ-

1881 1380 1969 1417 ναι
2018 1365 2305 1425 ἀδύνατον,
2358 1365 2586 1434 οὐσιώδη
2636 1367 2691 1420 δὲ
2744 1370 2839 1421 καλ⁵
2884 1370 2979 1441 ὅλῃ
3020 1373 3085 1439 τῇ
3128 1372 3247 1443 θείᾳ
3296 1374 3456 1441 φύσει

1881 1457 2265 1526 προσήκουσαν
2298 1458 2379 1510 ἔτι
2415 1460 2841 1530 ἀδυνατώτερον.
2887 1464 3089 1517 Μέλλοι
3124 1468 3233 1537 γὰρ
3269 1469 3335 1521 ἂν
3366 1468 3459 1521 οὖ-

1880 1549 2067 1619 τως,ἢ
2116 1549 2211 1602 καὶ
2254 1550 2385 1603 αὐτὸ
2438 1552 2499 1603 τὸ
2542 1552 2762 1622 Πνεῦμα
2795 1555 3141 1623 προϐάλλειν,
3183 1558 3214 1627 ἢ
3249 1558 3456 1628 ἔρημον

1880 1640 2169 1704 οὐσιώδους
2206 1642 2488 1711 δυνάμεως
2517 1642 2597 1707 ὃν,
2640 1644 2713 1713 μὴ
2760 1647 2815 1697 ἐν
2848 1650 2914 1717 τῇ
2963 1646 3183 1718 θεότητι
3233 1654 3333 1722 τῆς
3358 1652 3455 1705 τοῦ

1882 1733 2093 1804 Πατρδς
2130 1734 2223 1786 καὶ
2245 1733 2376 1787 Υίοῦ
2404 1735 2592 1797 οὐσίας
2633 1731 2794 1791 εἶναι.

207 1830 268 1881 τὸ
298 1825 539 1896 Πνεῦμα.
587 1826 729 1880 Ἀλλ’
755 1828 1051 1896 ἐπενόησεν
1079 1826 1242 1889 αὐτὸς
1276 1825 1542 1895 ἀνάγκην,
1577 1819 1612 1901 ᾖ
1640 1843 1777 1897 παρ·
1809 1815 1850 1869 Β
1949 1825 2011 1877 Εἰ
2045 1827 2144 1894 μὲν
2172 1821 2266 1878 οὖν
2297 1822 2408 1878 οἷόν
2453 1843 2511 1878 τε
2546 1821 2614 1894 ἦν
2659 1826 2757 1897 τὴν
2797 1827 3171 1900 προϐλητικήν
3220 1831 3454 1902 δύναμιν

209 1922 391 1990 ίστησι
448 1918 540 1970 τδν
589 1917 717 1971 Υίδν
768 1918 913 1987 ἔχειν
968 1920 1067 1988 τήν
1123 1916 1495 1989 προϐλητικήν
1546 1918 1778 2003 δύναμιν

203 2015 305 2081 τὴν
333 2013 392 2065 ἑν
424 2011 602 2081 Πατρὶ
622 2010 772 2081 αὐτῷ
803 2010 1089 2081 διδομένην
1119 2009 1208 2064 διά
1240 2010 1565 2081 γεννήσεως.

715 2124 1284 2179 ΛΡΓΥΡΟΠΟΥΛΟΣ.

284 2238 432 2308 Αὐτὴ
467 2237 575 2308 γὰρ
609 2237 689 2293 ὅθ’
727 2238 855 2302 Υίὺς
904 2240 1208 2310 παρῆκται,
1263 2237 1432 2307 μήπω
1483 2236 1777 2306 νοουμένου

201 2331 299 2386 τοῦ
366 2331 682 2401 Πνεύματος
744 2329 1175 2401 ἐκπορεύεσθαι,
1236 2329 1491 2400 καθάπερ
1541 2328 1777 2400 πρόσθεν

204 2425 489 2495 ἐλέγομεν,
537 2423 603 2477 ἐκ
655 2422 865 2493 Πατρὸς
904 2421 1103 2476 δίδοται
1152 2420 1229 2492 τῷ
1288 2418 1403 2489 Υίῷ
1458 2421 1625 2490 μήπω
1683 2419 1776 2473 τοῦ

206 2516 418 2588 ιΙατρδς
448 2516 524 2579 ὼς
558 2515 866 2586 προϐολέως
899 2515 1034 2586 αὐτῇ
1070 2516 1131 2568 τὸ
1162 2511 1389 2584 Πνεῦμα
1419 2516 1774 2584 προάγοντος.

774 2629 1230 2684 ΑΓΑΛΛΙΑΝΟΣ.

282 2749 347 2801 Τί
378 2750 503 2821 φής,
540 2748 832 2817 ἀνθρωπε;
861 2745 1253 2814 ξυμϐαίνουσιν
1283 2744 1389 2815 ἄρα
1431 2745 1498 2816 τῇ
1535 2742 1778 2814 ἡμετέρα

200 2839 392 2909 νοήσει
443 2840 499 2891 αί
535 2838 675 2892 θεῖαι
703 2839 798 2891 καὶ
837 2836 1200 2906 ἀκατανόητοι
1230 2835 1450 2905 πρόοδοι
1488 2836 1597 2887 τῶν
1641 2837 1777 2888 ὐπο-

201 2932 451 2984 στάσεων
490 2932 717 2985 ἐκείνων
768 2930 877 2984 τῶν
927 2928 1113 2995 θείων,
1165 2929 1260 2982 καὶ
1299 2929 1492 2998 χρόνος
1541 2926 1776 2981 ἐνταῦθα

201 3027 496 3095 θεωρεῖται
523 3024 698 3078 καὶτὸ
731 3024 997 3093 πρότερον
1027 3024 1118 3077 καὶ⁵
1145 3022 1390 3092 ὕστερον.
1418 3022 1482 3073 Τί
1518 3021 1625 3090 γὰρ
1648 3019 1777 3076 ἀλλο

202 3116 458 3187 βούλεται
493 3116 575 3177 τὸ,
601 3114 822 3167 Δέεοται
857 3114 935 3182 τῷ
966 3112 1102 3182 Υίῷ,
1141 3114 1307 3183 μήπω
1339 3111 1434 3165 τοῦ
1463 3113 1675 3183 Πατρδς
1701 3114 1776 3177 ὡς

1883 1918 2152 1988 ὑπάρχειν
2196 1919 2291 1970 καὶ
2335 1917 2413 1987 τῷ
2452 1918 2587 1986 mp,
2618 1919 2715 1972 καὶ
2758 1921 2894 1991 μήτε
2939 1922 2972 1991 ή
3008 1924 3102 1975 τοῦ
3135 1925 3451 1993 Πνεύματος

1883 2009 2074 2079 θεότης
2110 2009 2500 2073 ἐκινδυνεύετο,
2536 2013 2673 2079 μήτε
2726 2012 2764 2078 ή
2812 2008 2919 2066 τῶν
2975 2016 3283 2085 προσώπων
3336 2019 3453 2073 διά-

1880 2123 2063 2175 κρισις
2088 2123 2101 2137 ·
2131 2106 2284 2160 οὐδὲν
2336 2106 2404 2160 ἂν
2451 2101 2518 2177 ἦν
2541 2106 2777 2177 χαλεπὸν
2824 2108 2916 2163 διά
2949 2111 3048 2179 τὴν
3090 2112 3355 2183 διαίρεσιν
3386 2118 3451 2187 ἢν

1879 2197 2063 2267 τίθησι
2123 2197 2221 2268 τῆς
2273 2199 2467 2271 ἀρχῆς,
2522 2202 2723 2267 τρόπον
2757 2198 2877 2255 τινά
2941 2204 3073 2274 μίαν
3125 2206 3299 2280 ἀρχὴν
3352 2211 3449 2263 τοῦ

1880 2288 2196 2358 Πνεύματος
2227 2287 2394 2342 εἰπὼν
2437 2290 2530 2343 τὸν
2565 2292 2784 2362 Πατέρα
2833 2292 2932 2345 καὶ
2963 2295 3054 2347 τὸν
3089 2297 3234 2363 Υίδν,
3265 2300 3347 2355 ὄτι
3385 2307 3449 2373 τῇ

1879 2382 2033 2451 κοινῇ
2059 2380 2151 2434 καὶ
2184 2381 2288 2452 μιᾳ
2310 2380 2468 2452 οὐσίᾳ
2499 2381 2657 2435 τοῦτο
2689 2383 2931 2452 προῆγον
2955 2386 3021 2439 ἄν
3040 2400 3056 2419 ·
3084 2389 3206 2442 ἐπεὶ
3240 2390 3297 2445 δὲ
3322 2393 3450 2447 ἀδύ-

1878 2488 2039 2525 νατον
2085 2473 2350 2547 ὐπάρχειν
2394 2473 2472 2543 τῷ
2512 2474 2627 2543 Υίῴ
2672 2476 2770 2543 τὴν
2798 2476 3054 2547 τοιαύτην
3099 2479 3329 2552 δύναμιν
3363 2487 3449 2540 διά

1879 2580 1936 2615 τε
1976 2562 2043 2615 τά
2091 2563 2186 2616 νῦν
2241 2564 2530 2633 εἰρημένα,
2576 2565 2671 2617 καὶ
2718 2563 2892 2619 ἀλλων
2944 2569 3154 2624 πολλῶν
3199 2572 3361 2628 ἕνεκα
3414 2577 3449 2631 ἃ

1881 2654 2317 2723 παραλέλειπται
2348 2654 2507 2726 χάριν
2538 2658 2852 2727 συντομίας,
2884 2660 2944 2712 οὐ
2973 2661 3104 2715 διότι
3132 2665 3363 2734 ήδύνατο
3384 2668 3450 2722 ἂν

1878 2743 2064 2813 τρόπῳ
2130 2740 2230 2811 μία
2282 2741 2422 2796 εἶναι
2465 2746 2522 2797 ἐν
2582 2746 2809 2815 ἀμφοῖν,
2865 2747 2923 2800 εί
2980 2765 3042 2817 γε
3103 2754 3198 2805 καὶ
3248 2757 3449 2827 ἀμφοῖν

1881 2834 2093 2902 παρῆν·
2122 2833 2209 2886 διὰ
2246 2833 2408 2887 τοῦτο
2450 2838 2830 2907 πιστεύσωμεν
2878 2842 2968 2893 καὶ
3009 2843 3087 2912 τῷ
3118 2843 3232 2914 Υίῷ
3274 2848 3449 2901 ταῦτα

1878 2928 2184 2996 προσεῖναι,
2209 2927 2360 2993 παρὰ
2385 2926 2586 2995 φαῦλον
2609 2928 2825 2998 θέμενοι
2860 2931 3063 2996 ἐκεῖνα,
3092 2934 3160 2989 δι’
3191 2938 3292 2990 ὅσα
3319 2940 3448 2993 ἀδύ-

1878 3017 2038 3070 νατόν
2072 3019 2188 3071 ἐστι
2227 3020 2513 3088 προσεῖναι
2543 3021 2639 3073 καὶ
2672 3021 2751 3090 τῷ
2799 3022 2912 3093 Υίῷ
2952 3026 3159 3096 ταύτην
3215 3030 3448 3099 μέγιστα

1878 3106 2027 3171 ὅντα,
2065 3107 2278 3177 καὶούχ
2311 3101 2398 3161 οἷα
2423 3110 2740 3179 παρῶφθαι,
2767 3107 2841 3165 ὧν
2873 3113 2989 3167 ἔνια
3019 3118 3113 3169 καὶ
3142 3122 3197 3172 ἐν
3224 3125 3337 3186 τοῖς
3371 3126 3449 3176 εί-

198 3177 516 3276 ·ξτροϐολέως
541 3205 602 3257 τὸ
625 3204 848 3273 Πνεῦμα
874 3177 1241 3275 προάγοντοςξ
1283 3203 1448 3256 Ἀλλά
1478 3177 1653 3257 ταῦτα
1678 3203 1776 3272 μὲν
1800 3177 1845 3240 C
1879 3199 2135 3268 ρημένοις
2161 3198 2279 3252 ἐστὶ
2310 3198 2406 3251 καὶ
2425 3177 2516 3253 διά
2537 3177 2645 3253 τῶν
2675 3202 2847 3270 ἁγίων
2878 3204 3254 3265 ἀποδέδεικται
3276 3228 3291 3244 ⁶
3317 3177 3447 3269 ὀἷον

198 3300 283 3360 ὡς
316 3295 763 3367 προεληλεγμὲνα
797 3296 889 3346 καὶ.
917 3294 1336 3362 αὐτεξέλεγκτα,
1363 3295 1457 3346 καὶ
1494 3293 1773 3364 προδήλως

199 3390 523 3461 βλάσφημα,
556 3387 677 3440 οὐδέ
709 3386 919 3439 πολλῶν
948 3387 1157 3439 δέονται
1184 3386 1357 3455 λόγων
1376 3403 1391 3418 ο
1432 3387 1565 3453 πρὸς
1591 3386 1647 3440 δὲ
1676 3384 1775 3454 τὴν

196 3483 463 3550 δευτέραν
522 3478 629 3531 τῶν
678 3477 922 3546 ἀποριῶν
984 3477 1075 3530 καὶ
1122 3478 1221 3547 τὴν
1269 3477 1422 3530 λύσιν
1462 3478 1631 3547 αὐτῆς
1680 3476 1774 3529 ίω-

203 3590 331 3643 μεν.
1007 3617 1011 3621 .

289 3663 410 3725 Πῶς
443 3657 537 3716 οὖν
570 3663 630 3714 οὐ
652 3661 744 3715 δύο
767 3660 937 3731 ἀρχαὶ
956 3661 1099 3715 δυοῖν
1127 3662 1296 3715 όντων
1320 3660 1428 3715 τῶν
1447 3659 1775 3729 προϐαλλόν-

199 3769 339 3817 των,
367 3751 400 3820 ή
425 3751 539 3813 πῶς
563 3750 625 3802 οὐ
652 3747 966 3819 ξυναλοιφή,
996 3752 1045 3802 εί
1077 3748 1171 3802 δύο
1197 3749 1295 3819 μία
1326 3750 1503 3820 ἁρχή;
1539 3750 1677 3819 Πρὸς
1709 3750 1774 3819 δή

199 3844 306 3910 τὴν
331 3841 588 3909 τοιαύτην
608 3841 841 3912 ἀπορίαν
863 3840 1060 3908 ἐπάγει
1082 3840 1184 3908 μὲν
1206 3839 1400 3904 πολλὰ,
1429 3841 1603 3892 δοκῶν
1627 3840 1775 3893 λύειν

202 3934 401 4001 αὐτὴν,
438 3932 592 3985 οὐδὲν
619 3932 676 3985 δὲ
701 3932 849 3999 ὐγιές
882 3932 1032 3984 ἐστιν
1066 3930 1265 3984 αὐτῶν.
1301 3932 1509 3999 Διαιρεί
1541 3929 1642 3998 μὲν
1667 3930 1775 4002 γὰρ

196 4025 304 4093 τὴν
336 4022 511 4092 ἀρχὴν
558 4023 638 4085 είς
684 4022 936 4092 δύναμιν,
964 4015 1263 4093 ᾖπροάγει
1302 4019 1363 4073 τὸ
1396 4019 1773 4092 προαγόμενον

196 4118 518 4186 πρόσωπον,
546 4113 639 4167 καὶ
661 4114 741 4175 είς
773 4113 835 4164 τὸ
860 4112 1152 4183 πρόσωπον
1185 4111 1317 4164 αὐτὸ
1349 4110 1379 4163 ὃ
1402 4111 1654 4179 προάγει,
1680 4110 1777 4165 καὶ

194 4207 594 4278 συμπεραίνων
656 4207 852 4271 οίεται,
922 4204 1087 4273 μηδὲν
1146 4199 1289 4257 εἶναι
1350 4205 1574 4268 ἄτοπον,
1636 4202 1773 4273 μηδὲ

192 4293 697 4367 παραϐλάπτεσθαι
726 4294 786 4346 τὸ
823 4292 1109 4363 μοναδικδν
1140 4294 1239 4361 τῆς
1263 4293 1460 4363 ἀρχῆς,
1494 4296 1543 4347 εί
1567 4294 1660 4345 δύο
1692 4293 1776 4345 λέ-

194 4409 390 4464 γοιντο
440 4390 708 4461 πρόσωπα
767 4386 1145 4456 προϐάλλοντα
1198 4388 1293 4440 καὶ
1343 4386 1435 4439 δύο
1478 4389 1645 4457 ἀρχαὶ
1699 4388 1774 4450 ὡς

1875 3290 1939 3343 τὸ
1966 3290 2204 3362 ίδιότητα
2246 3290 2340 3344 τοῦ
2375 3292 2590 3362 Πατρδς
2635 3287 2773 3347 εἶναι
2801 3297 2899 3365 τὴν
2933 3300 3106 3370 ἀρχὴν
3147 3304 3239 3356 καὶ
3267 3305 3326 3357 τὸ
3360 3308 3446 3359 αί-

1876 3397 2011 3446 τιον,
2053 3385 2146 3434 καὶ
2173 3381 2230 3435 τὸ
2252 3383 2495 3453 γόνιμον,
2523 3385 2613 3436 καὶ
2644 3387 2712 3440 τά
2734 3389 2958 3442 τοιαῦτα
2991 3394 3131 3445 κατὰ
3172 3399 3296 3460 τοὺς
3324 3397 3442 3452 θεο-

1876 3473 2066 3541 λόγους
2095 3472 2176 3537 οἷς
2206 3475 2266 3526 οὐ
2300 3476 2517 3544 συνᾴδει
2551 3478 2612 3529 τὸ
2653 3480 2747 3531 καὶ
2776 3481 2868 3533 τὸν
2897 3481 3024 3536 Υίὸν
3056 3487 3326 3555 προϐολέα
3366 3488 3446 3544 εἴ·

1876 3581 1963 3618 ναι
1992 3565 2086 3618 τοῦ
2113 3566 2454 3636 Πνεύματος,
2485 3568 2519 3639 ἢ
2552 3569 2741 3635 αίτιον,
2770 3571 2802 3641 ή
2853 3573 2953 3625 ὅσα
2981 3577 3208 3630 τοιαῦτα
3242 3580 3293 3633 οί
3343 3584 3445 3653 τήν

1877 3654 2156 3723 θεολογίαν
2215 3658 2324 3709 τῶν
2382 3658 2558 3725 ἁγίων
2606 3661 3073 3731 παραφθείροντες
3130 3671 3441 3741 ἐπισφαλῶς

1876 3746 2148 3816 λέγουσιν.
2185 3746 2401 3818 Ὠσπερ
2441 3747 2533 3801 οὖν
2563 3750 2611 3801 εί
2637 3750 2725 3804 διὰ
2755 3753 2823 3806 τά
2856 3756 3125 3822 πρόσωπα
3156 3762 3282 3830 τρία
3312 3764 3443 3818 ὅντα

1874 3842 2024 3909 τρεῖς
2054 3839 2317 3909 ἐλέγομεν
2349 3839 2526 3906 θεοὺς,
2555 3832 2978 3913 τὴνπολυθεΐαν
3004 3852 3102 3902 οὐκ
3138 3853 3205 3906 ἂν
3248 3855 3445 3924 ἐξεφύ-

1876 3948 2047 4001 γομεν
2069 3971 2084 3998 ,
2113 3933 2219 3986 κάν
2248 3934 2446 3986 ὁπόσον
2476 3937 2542 4003 τῇ
2580 3938 2680 4007 μιᾷ
2712 3936 2929 4007 θεότητι
2963 3945 3399 4017 καταφεύγωμεν
3422 3965 3437 3980 ·

1875 4026 2047 4090 οὓτως
2074 4029 2197 4082 οὐδέ
2221 4029 2439 4083 Λατῖνοι
2475 4033 2573 4099 τὴν
2605 4032 2863 4103 θεαρχίαν
2893 4036 3301 4111 ἑκφευξοῦνται,
3336 4044 3442 4111 ἕως

1875 4119 1968 4173 δύο
2001 4121 2267 4186 πρόσωπα
2289 4122 2382 4175 δύο
2411 4123 2815 4192 προϐάλλοντας
2837 4128 3109 4198 λέγοντες,
3151 4134 3253 4188 κᾶν
3289 4137 3444 4211 διαρ-

1878 4212 2108 4282 ραγῶσι,
2137 4215 2268 4282 μίαν
2300 4215 2359 4267 ἐν
2387 4215 2591 4283 ἀμφοῖν
2632 4216 2860 4288 δύναμιν
2899 4222 3272 4298 προϐλητικήν
3302 4227 3443 4287 εἶναι

1879 4303 2134 4373 βοῶντες.
2206 4304 2421 4375 Ὠσπερ
2484 4306 2592 4375 γάρ
2653 4309 2827 4364 ἐκεῖνο
2896 4314 3030 4365 πᾶσι
3096 4318 3209 4381 τοῖς
3265 4321 3445 4390 ἁγίοις

1877 4397 2070 4461 ἀσεϐὲς
2116 4397 2293 4463 ἔδοξεν
2342 4394 2501 4466 εἶναι,
2533 4397 2673 4453 οὕτω
2716 4402 2810 4453 καὶ
2856 4402 3016 4459 τοῦτο
3065 4410 3199 4463 πᾶσι
3253 4415 3445 4468 σεσιώ-

196 4480 494 4550 πρόσωπα,
524 4477 645 4528 ἐπεὶ
677 4475 777 4544 μιᾷ
805 4475 1031 4544 δυνάμει
1064 4476 1156 4528 καὶ
1178 4478 1246 4548 τῇ
1278 4476 1416 4548 αὐτῇ
1446 4476 1523 4547 τῷ
1551 4476 1774 4548 ἀριθμῴ
1806 4515 1849 4570 D
1883 4503 2077 4556 πηται,

194 4571 621 4644 προϐάλλουσιν.

288 4662 513 4730 Ἐρείδει
546 4663 603 4715 δέ
625 4661 717 4714 τὸν
750 4663 908 4730 λόγον
930 4665 1024 4717 καὶ
1048 4661 1164 4726 πῶς
1188 4678 1206 4730 ;
1233 4662 1393 4732 Τρεῖς
1430 4662 1606 4733 ἀρχὰς
1635 4658 1773 4716 εἶναι

191 4756 378 4822 λέγων
406 4754 507 4824 τῆς
543 4758 797 4816 κτίσεως,
826 4755 919 4806 τὸν
951 4752 1169 4823 Πατέρα
1196 4753 1292 4807 καὶ
1320 4746 1415 4806 τὸν
1443 4753 1571 4806 Υίὸν
1597 4754 1775 4807 καὶτὸ

187 4848 358 4915 ἆγιον
408 4845 657 4914 Πνεῦμα,
692 4848 792 4917 μιᾷ
838 4846 891 4898 δέ
917 4847 1065 4916 ὅμως
1115 4846 1345 4916 δυνάμει
1392 4846 1769 4916 δημιουργεῖν,

187 4940 278 4991 διὸ
312 4937 403 4989 καὶ
424 4936 520 4990 ἕνα
544 4931 684 4989 εἶναι
708 4937 1042 5007 δημιουργὸν
1073 4935 1167 4989 καὶ
1193 4934 1314 4988 καθ’
1337 4936 1635 5009 ὁμοιότητα
1656 4935 1775 4990 τού-

186 5048 295 5083 του
329 5029 487 5098 φησὶ,
521 5028 693 5098 μηδὲν
716 5027 948 5082 κωλύειν
984 5029 1077 5082 καὶ
1108 5029 1202 5081 δύο
1224 5028 1400 5097 ἀρχὰς
1435 5027 1526 5083 τὸν
1556 5028 1774 5099 Πατέρα

188 5122 382 5187 λέγειν
416 5125 510 5172 καὶ
540 5120 631 5171 τὸν
662 5118 812 5184 Υίδν,
853 5121 946 5174 καὶ
981 5120 1074 5174 δύο
1110 5120 1516 5190 προϐάλλοντας
1538 5137 1553 5155 ο
1589 5122 1686 5175 ἕνα
1718 5122 1775 5174 δέ

185 5218 348 5285 ὅμως
378 5212 675 5281 προϐολέα,
712 5212 790 5283 τῷ
823 5215 952 5281 μίαν
976 5214 1031 5265 ἐν
1056 5213 1261 5282 ἀμφοῖν
1294 5213 1665 5283 προϐλητικὴν
1698 5208 1775 5265 εἴ·

186 5321 288 5357 ναι
353 5302 619 5371 δύναμιν
682 5302 884 5355 ὡσανεὶ
951 5303 1136 5371 ἔλεγεν
1199 5304 1282 5356 ὅτι
1339 5305 1491 5373 τρεῖς
1552 5306 1618 5355 ἂν
1685 5304 1774 5356 λέ-

182 5410 377 5463 γοιντο
407 5394 521 5447 θεοὶ
546 5393 621 5456 ὡς
645 5394 772 5463 τρία
804 5394 1091 5463 πρόσωπα,
1121 5394 1218 5463 μία
1250 5395 1400 5463 ὅμως
1426 5392 1636 5461 θεότης.

278 5485 441 5538 Ἀλλά
461 5484 779 5537 τούναντίον
792 5484 1029 5548 ’ἅπαντες
1065 5485 1214 5554 ἆγιοι
1237 5486 1486 5555 λέγουσιν
1510 5488 1769 5554 εὐσεϐῶς,

181 5583 277 5634 ὅτι
308 5580 364 5632 αί
395 5582 542 5647 τρείς
573 5578 899 5644 ὑποστάσεις
939 5580 1049 5633 εἰσὶ
1091 5580 1191 5649 μία
1216 5581 1314 5649 τῆς
1350 5582 1580 5644 κτίσεως
1602 5560 1768 5651 ἀρχὴ,

182 5673 274 5724 ὅτι
313 5672 452 5723 κατὰ
481 5672 581 5740 τὴν
621 5672 851 5741 ἑνότητα
880 5672 983 5741 τῆς
1007 5672 1194 5735 οὐσίας
1220 5673 1395 5725 αὐτῶν
1434 5675 1465 5742 ή
1510 5672 1772 5742 δημιουρ-

183 5762 325 5834 γικὴ
356 5766 647 5833 πρόσεστιν
679 5765 871 5826 αὐταῖς
896 5764 1145 5833 δύναμις,
1174 5765 1266 5818 καὶ
1299 5766 1573 5836 ἐνέργεια,
1594 5768 1642 5820 εἰ
1678 5768 1769 5819 καὶ

1949 4577 2161 4632 Οὐκοῦν
2194 4582 2316 4635 ἐπεὶ
2356 4583 2469 4644 τοῖς
2504 4582 2763 4648 τοιούτοις
2799 4586 2897 4657 οὐχ
2938 4589 3139 4654 ίκανῶς
3176 4591 3363 4648 λύεται
3409 4598 3443 4666 ή

1875 4666 2080 4738 ἀπορία
2113 4670 2205 4721 καὶ
2232 4670 2291 4721 τὸ
2321 4670 2415 4722 δύο
2449 4672 2621 4741 ἀρχὰς
2654 4675 2832 4742 λέγειν
2860 4678 2951 4732 τὸν
2988 4681 3203 4751 Πατέρα
3232 4684 3327 4738 καὶ
3353 4686 3445 4738 τὸν

1879 4757 2024 4824 Υίδν,
2057 4758 2258 4826 φαῦλόν
2288 4761 2437 4813 ἐστιν
2459 4762 2552 4813 καὶ
2581 4764 2858 4832 αίρετικδν
2893 4770 2985 4822 καὶ
3013 4771 3073 4823 τὸ
3112 4774 3241 4842 μίαν
3270 4776 3444 4845 ἀρχὴν

1874 4851 1974 4914 τὰς
2008 4851 2102 4904 δύο
2135 4851 2312 4920 λέγειν
2340 4854 2689 4923 ὑποστάσεις,
2735 4863 2828 4912 καὶ
2866 4859 2965 4931 τήν
3021 4865 3350 4935 συναλοιφὴν
3381 4869 3442 4921 οὐ

1874 4939 2267 5009 διαπέφευγεν.
2304 4936 2397 5004 Οἷς
2428 4942 2536 5012 ἄρα
2570 4947 2891 5015 περιπίπτει
2931 4954 2957 5004 ὁ
2984 4953 3155 5007 ταῦτα
3184 4955 3371 5020 ἀξιῶν.

1948 5034 2058 5087 Καὶ
2087 5034 2150 5103 δὴ
2183 5034 2274 5089 τὸν
2306 5034 2464 5103 λόγον
2498 5037 2723 5093 τελειῶν
2752 5041 2923 5096 πολλά
2962 5045 3062 5113 μὲν
3094 5050 3219 5118 περὶ
3250 5049 3440 5102 ἑαυτοῦ

1879 5125 2373 5195 μεγαλορῤημονεῖ,
2408 5127 2565 5180 ἐνίων
2599 5145 2657 5181 τε
2708 5134 3100 5203 κατεπαίρεται
3148 5138 3246 5206 τὴν
3288 5141 3415 5191 ἑναν

1874 5213 1996 5266 τίαν
2019 5215 2386 5285 δήπουιτούτῳ
2411 5218 2749 5287 φερομένων,
2777 5227 3084 5293 κομπηροτς
3107 5244 3213 5279 τισι
3231 5227 3436 5296 ῥήμασι

1875 5305 2179 5375 λεληθότως
2209 5306 2415 5359 τούτων
2437 5309 2874 5378 καθαπτόμενος,
2906 5307 2981 5367 ὧν
3016 5318 3140 5385 ήμῖν
3171 5317 3318 5382 λόγος
3347 5318 3433 5369 οὐ-

1874 5399 1980 5459 δεὶς
2014 5400 2123 5461 τοῖς
2172 5415 2234 5467 γε
2267 5400 2545 5470 σώφροσιν
2591 5402 2796 5470 ἀφιεῖσι
2849 5404 2947 5475 τήν
2989 5412 3169 5473 κρίσιν
3210 5404 3430 5467 τούτων,

1875 5490 1962 5557 ἐφ’
1998 5485 2041 5557 ᾧ
2074 5490 2279 5559 πότερα
2324 5492 2576 5561 ποτέροις
2626 5496 2891 5565 προσήκει
2921 5497 3205 5563 διαγνῶναι
3228 5510 3240 5525 ’
3272 5497 3431 5566 ήμεῖς

1875 5584 1929 5635 δὲ
1961 5584 2019 5635 οὐ
2055 5584 2189 5653 πρὸς
2238 5585 2334 5655 τήν
2367 5586 2600 5640 καθόλου
2632 5586 2765 5660 ὓλην
2796 5591 2894 5659 τῆς
2946 5589 3143 5660 μεταξὺ
3186 5588 3341 5658 ήμῶν
3371 5607 3430 5641 τε

1876 5675 1970 5728 καὶ
2003 5675 2248 5730 Λατίνων
2274 5678 2536 5748 διαφορᾶς
2569 5680 2660 5731 τὸν
2699 5684 2942 5750 παρόντα
2968 5681 3119 5746 λόγον
3150 5681 3434 5748 ἐνεστησά-

1879 5767 2042 5836 μεθα,
2070 5768 2154 5820 ἵνα
2188 5772 2693 5841 κατασκευάσωμεν
2724 5773 2784 5825 τὸ
2811 5772 3017 5825 ἑαυτῶν
3046 5773 3430 5845 συμπέοασμα,
