4168 6434
199 421 330 486 1053
401 472 412 483 .

1053 421 1218 481 JOBI
1258 417 1600 480 MONACHI
1647 413 2094 476 PRO(EMIUM
2137 411 2214 473 ΙΝ
2261 411 2627 472 I’SALMOS.

3301 402 3436 471 1054

983 742 1558 858 JOSEPHI
1678 738 2641 852 PATRIARCHZE

1417 989 2223 1078 EPITAPHIUM.

747 1147 890 1208 (Acta
922 1157 1059 1194 conc.
1089 1144 1310 1194 Floreut.
1337 1142 1395 1191 ab
1421 1142 1620 1197 Horatio
1641 1141 1920 1191 Jttstioiano
1952 1141 2173 1191 collecta.
2203 1144 2367 1192 Romae
2396 1143 2532 1204 1638,
2554 1142 2664 1203 fol.,
2693 1156 2737 1205 p.
2764 1143 2897 1202 28L)

203 1425 457 1481 Ecclesiae
485 1423 714 1478 antistes
753 1422 962 1478 fueram
997 1425 1089 1492 qui
1119 1436 1345 1492 magnus
1373 1422 1520 1487 ane,

274 1518 371 1572 llic
393 1519 548 1587 jaceo
573 1531 797 1588 magnus
837 1515 1096 1588 religione
1125 1509 1345 1584 Joseph.

205 1611 316 1665 lloe
338 1627 502 1664 unum
539 1620 809 1679 optaram,
833 1609 970 1671 miro
1001 1607 1362 1662 inflammatus
1392 1622 1598 1674 amore,

284 1703 432 1758 linus
461 1716 520 1756 ut
552 1702 781 1770 Europae
807 1699 1016 1766 cultus,
1050 1709 1103 1754 et
1138 1715 1239 1754 una
1269 1703 1420 1755 titles.

205 1796 410 1850 Italiam
447 1795 598 1866 petii,
625 1793 805 1850 faedus
826 1793 1190 1863 percussimus
1222 1809 1423 1859 unum;

1798 1443 1848 1500 Α
1945 1424 2249 1494 Junctaque
2275 1425 2531 1482 Romana:
2563 1435 2645 1481 est
2679 1442 2766 1482 me
2790 1429 2926 1483 duce
2955 1427 3115 1482 Graia
3157 1429 3309 1485 fides.

1883 1518 1991 1573 Nec
2023 1533 2206 1584 mora;
2238 1520 2491 1584 decubui,
2521 1535 2667 1574 nunc
2700 1535 2784 1574 me
2814 1523 3082 1576 Florentia
3115 1533 3315 1587 servat,

1956 1611 2072 1677 Qua
2105 1625 2249 1664 nunc
2281 1611 2570 1666 concilium
2616 1611 2795 1664 ﬂoruit
2827 1613 2960 1667 urbe
2999 1628 3234 1669 sacrum.

1885 1700 2057 1766 Felix,
2093 1703 2184 1771 qui
2208 1710 2358 1756 tanto
2383 1704 2616 1758 donarer
2649 1719 2873 1758 munere
2904 1705 3119 1768 vivens,

1955 1792 2055 1859 Qui
2090 1807 2333 1849 morerer
2361 1795 2470 1849 voti
2508 1809 2728 1864 compos
2749 1803 2801 1850 et
2828 1795 2943 1865 ipse
2973 1796 3098 1849 mei.

240 1939 3432 1986 Μ

240 1974 496 1989 ——

952 2127 1062 2313 J
1076 2132 1357 2313 OB
1491 2129 2686 2314 MONACHUS

1533 2587 2148 2681 MONITUM.

287 2896 470 2953 Codex
532 2892 886 2948 Taurinensis
914 2888 1221 2947 CLXXVIII
1259 2889 1309 2953 b,
1348 2887 1416 2953 ll,
1443 2888 1533 2948 52.
1567 2888 1917 2947 chartaceus,
1975 2893 2234 2940 constans
2290 2884 2431 2942 foliis
2463 2886 2548 2952 70,
2594 2885 2779 2942 strculi
2813 2901 2926 2941 xvr.
2969 2885 3092 2940 Ἰὼϐ
3129 2887 3460 2958 ἁμαρτωλοῦ

205 2985 378 3055 ἠθικὴ
395 2984 596 3053 Θεωρία
625 2983 702 3044 είς
725 2982 821 3044 τὰς
848 2981 1008 3049 ἁγίας
1034 2979 1222 3048 φωνὰς
1249 2975 1343 3029 τοῦ
1371 2976 1653 3046 προφήτου
1674 2973 1860 3041 Δαβίδ.
1887 2974 1942 3028 Jc

1924 2977 2010 3029 ubi
2034 2981 2323 3046 peccatoris
2356 2979 2556 3033 theuria
2586 2981 2802 3033 moralis
2837 2983 2889 3035 in
2914 2990 3130 3034 sanctas
3163 2997 3303 3035 voces
3335 2996 3461 3047 pro-

208 3078 380 3147 pheta:
403 3075 642 3128 Daridis.
683 3073 778 3127 Est
838 3073 1091 3126 nimirum
1148 3067 1572 3122 commentarius
1625 3066 1680 3118 in
1732 3063 2002 3127 Psalmos,
2061 3080 2166 3118 non
2216 3067 2430 3134 quidem
2483 3082 2693 3144 omnes,
2729 3068 2822 3122 sed
2854 3069 3162 3137 quindecim
3203 3070 3464 3122 duntaxat

210 3165 446 3233 priores.
481 3162 608 3229 Ejus
642 3168 836 3215 auctor
866 3160 1065 3213 dicitur
1096 3156 1262 3211 Jobns
1293 3165 1557 3224 peccator.
1589 3151 1725 3218 Quis
1755 3162 1934 3204 autem
1979 3147 2142 3201 fuerit
2188 3149 2275 3202 hic
2317 3147 2484 3202 Jobns
2526 3161 2788 3218 peccator,
2821 3165 3008 3220 magna
3047 3153 3176 3206 licet
3220 3150 3463 3206 adhibita

212 3250 518 3321 diligentia,
540 3248 680 3317 apud
715 3247 987 3302 nemiuem
1022 3259 1208 3298 eorum
1236 3243 1479 3312 reperire
1514 3243 1787 3312 potuimus
1820 3238 1912 3307 qui
1938 3238 2003 3290 de
2034 3234 2333 3305 Scriptura:
2357 3237 2762 3308 interpretibus,
2787 3240 2868 3296 vel
2892 3239 3095 3296 Graecis
3125 3239 3206 3296 vel
3235 3238 3467 3320 Latinis,

214 3340 382 3396 verba
407 3337 676 3394 fecerunt.
715 3333 1073 3390 Prannittitur
1095 3333 1252 3388 initio
1282 3333 1631 3402 prooemium,
1670 3328 1813 3401 quod
1843 3323 2148 3395 hujusmodi
2174 3335 2278 3380 est.

1213 3595 1512 3710 ,ΙΟΒί
1606 3591 2486 3705 ΡΕΕΟΑΤΟΒΙΞ

1616 3815 2054 3879 PROOEMIUM

997 4015 1650 4158 COMMENTA
1675 4013 1844 4102 RII
1925 4013 2051 4101 IN
2132 4006 2700 4107 PSALMOS.

295 4289 504 4351 Σκοπός
553 4288 700 4340 ἐστιν
746 4287 882 4356 ἡμῖν
934 4283 1449 4354 αὐτοσχεδιάζουσιν
1489 4286 1546 4335 ἐν
1596 4281 1674 4351 τῷ
1704 4283 1805 4344 τὰς
1835 4291 1881 4346 Α

1986 4285 2193 4354 Scopus
2217 4295 2300 4341 est
2323 4285 2478 4340 nobis
2506 4293 2699 4355 sponte
2722 4283 2811 4339 hic
2843 4283 3127 4339 Davidicas
3165 4298 3320 4338 voces
3353 4301 3474 4338 rur-

219 4384 381 4454 ἱερὰς
414 4381 704 4442 Δαυῖτικὰς
738 4377 922 4446 φωνὰς
954 4377 1290 4443 ἀναξαίνειν,
1332 4376 1406 4438 ὡς
1437 4375 1802 4445 ἁρωματικήν
1909 4389 1942 4431 st

1918 4389 2027 4431 sum
2053 4387 2312 4441 atterere,
2364 4385 2619 4444 tanquam
2650 4376 3000 4430 aromaticam
3036 4374 3324 4440 quamdam
3358 4377 3477 4446 thy-

216 4493 347 4528 τινα
383 4471 748 4543 Θυμιαμάτων
799 4468 1029 4522 εὐωδίαν
1086 4466 1510 4531 ἀνασκάλλουσι,
1563 4466 1652 4521 καὶ
1704 4464 1806 4534 ψυ-

216 4566 330 4638 χῆν
394 4565 492 4618 καὶ
537 4563 778 4617 διάνοιαν
841 4561 939 4614 καὶ
995 4561 1180 4612 πᾶσαν
1219 4557 1668 4627 εὐφραινομένοις
1719 4556 1804 4608 αι’·-

219 4658 460 4728 σθησιν,
517 4655 616 4724 οὐχ
666 4656 749 4707 ὅτι
799 4655 847 4706 οί
902 4651 1072 4704 πάλαι
1124 4651 1256 4703 οεῖοι
1313 4649 1409 4718 τῆς
1475 4647 1802 4717 Ἐκκλησίας

217 4744 608 4815 καθηγεμόνες
661 4743 756 4796 καὶ
803 4740 1041 4808 θεολόγοι
1092 4737 1126 4808 ἢ
1176 4737 1409 4800 ἐλλιπῶς
1459 4737 1553 4788 καὶ
1599 4733 1802 4799 ταύτας

221 4836 373 4907 μετὰ
403 4837 512 4889 τῶν
556 4833 732 4889 ἄλλων
763 4830 1142 4902 ἐξηγούμενοι,
1172 4828 1206 4895 ἢ
1244 4825 1494 4880 ὁπωσοῦν
1523 4827 1807 4897 ἠμελημέ-

217 4944 338 4990 νως
376 4924 752 4996 ἐπεσκέψαντό
780 4941 838 4978 τε
871 4925 964 4977 καὶ
995 4921 1399 4992 τεθεωρήκασι,
1427 4919 1656 4981 καὶτοῖς
1691 4917 1807 4990 μετ’

219 5022 431 5084 αὐτοὺς
489 5021 622 5091 ἡμῖν
685 5016 1179 5086 παραδεδώκασιν,
1244 5011 1549 5082 οὐμενοῦνο
1614 5011 1808 5080 πόρρω

219 5111 394 5167 τοῦτο
415 5113 510 5182 τῆς
535 5112 762 5164 ἐκείνων
801 5109 994 5179 σοφίας
1029 5107 1146 5177 ἅμα
1176 5105 1268 5158 καὶ
1298 5105 1540 5176 χάριτος.
1576 5103 1805 5166 Μεστῶς

221 5207 342 5277 γὰρ
394 5206 487 5258 καὶ
537 5204 778 5267 τελείως,
811 5204 908 5255 κα)⁸
952 5202 1027 5264 ὼς
1080 5201 1179 5254 οὐκ
1215 5201 1282 5252 ἂν
1337 5199 1581 5267 ἄμεινον,
1630 5199 1810 5250 πάντα

225 5299 468 5360 ἐκείνοις
500 5296 716 5367 εἴρηται
763 5296 856 5349 καὶ
905 5292 1320 5362 ἀναγέγραπται
1350 5307 1363 5322 ο
1406 5293 1502 5345 καὶ
1547 5289 1617 5342 τὰ
1646 5287 1814 5341 ἐλλεί-

220 5406 404 5445 ποντα
449 5392 592 5443 κατὰ
635 5389 795 5460 τήνδε
826 5389 925 5458 τὴν
962 5388 1301 5456 Δεσποτικὴν
1347 5382 1682 5453 ἐπαγγελίαν
1719 5381 1812 5435 ὑπ’

221 5483 415 5539 αὐτῶν
447 5485 513 5552 τῇ
555 5482 785 5550 δυνάμει
817 5480 910 5533 καὶ
945 5480 1129 5550 χάριτι
1176 5476 1270 5531 τοῦ
1305 5476 1462 5545 ἁγίου
1496 5474 1811 5544 ιινεύματος

220 5573 699 5643 ἀναπεπλήρωται
726 5589 740 5603 °
771 5571 906 5624 ἀλλὰ
939 5571 1107 5642 μηδὲν
1139 5569 1268 5624 ἄλλο
1298 5570 1437 5639 μετά
1466 5569 1565 5631 τὰς
1598 5583 1816 5621 κανονι·

223 5669 335 5728 κάς
370 5666 592 5735 Γραφὰς
625 5665 659 5736 ἢ
689 5663 891 5728 ταύτας
946 5664 1245 5735 ἐξαιρέτως
1280 5664 1432 5715 πνεῖν
1484 5661 1578 5714 καὶ
1631 5661 1812 5714 λαλεῖν

222 5759 332 5813 καὶ
360 5758 436 5829 τῷ
473 5759 549 5826 νῷ
580 5757 856 5827 στρέφειν,
893 5759 988 5810 καί¹
1017 5757 1116 5829 διὰ,
1139 5755 1257 5826 βίου
1292 5755 1495 5817 παντὸς
1527 5754 1812 5808 ἐνδιαιτᾶ-

225 5852 360 5905 σθαι
402 5851 629 5914 ταύταις
682 5849 1068 5923 προῃρημένος
1111 5828 1216 5903 διαὶ
1269 5847 1436 5918 μηδὲν
1492 5845 1640 5915 ἔχειν
1677 5847 1806 5900 ἄλλο

1911 4464 2226 4518 miatnatum
2280 4463 2632 4535 fragrantiam
2681 4464 3151 4530 investigantibus,
3187 4463 3328 4519 unde
3355 4468 3476 4518 anl-

1912 4572 2073 4622 mus,
2134 4571 2325 4620 mens.
2371 4547 2656 4624 omnisque
2719 4569 2915 4610 sensus
2949 4555 3325 4611 exhilaretur:
3374 4571 3480 4610 nou
3568 4561 3572 4565 ’

1915 4651 2144 4718 utique,
2210 4651 2351 4719 quod
2401 4650 2606 4719 antiqui
2667 4648 2923 4704 Ecclesiae
2996 4648 3260 4718 magistri,
3319 4659 3482 4718 atque

1917 4743 2153 4812 theologi
2211 4741 2524 4813 imperfecte
2579 4742 2696 4796 illas
2755 4751 2874 4811 post
2914 4743 3050 4798 alios
3105 4744 3474 4811 exposuerint,

1916 4845 2011 4888 aut
2060 4835 2544 4904 quomodocunque
2588 4835 2922 4905 negligenter
2971 4833 3436 4889 consideraverint
3465 4874 3482 4900 ,

1917 4936 2082 4995 atque
2124 4926 2479 4995 inSpexerint,
2530 4925 2799 4994 nobisque
2864 4925 3234 4980 dilucidaudos
3269 4935 3394 4995 post
3423 4939 3484 4980 se

1917 5018 2260 5088 reliquerint.
2320 5016 2437 5072 Non
2481 5033 2613 5072 sane
2645 5035 2658 5072 :
2685 5017 2825 5072 absit
2858 5018 2959 5071 hoc
2986 5032 3172 5072 eorum
3202 5017 3484 5085 sapientiae

1914 5109 2076 5164 simul
2133 5119 2189 5163 et
2252 5109 2442 5180 gratim
2490 5124 2715 5179 prorsus
2769 5109 3024 5179 injuriunt
3061 5125 3075 5162 :
3112 5110 3267 5177 plene
3317 5111 3486 5174 enim,

1916 5203 2294 5282 absoluteque,
2337 5212 2393 5256 et
2427 5213 2551 5273 apto
2596 5202 2780 5268 modo,
2819 5217 2928 5272 quo
2971 5218 3077 5256 non
3113 5204 3302 5256 melior
3331 5201 3485 5266 alter,

1917 5295 2101 5350 omnia
2137 5297 2204 5349 ab
2251 5295 2382 5364 ipsis
2442 5295 2697 5349 dicuntur
2752 5295 3264 5363 describunturque.
3298 5295 3363 5349 Et
3393 5295 3494 5348 im-

1923 5386 2184 5455 perfecta,
2202 5387 2496 5441 secundum
2519 5384 2928 5454 permissionem
2966 5402 2992 5438 a
3019 5384 3244 5440 Domino
3270 5385 3494 5450 factam,

1921 5481 1988 5532 ab
2017 5478 2150 5548 ipsis
2180 5480 2398 5543 virtute,
2433 5493 2494 5533 ac
2545 5479 2688 5533 dono
2739 5478 2912 5532 sancti
2967 5476 3200 5545 Spiritus
3227 5476 3496 5545 completa

1925 5580 2069 5625 sunt.
2116 5569 2221 5626 Sed
2275 5585 2395 5624 cum
2455 5571 2590 5625 nihil
2653 5572 2722 5625 sit
2782 5570 2927 5626 aliud
2976 5580 3173 5639 praeter
3204 5570 3499 5624 canonicus

1923 5661 2270 5730 Scripturas,
2313 5661 2459 5729 quod
2512 5662 2816 5715 vehementi
2894 5659 3168 5715 desiderio
3221 5660 3500 5729 persequi,

1923 5769 2023 5809 nec
2066 5770 2170 5810 non
2204 5755 2404 5825 eloqui,
2455 5769 2517 5809 ac
2565 5766 2743 5810 mente
2801 5755 3038 5818 volvere,
3099 5756 3356 5823 omnique
3383 5757 3505 5807 vitae

1931 5862 2094 5904 cursu
2165 5848 2492 5918 investigare
2547 5848 2959 5916 constituerim,
3026 5844 3270 5915 nihilque
3328 5847 3510 5902 utilius
