4168 6434
241 388 366 453 1057

1382 375 1619 436 EPIST.
1660 370 1960 431 CONTRA
2002 367 2322 429 TURCAS.

3335 351 3349 412 Ι
3366 352 3469 412 058

236 505 389 559 hodie
468 502 851 569 gubcrnautes.
900 492 1330 562 Georgianorum
1381 488 1590 556 primo,
1628 483 1678 536 id
1720 490 1802 536 est
1834 484 2075 548 Aputat,
2132 477 2384 546 quoniam
2441 489 2584 526 anno
2629 472 2872 542 quolibet
2928 485 3030 522 non
3085 467 3259 520 minus
3314 480 3476 533 quam

232 594 471 664 Georgia
497 606 723 667 regnum
780 602 885 640 non
931 601 1151 654 parvum
1206 591 1309 644 est,
1364 580 1454 633 ubi
1491 575 1796 630 Alexnuder

235 703 322 740 rex
353 685 512 738 hodie
535 682 872 752 principatur
893 721 908 743 ,
943 678 1079 730 ultra
1110 672 1542 741 Trapesnudam.
1574 669 1800 722 Russia-

235 791 420 828 norum
447 772 674 840 patriam
707 779 758 824 et
784 768 1161 821 Ruthenorutn
1192 763 1293 818 sub
1317 775 1418 814 axe
1443 760 1563 828 quis
1593 773 1802 826 peram-

236 866 417 918 bulare
464 871 641 930 potest
697 874 868 928 usque
915 858 981 911 ad
1027 853 1250 926 paludes
1300 851 1595 921 Meotides,
1653 848 1797 916 quod

235 970 382 1009 mare
411 953 708 1008 Abbachuc
754 951 975 1012 dicitur,
999 948 1330 1015 explicatam
1353 945 1376 998 τ
1401 943 1602 998 Omitto
1648 939 1803 993 Chir-

234 1045 462 1101 cassiam
517 1057 580 1095 ac
627 1039 946 1109 Vogariam,
998 1036 1365 1103 Mingrilliam,
1428 1030 1800 1088 Walachiam,

233 1134 597 1204 Patrasjuxta
628 1145 799 1196 mare,
828 1138 1062 1182 attamen
1095 1127 1198 1181 sub
1235 1127 1338 1179 ritu
1364 1125 1698 1179 Graecorum.
1733 1118 1805 1172 De

232 1225 483 1281 Armenia
513 1232 667 1278 taceo
688 1262 705 1287 ,
743 1235 880 1290 quos
920 1222 988 1271 ad
1039 1231 1278 1286 praesens
1310 1230 1467 1283 spero
1498 1214 1564 1266 ad
1595 1210 1802 1265 Italiam

232 1318 416 1371 venire
461 1314 709 1368 videbitis
747 1312 907 1366 simul
955 1327 1077 1365 cum
1110 1318 1303 1362 nostro
1328 1316 1480 1374 patre
1510 1304 1678 1358 fratre
1711 1304 1809 1355 Ja-

232 1410 366 1462 cobo
397 1409 463 1460 ad
510 1406 668 1460 fidem
704 1403 1047 1458 Catholicam
1085 1399 1449 1462 reducendos,
1486 1398 1643 1464 longe
1671 1393 1806 1448 faci-

234 1502 384 1554 lioris
432 1496 813 1552 conversionis
847 1506 901 1548 et
944 1492 1187 1546 veritatis
1225 1489 1498 1558 capiendae
1539 1487 1807 1540 avidiores

233 1593 356 1646 aliis
387 1590 736 1649 nationibus,
785 1594 945 1654 atque
993 1582 1538 1638 benevolentissimos
1586 1577 1808 1630 Latino-

234 1700 371 1738 rum.
418 1681 758 1736 Christianos
809 1678 1031 1745 insuper
1076 1675 1397 1728 innumeros
1431 1673 1484 1726 in
1533 1669 1809 1723 montibus

230 1775 438 1836 Cassiis,
475 1785 636 1842 atque
669 1773 721 1824 in
755 1771 936 1824 Persia
960 1777 1014 1823 et
1043 1760 1417 1839 Scythia'hinc
1447 1764 1568 1818 imle
1597 1763 1809 1830 disper-

1907 573 2090 626 decem
2142 570 2222 622 vel
2283 567 2592 636 quindecim
2645 564 2851 626 millia,
2905 563 3162 630 pauciora
3214 557 3372 619 dico,
3424 565 3484 605 ut

1904 665 2116 726 eredas,
2173 661 2473 715 animarmn
2520 657 2734 726 rapiat?
2797 657 3036 708 Dicerem
3092 647 3479 717 quinquaginta

1908 755 2098 819 millia,
2140 754 2184 807 si
2213 754 2488 813 crederes,
2519 763 2680 817 atque
2705 747 2978 801 Christum
3011 743 3194 796 ,Ιεμιιιιι
3237 750 3291 794 ει
3321 737 3483 791 minis

1903 859 1958 903 et
1989 844 2263 900 blanditiis
2306 857 2502 910 negare
2578 838 2897 908 compellat?
2938 835 3134 889 Verum
3179 847 3281 886 non
3317 846 3481 898 parva

1907 939 2036 992 mihi
2073 936 2350 1002 consurgit
2377 933 2684 994 admiratio,
2715 932 2757 984 si
2789 929 2952 983 etiam
2980 942 3120 980 unus
3144 925 3487 980 Christianus

1908 1029 2216 1098 ampliusin
2254 1028 2362 1081 illis
2401 1026 2648 1094 partibus
2691 1023 2980 1092 reperitur.
3013 1017 3146 1071 Nam
3191 1013 3486 1070 Corinthus

1907 1119 2020 1172 sola
2051 1117 2342 1188 pedagium
2374 1117 2711 1184 captivorum
2745 1115 2808 1166 de
2830 1110 3079 1179 Gallipoli
3113 1108 3164 1161 in
3193 1106 3483 1160 Turcbiam

1911 1210 2306 1264 transeuntium
2341 1207 2582 1275 quolibet
2623 1219 2765 1258 auuo
2809 1202 3009 1258 emittit
3038 1201 3201 1254 millia
3235 1210 3287 1252 et
3323 1197 3486 1249 millia

1909 1304 2256 1357 ducatorum.
2295 1300 2374 1355 0h
2440 1297 2605 1365 igitur
2649 1278 2870 1366 peccata
2920 1294 3490 1357 Christianoruman

1912 1393 2161 1449 tenditis?
2219 1407 2326 1461 quo
2369 1407 2464 1443 vos
2509 1388 2841 1451 conducitis,
2889 1401 2996 1454 qua
3053 1386 3337 1447 servitute,
3382 1399 3491 1452 quo

1908 1483 2202 1552 opprobrio
2239 1497 2334 1535 vos
2362 1479 2646 1546 subiacere
2678 1476 3045 1541 compellitis?
3080 1475 3185 1528 Sed
3211 1472 3342 1541 quid
3377 1487 3490 1524 mo-

1911 1591 2001 1627 ror
2016 1576 2268 1644 amplius,
2289 1573 2675 1626 humanissime
2707 1572 2888 1632 Pater,
2908 1568 3035 1636 quid
3061 1566 3251 1619 differo
3278 1579 3491 1626 novam,

1911 1683 2017 1720 non
2051 1681 2269 1728 novam,
2297 1666 2387 1719 sed
2419 1664 2616 1733 smpius
2652 1665 2905 1715 usitatam
2959 1661 3384 1714 Christianorum
3412 1674 3497 1708 ca-

1911 1758 2216 1811 lamitosam
2251 1767 2482 1825 stragem
2510 1755 2854 1822 llebilemque
2885 1768 3141 1814 narrare,
3168 1765 3328 1820 quam
3355 1749 3498 1800 vidi-

231 1881 343 1927 sos.
377 1864 465 1919 ubi
500 1872 814 1937 nostrorum
851 1859 1085 1913 fratrum
1117 1835 1252 1909 vloca
1291 1854 1555 1908 fratribus
1581 1861 1803 1906 vacuata
1835 1835 1880 1894 Β
1911 1863 2030 1901 mus
2064 1847 2155 1904 his
2178 1845 2409 1899 diebus?
2432 1843 2634 1898 Tremit
2662 1859 2874 1907 manus,
2898 1844 3109 1911 plorant
3138 1839 3500 1898 oculi.hmret

231 1953 568 2015 consistunt,
627 1949 804 2004 adhuc
856 1948 1013 2003 hodie
1068 1945 1431 2014 coguoveritis
1480 1944 1620 1996 inter
1659 1942 1806 2010 ipsos

232 2043 488 2108 Tartaros
533 2043 860 2096 habitantes.
906 2040 1020 2105 Qua
1046 2039 1113 2092 de
1145 2053 1204 2090 re
1238 2050 1344 2089 non
1389 2032 1661 2096 inutilem,
1704 2033 1813 2084 imo

233 2134 754 2205 opportunissimam
787 2142 980 2200 reputo
1002 2140 1055 2184 et
1083 2138 1342 2191 vestram,
1375 2134 1432 2180 et
1457 2124 1622 2178 vestri
1652 2123 1807 2176 simi-

232 2228 363 2282 lium
390 2224 727 2295 personasin
763 2223 1008 2292 partibus
1039 2221 1169 2286 illis,
1199 2233 1356 2274 sacra
1383 2227 1562 2272 tamen
1589 2215 1814 2276 unione,

231 2320 278 2373 si
313 2318 456 2373 Deus
501 2317 836 2388 permiserit,
888 2313 1142 2383 primitus
1182 2312 1480 2366 celebrata.
1513 2310 1642 2374 Sed,
1672 2308 1812 2362 heu!

232 2410 369 2466 heu!
404 2409 531 2480 quid
584 2409 686 2483 ista
715 2421 1101 2470 commemoro,
1137 2420 1258 2460 cum
1283 2403 1441 2472 longe
1468 2402 1654 2472 potius
1688 2398 1820 2454 flere

234 2503 422 2566 libeat,
447 2514 610 2570 quam
640 2499 844 2569 aliquid
888 2497 1012 2551 boni
1059 2511 1156 2566 per
1192 2495 1505 2566 supradicta
1543 2489 1815 2560 sperare?

233 2591 411 2654 Flere,
448 2592 692 2660 inquam,
720 2604 786 2642 ett
831 2587 1040 2642 intimis
1065 2586 1248 2640 cordis
1288 2585 1417 2648 mei,
1447 2592 1503 2638 et
1534 2582 1598 2635 ad
1634 2581 1812 2636 sidera

231 2697 406 2750 usque
429 2682 686 2746 clamare,
721 2692 781 2734 ut
808 2681 925 2734 istis
973 2678 1219 2748 partibus
1251 2677 1568 2738 liberandis,
1594 2675 1645 2728 iu
1682 2689 1818 2743 qua-

233 2789 354 2828 rum
391 2773 571 2828 medio
606 2773 756 2840 quasi
805 2785 1021 2834 sumus,
1071 2768 1394 2838 quandoque
1431 2767 1698 2820 miserans
1727 2779 1817 2816 su-

231 2864 580 2932 perintendat
615 2863 948 2928 Altissimus,
977 2876 1078 2914 nec
1102 2859 1285 2913 tandiu
1307 2865 1528 2927 peccata
1561 2857 1815 2925 respiciat

230 2955 592 3026 populorum,
655 2967 936 3023 quousque
996 2949 1429 3006 Christianitatis
1502 2961 1697 3002 nomen
1760 2947 1812 3000 iu

230 3048 471 3102 Orientis
521 3055 578 3101 et
629 3043 1032 3114 Septentrionis
1100 3042 1349 3112 partibus
1402 3040 1804 3109 exstinguatur.

231 3140 526 3203 Deficiunt,
583 3139 719 3192 lteul
780 3135 1025 3205 qhotidie
1068 3133 1396 3199 Christiani,
1442 3142 1497 3187 et
1551 3141 1816 3201 augentur

231 3231 431 3286 diaboli
462 3239 763 3285 sectatores
789 3267 804 3292 ,
837 3240 890 3282 et
923 3243 1152 3288 numero
1188 3234 1242 3280 et
1269 3225 1471 3279 virtute
1509 3237 1810 3277 armorum.

226 3323 374 3377 Nam
410 3321 493 3375 vix
520 3330 600 3375 est
646 3320 865 3382 civitas,
925 3329 1167 3391 castrum
1222 3317 1304 3371 vel
1350 3315 1499 3380 villa,
1523 3324 1577 3368 et
1610 3314 1699 3367 vix
1731 3323 1818 3368 est

228 3416 376 3479 dies,
409 3415 462 3469 in
486 3429 592 3483 qua
623 3421 678 3467 et
714 3413 767 3466 in
796 3410 1059 3473 Turchia,
1093 3420 1149 3464 et
1172 3411 1222 3462 in
1251 3408 1482 3469 Graecia.
1515 3423 1619 3460 non
1656 3406 1816 3463 modo

226 3511 432 3561 timore
467 3507 550 3560 vel
608 3507 808 3570 minis,
841 3518 1032 3558 verum
1073 3488 1244 3556 multo
1303 3501 1476 3570 magis
1525 3499 1735 3554 deliciis
1764 3507 1819 3552 et

232 3601 445 3652 honore
474 3597 680 3652 Christi
725 3610 919 3650 nomen
965 3593 1371 3649 sanctissimum
1423 3606 1529 3645 non
1571 3601 1815 3660 negetur,

228 3699 296 3744 et
332 3690 609 3744 Mahumet
656 3687 854 3742 diaboli
903 3686 1041 3740 lilius
1092 3693 1337 3754 portetur
1362 3683 1427 3736 ad
1466 3696 1723 3747 summa;
1760 3689 1818 3735 et

229 3785 379 3852 quod
406 3783 549 3837 forte
580 3780 890 3846 miraberis,
935 3780 1003 3835 ab
1047 3778 1132 3833 his
1178 3777 1530 3848 quandoque,
1565 3777 1654 3845 qui
1686 3774 1822 3827 divi-

239 3877 361 3937 tiis,
395 3885 448 3928 et
487 3877 716 3936 honore,
766 3877 822 3925 et
867 3870 1154 3940 prudentia
1208 3870 1386 3924 saeculi
1433 3869 1816 3938 fungebantur.

232 3966 346 4021 Sed
381 3975 440 4020 ut
491 3967 765 4035 praeterita
805 3963 994 4017 sileam
1044 3962 1206 4026 mala,
1269 3963 1334 4015 ad
1385 3976 1502 4029 quae
1546 3961 1818 4014 narranda

235 4061 444 4114 nullam
477 4071 603 4125 puto
634 4057 872 4127 linguam
902 4048 1156 4109 sufficere
1179 4067 1357 4122 posse,
1397 4061 1608 4121 tangam
1640 4052 1821 4105 brevi-

231 4167 344 4218 ter,
370 4152 510 4222 quod
568 4164 741 4218 nuper
781 4147 954 4203 oculis
1012 4146 1148 4202 meis
1181 4147 1294 4214 ipse
1331 4144 1561 4212 inspexi,
1598 4153 1657 4197 ut
1684 4152 1738 4198 et
1767 4154 1820 4197 tu

229 4250 386 4303 scias
421 4254 474 4299 et
501 4258 715 4298 mecum
747 4241 994 4312 plangas,
1032 4249 1086 4294 et
1136 4240 1179 4295 si
1209 4253 1344 4309 quos
1371 4238 1647 4292 inveneris
1672 4238 1818 4291 onmi

231 4355 349 4395 non
373 4339 575 4408 pietate
625 4339 880 4400 nudatos,
921 4335 1069 4404 ipsos
1121 4333 1286 4387 etiam
1326 4331 1457 4386 ﬂere
1501 4331 1818 4400 compellas.

312 4429 518 4484 Memor
537 4443 659 4483 esse
678 4435 852 4496 potes,
887 4434 945 4480 ut
967 4425 1150 4488 credo,
1180 4424 1374 4478 dilecte
1392 4422 1574 4486 Pater,
1601 4423 1820 4492 quando

1841 3194 1888 3249 α

1916 1946 2104 1993 charta
2156 1949 2210 1995 et
2240 1939 2482 1994 calamus
2533 1940 2634 1992 ista
2697 1950 2910 1993 notare.
2938 1938 3040 1992 Ubi
3067 1946 3148 1991 est
3179 1936 3271 1989 ille
3308 1934 3469 1988 lliere
3490 1961 3503 1973 ο

1920 2034 2056 2087 mias
2087 2034 2371 2101 propheta,
2407 2032 2499 2102 qui
2535 2046 2639 2086 non
2676 2047 2836 2085 unam
2874 2030 3044 2085 solam
3079 2029 3276 2083 defleat
3311 2028 3503 2081 civita-

1917 2134 2050 2191 tem,
2074 2125 2168 2180 sed
2197 2137 2328 2190 tres,
2370 2125 2464 2178 sed
2506 2133 2764 2194 quatuor,
2813 2126 2906 2178 sed
2951 2135 3132 2176 castra
3162 2132 3324 2191 atque
3351 2122 3505 2173 villas

1916 2214 2253 2278 innumeras,
2312 2229 2562 2284 magnam
2614 2215 2736 2268 dico
2787 2230 2852 2268 ac
2906 2214 3202 2268 notabilem
3249 2213 3503 2280 patriam,

1918 2305 2318 2362 habitatoribus
2375 2318 2428 2359 ct
2479 2307 2687 2362 divitiis
2722 2307 3211 2374 opulentissimam,
3259 2306 3373 2374 jam
3410 2304 3505 2356 de-
3562 2311 3566 2314 '

1917 2407 2177 2451 structam
2216 2399 2271 2452 in
2319 2399 2672 2469 cineremque
2704 2401 3005 2464 redactam,
3047 2400 3113 2454 de
3151 2412 3338 2452 mense
3360 2397 3507 2450 vide-

1918 2492 2049 2547 licet
2084 2491 2309 2561 Augusti
2336 2496 2628 2563 przesentis
2659 2497 2820 2559 anni;
2858 2497 3089 2565 patriam
3121 2495 3240 2548 dico
3269 2491 3504 2546 fidelium

1917 2587 2265 2654 populorum,
2320 2586 2413 2655 qui
2478 2585 2724 2641 Saxones
2780 2597 3168 2655 nuncupantur
3216 2587 3272 2639 in
3328 2586 3504 2653 patria

1917 2675 2316 2745 Transylvaua,
2345 2691 2490 2745 qua},
2553 2687 2612 2731 tit
2639 2676 2808 2732 frater
2850 2678 2984 2730 mihi
3023 2686 3204 2729 narrat
3231 2690 3294 2729 ex
3327 2676 3505 2744 praeda

1922 2768 2258 2836 redemptus,
2299 2779 2428 2821 octo
2473 2768 2686 2823 dierum
2736 2768 3076 2838 longitudine
3100 2778 3156 2823 et
3189 2767 3351 2822 triutn
3384 2765 3505 2818 lati-

1922 2861 2108 2916 tudine
2147 2861 2498 2924 teudebatur,
2547 2877 2666 2931 qua:
2707 2863 2858 2932 prius
2892 2860 3253 2930 Septemsolia
3284 2859 3503 2914 diceba-

1921 2964 2027 3019 tur,
2059 2968 2200 3007 nunc
2254 2968 2384 3006 vero
2428 2953 2555 3022 quid
2611 2955 2932 3008 nominetur
2980 2953 3192 3023 ignoro,
3232 2952 3336 3006 nisi
3364 2949 3505 3004 forte

1919 3045 2073 3101 locus
2121 3046 2526 3102 lamentatiouis
2577 3057 2631 3118 et
2681 3046 2953 3114 planetus.
3010 3045 3146 3112 Quis
3192 3059 3323 3114 ergo
3358 3043 3508 3096 dabit

1921 3137 2090 3206 capiti
2124 3153 2246 3192 meo
2312 3153 2530 3206 aquam,
2577 3149 2635 3191 ut
2690 3134 2918 3207 plorcm'
2951 3139 3037 3193 die
3090 3153 3152 3192 ac
3178 3149 3357 3200 nocte,
3396 3150 3506 3188 non

1923 3245 2106 3284 muros
2130 3241 2184 3284 et
2204 3228 2441 3300 parietes
2478 3231 2801 3293 destruetos,
2833 3231 2926 3284 sed
2957 3231 3274 3284 innumeras
3293 3243 3323 3281 a
3352 3227 3507 3282 ,iutas

1920 3333 2258 3390 exportatas,
2286 3333 2342 3377 et
2388 3324 2495 3393 jam
2543 3323 2762 3378 diabolo
2821 3325 3053 3378 traditas
3077 3324 3142 3377 ad
3177 3322 3504 3382 vorandum,

1919 3431 2060 3485 qum,
2087 3423 2145 3469 ut
2185 3417 2403 3480 dicitur,
2467 3417 2533 3470 ad
2589 3417 2836 3486 triginta,
2873 3428 2925 3471 et
2964 3417 3103 3470 forte
3144 3413 3505 3484 quadraginta

1922 3507 2145 3562 millimn
2171 3523 2455 3563 numerum
2487 3518 2646 3562 extcn
2672 3511 2891 3562 luntur?
2926 3507 3042 3562 0b!
3078 3509 3202 3576 quis
3235 3506 3365 3560 mihi
3398 3508 3508 3569 dct,

1928 3615 2032 3653 non
2058 3598 2318 3665 Maronis,
2343 3615 2448 3654 non
2469 3599 2628 3653 Tullii
2653 3601 3020 3667 eloquentiam
3046 3598 3505 3660 adscribendum,

1923 3704 2045 3759 quae
2075 3690 2128 3743 in
2157 3690 2243 3745 his
2278 3691 2522 3759 profecto
2567 3691 2972 3754 succumberet,
3022 3691 3116 3745 sed
3151 3691 3332 3759 potius
3366 3691 3508 3741 tonio

1924 3781 2030 3834 trui
2100 3797 2289 3835 vocem
2348 3791 2402 3835 et
2451 3798 2656 3851 pennas
2727 3792 3008 3836 ventorum
3068 3783 3390 3846 ascendere,
3448 3796 3513 3835 ac

1922 3889 2088 3943 soper
2114 3874 2553 3928 Christianorum
2581 3876 2815 3943 patriam
2842 3874 3095 3937 volitare,
3129 3891 3238 3930 non
3270 3884 3328 3928 ut
3353 3877 3513 3928 modo

1921 3963 2087 4017 corda
2124 3963 2359 4032 lapidea,
2395 3978 2580 4018 verum
2615 3964 2718 4033 ipsi
2756 3976 2971 4018 montes
3011 3978 3066 4019 et
3114 3965 3280 4020 valles
3307 3981 3336 4019 a
3366 3968 3515 4021 vocis

1924 4055 2308 4123 magnitudine
2344 4057 2690 4109 terreantur?
2727 4054 2844 4110 Non
2900 4058 3127 4111 audiunt
3178 4059 3278 4112 ista
3328 4058 3513 4115 miseri

1922 4145 2242 4213 Christiani,
2272 4156 2327 4201 et
2361 4146 2614 4202 fortassis
2644 4147 2832 4202 audita
2890 4164 2995 4203 non
3026 4151 3271 4205 credent.
3309 4151 3517 4204 Audie-

1927 4249 2072 4299 ruut,
2096 4240 2282 4304 credo,
2317 4251 2371 4294 et
2407 4241 2666 4296 libentius
2693 4241 3066 4304 crediderunt,
3091 4242 3361 4298 Tcuctum
3392 4260 3516 4299 esse

1922 4334 2448 4405 coollictum;quod
2492 4352 2601 4391 non
2660 4337 2732 4390 sit
2786 4351 3002 4402 verum,
3066 4337 3169 4393 hoc
3226 4338 3516 4394 mauzfeste

1924 4426 2287 4490 demonstrat,
2309 4429 2454 4497 quod
2484 4426 2596 4498 jam
2634 4430 2717 4484 bis
2751 4429 2834 4484 vel
2863 4439 2946 4486 ter
2991 4447 3166 4502 usque
3206 4433 3366 4486 modo
3397 4444 3519 4501 post

231 4537 268 4574 a
311 4520 534 4574 Domino
561 4529 751 4574 nostro
776 4533 913 4588 papa
938 4517 1284 4573 sanctissimo
1305 4516 1559 4570 destinati
1593 4520 1657 4570 ad
1690 4531 1819 4585 par-
1851 4531 1899 4589 ι)
1929 4519 2159 4575 reditum
2185 4524 2250 4576 ad
2279 4522 2404 4578 illas
2448 4533 2634 4594 partes
2666 4525 2971 4579 exercitum
3010 4527 3326 4585 destinavit.
3360 4529 3513 4594 Quod
3587 4539 3593 4543 '

233 4627 327 4668 tes
358 4614 521 4676 istas,
553 4627 582 4665 a
615 4610 857 4667 Venetiis
890 4611 1281 4674 discessimus,
1323 4609 1412 4662 ubi
1448 4617 1503 4662 et
1544 4619 1596 4662 tu
1640 4611 1820 4662 subito

230 4705 316 4757 ab
348 4701 686 4757 Hierusalem
725 4690 944 4755 rediens
975 4700 1303 4770 applicuisti.
1330 4682 1604 4769 quomodo
1631 4700 1821 4768 vulga-

226 4799 401 4852 batur
455 4797 654 4851 ibidem
712 4795 906 4850 diebus
960 4794 1252 4863 proximis,
1305 4791 1588 4861 Hungaros
1641 4793 1820 4861 aliqua

228 4888 577 4942 Teucrorum
650 4886 861 4956 navigia
925 4885 1318 4950 combussisse,
1374 4899 1472 4939 nec
1520 4901 1625 4939 non
1657 4888 1820 4938 etiam

199 4980 506 5049 .plui-imos
546 4978 813 5032 occidisse
855 4976 1096 5030 illorum.
1149 4974 1298 5040 Ηιεε,
1355 4973 1598 5045 inquam,
1640 4976 1823 5032 omnia

225 5084 369 5123 vera
404 5067 637 5122 fuerunt.
687 5068 819 5132 Sed,
869 5069 911 5120 si
959 5067 1303 5137 postmodum
1348 5068 1575 5121 audistis
1607 5067 1822 5136 ignoro,

227 5167 384 5232 quod
421 5177 482 5216 ex
517 5162 618 5216 hoc
653 5162 864 5215 Teucer
912 5162 1028 5228 ipse
1071 5162 1267 5223 iratus,
1306 5159 1435 5213 illu'c
1462 5176 1584 5214 cum
1628 5176 1824 5230 magno

223 5256 480 5309 exercitu
502 5257 864 5324 personaliter
891 5254 1180 5317 accedens,
1224 5253 1510 5321 plusquam
1545 5253 1822 5322 sexaginta

219 5349 433 5412 ‘Inillia,
475 5362 532 5400 ut
562 5347 785 5411 dicitur,
846 5349 1150 5401 animarum
1213 5347 1513 5415 asportavit
1563 5348 1627 5398 de
1660 5361 1824 5414 regno

225 5439 443 5504 Rasizr,
495 5437 788 5510 llungariaa
849 5439 1173 5502 convicino;
1227 5453 1482 5505 qmtrutu,
1530 5437 1576 5490 si
1614 5453 1732 5505 quae
1759 5438 1824 5490 ad

219 5544 482 5600 praesens
531 5531 694 5584 etiam
738 5530 941 5584 Christi
1004 5529 1383 5594 recordentur,
1418 5529 1684 5583 incertum
1721 5542 1824 5584 est.

223 5622 458 5675 Miraris
497 5621 647 5676 hoc?
685 5621 792 5676 Sed
843 5623 1015 5678 multo
1054 5624 1232 5693 magis
1281 5624 1498 5677 mireris
1533 5634 1586 5678 ct
1622 5625 1825 5689 doleas,

217 5715 383 5784 quod
438 5729 470 5768 a
516 5716 703 5785 viginti
760 5715 1003 5785 quinque
1055 5731 1120 5770 ac
1179 5717 1399 5786 triginta
1459 5717 1617 5772 annis
1668 5718 1826 5781 citra,

219 5822 404 5866 ouant
438 5823 547 5862 non
598 5824 764 5874 parvo
818 5811 1017 5862 damno
1066 5811 1167 5863 sibi
1203 5821 1258 5864 et
1305 5812 1644 5868 verecundiae
1676 5828 1829 5866 com-

526 5907 786 5965 Parnoc.
844 5907 960 5964 Gn.
1004 5907 1264 5966 CLVI”.

1929 4616 1971 4667 si
2001 4623 2055 4668 et
2082 4630 2271 4669 verum
2311 4625 2397 4671 est
2430 4617 2630 4671 multos
2671 4633 2738 4671 ex
2773 4619 2886 4672 suis
2916 4635 3023 4673 non
3053 4636 3174 4675 esse
3203 4621 3516 4688 defunctos,

1927 4705 2109 4773 potius
2161 4705 2367 4770 labore,
2424 4718 2601 4776 peste,
2658 4710 2823 4774 fame,
2884 4727 3046 4779 quam
3098 4713 3300 4781 gladio,
3359 4715 3514 4783 quid,

1926 4814 2132 4866 quaeso,
2173 4799 2368 4853 mirum
2395 4810 2478 4854 est
2506 4800 2557 4854 iu
2591 4804 2834 4856 exercitu
2867 4814 3241 4859 terceutoium
3288 4807 3515 4860 millium

1929 4893 2211 4946 hominum
2246 4893 2462 4961 aliquos
2490 4896 2646 4959 mori,
2669 4911 2801 4964 quos
2828 4899 2989 4950 etiam
3013 4915 3108 4966 pro
3141 4901 3330 4968 majori
3367 4914 3519 4971 parte

1931 4984 2150 5037 timeris
2216 4985 2600 5040 ChriSliauos?
2668 4988 2782 5052 Qua
2832 4991 2898 5043 de
2955 5007 3032 5056 re,
3086 5009 3409 5063 quocunque
3464 5005 3514 5048 te:

1931 5084 2133 5143 vertas,
2199 5078 2368 5130 habes
2424 5081 2709 5134 materiam
2775 5081 3009 5136 dcﬂcndi
3076 5087 3376 5154 copiosam.
3415 5089 3513 5144 Ubi

1931 5184 2073 5221 nunc
2110 5171 2275 5254 igitur
2306 5173 2541 5240 amplius
2570 5177 2817 5230 ecclesiae
2857 5178 2909 5230 in
2937 5180 3113 5247 patria
3145 5182 3256 5247 illa,
3301 5198 3515 5244 cruces,

1930 5262 2156 5324 calices,
2182 5264 2442 5329 missalia,
2495 5270 2846 5336 paramenta?
2899 5273 2986 5325 ubi
3039 5284 3353 5329 sanctorum
3396 5279 3519 5332 reli-

1931 5349 2108 5416 quiaz?
2137 5363 2190 5405 et
2211 5355 2353 5421 quod
2393 5356 2571 5422 majus
2605 5368 2687 5411 est
2716 5361 2996 5426 omnibus,
3030 5363 3085 5416 in
3115 5364 3247 5419 locis
3273 5367 3520 5436 pluribus

1931 5459 2129 5511 corpus
2163 5445 2372 5499 Domini
2404 5454 2826 5507 consecratum?
2861 5455 3008 5509 lleu!
3046 5474 3156 5527 quo
3201 5463 3516 5529 opprobrio,

1932 5551 2042 5602 quo
2068 5536 2272 5602 derisu,
2305 5550 2507 5608 quanta
2536 5554 2666 5598 sunt
2699 5545 2955 5600 illusione
2986 5550 3220 5618 deiecta,
3256 5570 3317 5607 ac
3361 5559 3517 5624 pedi-

1933 5627 2034 5681 bus
2061 5631 2423 5686 c‘oncul0ata?
2452 5632 2548 5688 Ubi
2573 5648 2657 5689 est
2681 5652 2833 5691 nunc
2869 5639 2958 5693 ille
2983 5639 3127 5695 Deus
3152 5646 3517 5712 omnipotens,

1933 5721 2024 5790 qui
2053 5725 2162 5791 regi
2194 5723 2509 5781 Balthassar
2558 5731 2831 5786 irascatur
2883 5733 3028 5790 vasis
3071 5739 3252 5807 templi
3304 5740 3519 5799 Domini

1939 5817 2174 5886 turpiter
2211 5821 2501 5877 abutenti?
2543 5825 2724 5890 Certe,
2764 5835 2818 5880 ut
2851 5831 3135 5884 manifeste
3168 5847 3414 5904 appatet,
3447 5840 3520 5891 si-

3128 5926 3202 5986 34
