4168 6434
683 309 815 371 1559

1968 312 2241 376 ΒᾹΠΤΠ.
2293 315 2390 376 DE
2431 317 2618 377 ,ΗΝΘ

3814 312 3950 379 1060

675 443 777 494 gna
809 434 993 479 nostra
1030 440 1134 479 non
1176 426 1428 487 vidimus,
1466 426 1574 494 jam
1610 443 1716 482 non
1760 440 1837 482 cst
1883 433 2167 499 propheta,
2198 442 2252 487 ct
2287 443 2324 496 Α
2361 446 2507 487 turas
2557 436 2673 488 fore
2718 450 2775 487 se
2808 436 3058 497 credunt,
3120 444 3280 502 atque
3330 432 3636 488 creduntur
3694 432 3767 485 ah
3800 432 3945 493 aliis,

677 534 774 570 nus
807 531 908 569 non
959 518 1234 585 cognoscit
1282 517 1512 583 amplius
1564 518 1732 581 licus;
1788 530 1838 571 et
1884 523 2097 585 tttt‘t‘ilo,
2130 538 2248 577 cum

678 615 731 658 ct
769 620 865 660 nos
899 607 1073 675 ipsum
1107 622 1203 661 nec
1226 607 1455 674 amplius
1489 612 1892 677 cognosi-iums.
1930 610 2034 665 Sed
2069 627 2251 679 prose-

679 714 908 765 quamur
938 700 1231 768 inceptum.
1270 699 1405 754 Tres
1441 702 1622 769 magni
1660 715 1869 755 tuentes
1897 705 2130 770 capitum
2169 721 2255 755 oc-

677 795 916 844 c'sorum
980 791 1260 845 hominum
1319 792 1441 844 farti
1506 804 1629 845 sunt
1676 794 1767 858 ibi,
1811 797 1897 862 qui
1936 811 1994 848 se
2031 797 2253 863 pacifice

679 894 865 931 eorum
897 880 1148 933 manibus
1192 880 1404 933 tradere
1450 880 1759 942 uoluerunt,
1792 882 2111 948 corporibus
2146 897 2242 950 per

681 987 917 1022 convexa
956 971 1225 1024 montium
1261 971 1536 1035 rotulatis,
1590 970 1728 1038 lupis
1758 981 1809 1023 et
1841 972 2067 1025 canibus
2092 982 2254 1041 atque

680 1064 869 1115 avibus
904 1064 1169 1115 ltOt‘rentia
1218 1064 1457 1129 cibatio;
1509 1065 1841 1127 saeerdotrs,
1886 1064 2143 1134 religiosi,
2172 1064 2257 1130 ju-

678 1174 842 1211 vi-ncs
870 1168 921 1211 ct
953 1160 1176 1225 antiqui,
1236 1159 1361 1211 dum
1396 1168 1574 1212 tamen
1618 1159 1896 1211 ambulare
1928 1168 2167 1227 possent,
2200 1161 2251 1212 itt

682 1250 888 1302 rati-nis
922 1249 1112 1304 forrcis
1137 1252 1376 1318 perducti
1429 1260 1557 1304 sunt
1606 1251 1669 1302 ad
1725 1250 1925 1304 caud-s
1953 1266 2255 1321 equorum;

683 1338 946 1404 reliquum
981 1355 1108 1392 vero
1146 1341 1337 1407 vulgus
1385 1355 1505 1393 cum
1569 1341 1750 1407 pueris
1770 1351 1823 1393 et
1858 1340 2171 1395 mulieribus
2199 1351 2258 1394 ut

681 1446 878 1496 perora
915 1446 943 1482 a
969 1431 1197 1486 canibus
1231 1432 1457 1499 impulsa
1484 1442 1631 1497 sunt,
1669 1432 1872 1500 absque
1912 1432 2016 1485 ulla
2048 1434 2259 1487 miseri-

682 1521 866 1574 cordia
898 1523 976 1574 vel
1021 1522 1259 1589 pii-tate;
1306 1538 1534 1591 quorum
1564 1522 1607 1577 si
1648 1523 1767 1587 quis
1808 1523 2013 1585 labore,
2052 1522 2139 1574 siti
2174 1521 2258 1575 vel

682 1616 868 1666 dolore
912 1616 1089 1683 potius
1112 1615 1500 1669 inambulando
1522 1614 1839 1675 tardaverit,
1867 1631 1899 1665 o
1925 1615 2063 1669 bone
2091 1613 2255 1668 Jesu!

683 1707 927 1775 protinus
958 1707 1008 1758 in
1036 1708 1168 1760 duas
1193 1706 1397 1759 divisus
1423 1714 1599 1773 partes
1624 1706 1693 1758 ibi
1724 1706 1882 1759 vitam
1915 1720 2036 1758 cum
2068 1704 2250 1757 labore

2364 526 2693 591 videremus,
2729 525 2812 579 vel
2833 526 2973 581 forte
3001 526 3311 581 videremur
3343 524 3740 578 miserabiliter
3769 524 3953 576 ruina-

2362 628 2465 673 tos.
2484 619 2734 683 Mentior,
2754 619 2798 671 si
2830 633 2935 671 non
2963 618 3146 686 plures
3169 618 3291 671 novi
3320 634 3385 671 ex
3413 615 3647 670 diversis
3662 615 3953 669 ordinibus

2363 708 2645 775 religiosos
2664 710 2821 763 hodie
2843 708 3122 763 Christum
3144 706 3546 762 ferventissime
3563 705 3953 774 pradicantes,

2367 813 2489 853 cras
2538 813 2662 853 vero
2712 800 2887 867 ipsum
2931 799 3161 868 turpiter
3207 798 3562 866 abnegarent.
3593 794 3783 860 Quare
3823 793 3953 846 nulli

2366 888 2418 940 in
2454 902 2513 942 se
2553 888 2825 942 tidendum
2860 898 2963 954 est,
2995 888 3249 941 omnibus
3275 902 3405 941 vero
3433 887 3742 941 timendum
3770 884 3956 937 utilius

2367 988 2519 1046 puto.
2554 978 2658 1033 Sed
2693 981 2980 1035 redeamus
3012 980 3077 1032 ad
3112 979 3309 1049 prima.

2440 1069 2547 1124 Nos
2600 1070 2782 1140 igitur,
2845 1071 2935 1139 qui
2995 1070 3047 1124 in
3088 1071 3206 1124 istis
3252 1068 3497 1138 partibus
3530 1068 3878 1128 habitamus,
3906 1074 3959 1117 et

2366 1160 2673 1227 supradicta
2707 1160 2887 1213 omnia
2916 1175 3044 1214 vera
3069 1174 3192 1214 esse
3224 1168 3279 1213 et
3312 1160 3517 1214 scimus
3547 1168 3602 1210 et
3658 1157 3956 1224 tangimus

2367 1257 2418 1302 et
2452 1264 2606 1316 aeque
2648 1250 2856 1318 majora
2894 1260 2949 1304 et
2990 1251 3194 1321 pejora,
3241 1264 3405 1317 quam
3434 1263 3744 1309 narreums,
3775 1247 3959 1314 qualia

2366 1354 2489 1396 esse
2516 1342 2798 1396 existimas
2837 1343 2999 1397 corda
3039 1342 3268 1395 nostra?
3298 1340 3519 1403 Fateor,
3556 1350 3749 1394 tantus
3785 1338 3961 1398 dolor,

2380 1443 2529 1488 tanta
2558 1434 2754 1487 mentis
2791 1433 3062 1502 angustia,
3100 1440 3249 1486 tanta
3298 1447 3465 1500 super
3501 1445 3603 1484 nos
3649 1430 3965 1483 amaritudo

2368 1523 2663 1586 convaluit,
2701 1532 2756 1576 ut
2780 1523 2940 1592 longo
2964 1523 3076 1589 jam
3116 1534 3361 1595 tempore
3394 1538 3490 1578 nec
3516 1524 3681 1578 cibus
3709 1524 3823 1583 ori.
3865 1536 3965 1575 nec

2369 1630 2591 1669 somnus
2626 1615 2798 1669 oculis
2849 1615 2951 1671 nisi
3016 1615 3189 1670 tristis
3241 1624 3519 1684 appareat.
3575 1616 3702 1684 ipse
3742 1628 3966 1682 quoque

2373 1707 2504 1761 solis
2527 1714 2797 1776 aspectus,
2834 1717 2994 1776 atque
3032 1709 3390 1762 viridantium
3442 1708 3729 1778 regionum
3765 1716 3829 1761 et
3856 1722 3969 1759 toa-

683 1799 876 1851 finivit.
912 1798 1153 1862 Quorum
1207 1807 1353 1851 tanta
1395 1806 1479 1852 est
1523 1796 1928 1862 mttltiittdo,ttl,
1966 1805 2101 1850 teste
2124 1812 2254 1849 cou-
2289 1787 2330 1842 Β
2365 1798 2443 1852 ris
2473 1809 2527 1853 et
2561 1808 2742 1861 terrae,
2771 1798 3043 1868 planctum
3090 1800 3271 1869 potius
3311 1800 3575 1863 excitant,
3624 1813 3800 1865 quam
3828 1797 3969 1849 sula-

682 1891 930 1952 scientia,
968 1892 1221 1957 praedicto
1257 1889 1427 1943 fratre
1483 1900 1738 1942 narrante
1786 1889 2025 1958 percepi,
2059 1888 2265 1942 delibe-

684 1997 811 2034 rans
836 1983 885 2033 in
913 1997 970 2036 se
993 1998 1090 2051 pro
1114 1980 1356 2051 quolibet
1384 1981 1641 2035 defuncto
1659 1981 1839 2034 dicere
1868 1979 1941 2034 De
1961 1980 2265 2048 profundis,

683 2085 735 2127 et
768 2088 871 2127 non
906 2075 1090 2127 valens
1147 2090 1255 2144 pne
1291 2074 1636 2128 multitudine
1684 2075 2016 2135 occisorum,
2052 2074 2265 2126 tandem

683 2164 983 2220 orationem
1031 2166 1177 2219 illam
1240 2166 1444 2219 Incliua
1492 2167 1839 2237 lacrymaudo
1888 2166 2123 2219 diccbat.
2156 2164 2268 2220 Nec

688 2261 742 2309 in
783 2260 885 2313 hoc
918 2274 1023 2312 uno
1063 2261 1197 2313 forte
1231 2260 1369 2327 loco,
1435 2271 1491 2311 ut
1556 2260 1753 2329 aliquis
1783 2260 2137 2323 exiStimaret,
2171 2259 2265 2313 sed

688 2366 783 2421 per
811 2351 1000 2420 viginti
1031 2352 1312 2407 diattarum
1362 2354 1616 2421 spatium,
1643 2354 1781 2405 unde
1812 2352 2051 2422 praedicti
2086 2362 2264 2405 trans-

689 2446 865 2495 ierant
920 2443 1196 2509 captivati,
1228 2454 1279 2496 et
1310 2459 1470 2512 quam
1505 2443 1739 2496 maxime
1779 2442 1831 2495 in
1860 2441 2265 2509 Hadrianopoli,

692 2533 779 2586 ubi
836 2543 987 2585 cxtra
1044 2533 1349 2586 habitacula
1412 2542 1560 2586 tanta
1621 2548 1908 2598 corporum
1976 2531 2267 2585 multitudo

695 2634 1016 2691 ronsuntpta
1042 2625 1205 2694 jacet,
1234 2636 1342 2677 tum
1369 2625 1565 2694 partim
1593 2611 1878 2691 corrupta,
1913 2624 2108 2690 partim
2141 2639 2268 2679 iero

696 2732 723 2767 a
768 2716 995 2769 Canibus
1030 2719 1309 2782 devorata,
1352 2726 1409 2769 ut
1450 2716 1765 2769 incredibile
1810 2715 2064 2784 cuiquam
2102 2712 2264 2776 foret,

696 2809 796 2860 nisi
824 2810 1061 2876 propriis
1090 2809 1262 2863 oculis
1319 2811 1644 2875 aspexissrt.
1698 2806 2067 2876 Projiciuutur
2095 2808 2267 2859 inter-

692 2903 815 2952 dum
861 2902 1027 2969 aliqui
1082 2903 1376 2954 morientes
1441 2900 1492 2954 in
1551 2882 1916 2954 mercatorum
1953 2900 2267 2952 Latinorum

693 3001 1010 3061 COllSjiet'll),
1041 3008 1175 3062 quos
1213 2995 1256 3047 si
1293 2994 1414 3063 quis
1452 2993 1533 3046 vel
1571 2992 1825 3061 svpelirc,
1867 2992 1948 3044 Vel
1976 2993 2101 3045 inde
2124 3006 2269 3044 amo—

692 3101 842 3154 vere,
881 3087 1054 3142 solum
1087 3087 1284 3142 fanore
1310 3090 1488 3156 potius
1518 3103 1678 3157 quam
1702 3087 1925 3154 pietate,
1952 3086 2263 3149 teutaverit,
2284 3117 2338 3176 AC

692 3196 792 3232 nec
826 3180 947 3243 hoc,
976 3180 1080 3233 nisi
1130 3180 1276 3248 prius
1332 3182 1506 3249 pretio
1560 3181 1707 3242 dato,
1746 3178 1905 3231 liceat
1954 3177 2060 3230 ullo
2090 3188 2264 3245 pacto.

691 3272 770 3326 0b
807 3273 821 3326 !
856 3272 1042 3325 beatos
1090 3272 1209 3325 illos
1261 3270 1495 3341 appello,
1530 3270 1629 3324 uisi
1665 3267 1802 3324 forte
1846 3268 2118 3339 desperati
2144 3268 2271 3322 dor-

693 3363 933 3416 mierint.
961 3361 1094 3415 Nam
1128 3364 1234 3416 alia
1264 3378 1415 3424 voce.
1446 3362 1714 3431 ilebilique
1756 3364 1901 3418 luctu
1935 3365 2271 3429 clamabant,

689 3454 818 3507 dum
883 3454 1261 3521 capiebantur,
1320 3455 1753 3523 impellebautur,
1806 3457 2198 3511 occidebantur
2223 3466 2277 3509 et

696 3548 847 3617 pueri
881 3558 931 3601 et
964 3548 1251 3613 lactentes,
1286 3547 1517 3617 juvenes
1558 3558 1614 3602 et
1645 3550 1906 3619 virgines,
1933 3550 2035 3603 viri
2067 3559 2120 3603 et
2150 3566 2271 3602 mu-

690 3640 875 3693 lieres.
932 3638 977 3693 0
1037 3649 1111 3704 ιιι,
1176 3641 1266 3708 qui
1326 3640 1376 3692 in
1414 3640 1568 3694 cmlis
1614 3642 1847 3705 habitas,
1876 3644 2138 3710 numquid
2170 3644 2271 3695 ista

692 3730 1054 3785 rvusizlcras?
1088 3746 1213 3783 num
1241 3730 1324 3785 vel
1372 3732 1639 3784 modii-um
1685 3733 1880 3800 pii-tate
1923 3734 2205 3788 moveris?
2232 3734 2276 3788 0

698 3821 857 3890 Virgo
891 3822 1067 3887 beata,
1103 3837 1137 3877 ο
1168 3822 1341 3876 sancti
1391 3833 1705 3891 saucurque
1736 3822 1853 3886 Dei,
1887 3822 1973 3877 ubi
2010 3840 2152 3893 spes,
2186 3825 2274 3877 ubi

691 3916 1017 3970 conﬁtcntia
1040 3926 1224 3969 nostra
1259 3915 1310 3968 in
1346 3916 1541 3968 vobis?
1576 3919 1653 3968 An
1680 3918 1818 3969 forte
1848 3916 2029 3984 p0tius
2063 3915 2275 3986 decepti

692 4025 904 4069 sutuus,
936 4008 1061 4077 quia
1088 4016 1269 4062 nostra
1300 4008 1433 4062 fides
1475 4008 1649 4060 Inanis
1672 4018 1722 4061 et
1757 4008 1887 4061 falsa
1919 4008 2272 4075 est?Beatos,

695 4104 935 4171 inquam,
972 4102 1203 4155 dixerim
1237 4101 1381 4164 illos,
1424 4086 1475 4155 ἐἰ
1534 4103 1806 4170 patienter
1851 4103 2169 4157 sustulerint
2196 4103 2277 4156 fa-

697 4208 859 4253 metu,
895 4196 1064 4255 sitim,
1096 4193 1358 4253 laborem,
1392 4193 1654 4259 dolorum,
1694 4196 2080 4248 servitudincm
2117 4205 2278 4264 atque

696 4297 948 4341 mortem.
993 4286 1100 4340 Sed
1133 4302 1235 4355 qua
1277 4282 1485 4339 ratione
1521 4288 1708 4341 beatos
1758 4288 1877 4339 illos
1918 4288 2115 4352 dicam,
2153 4302 2275 4341 cum

697 4382 956 4435 continuo
986 4379 1250 4449 abnegeut
1284 4380 1491 4433 Christi
1528 4382 1706 4441 Iidem,
1737 4384 1971 4433 maxime
1993 4380 2276 4448 utriusque

2371 1906 2518 1954 men,
2583 1906 2683 1945 nec
2745 1906 2811 1945 ex
2857 1906 2965 1960 quo
3018 1892 3069 1946 in
3134 1892 3256 1946 istis
3295 1892 3543 1960 partibus
3597 1890 3838 1952 fuimus,
3886 1889 3969 1940 vel

2369 1985 2532 2039 unius
2581 1985 2770 2039 saltem
2814 1986 2962 2039 hora:
3000 1985 3303 2052 potuimus
3365 1985 3566 2039 habere
3611 1984 3867 2052 quietem
3900 1996 3968 2031 ex

2372 2077 2479 2140 his,
2515 2091 2635 2145 qua:
2689 2077 2942 2129 continue
2998 2075 3277 2141 audimus,
3342 2085 3397 2131 et
3437 2090 3544 2129 non
3591 2074 3805 2136 minus,
3851 2088 3971 2142 qoze

2368 2169 2545 2223 oculis
2578 2169 2875 2222 cernimus.
2919 2167 3121 2223 Sumus
3173 2169 3317 2221 enim
3372 2168 3426 2222 in
3456 2166 3970 2234 Constantinopoli,

2370 2260 2801 2314 eminentissimo
2836 2261 2974 2325 loco,
3029 2261 3082 2312 in
3129 2259 3350 2329 Capella
3407 2259 3661 2313 videlicet
3690 2258 3972 2313 Constan-

2373 2354 2468 2405 tini
2500 2353 2656 2422 juxta
2700 2353 2963 2420 palatium
3003 2352 3141 2421 ejus,
3186 2367 3349 2421 quam
3383 2352 3556 2406 sancti
3593 2350 3972 2420 Hieronymus

2370 2454 2425 2499 et
2456 2444 2791 2512 Augustinus
2841 2453 2896 2497 et
2947 2444 3208 2498 Nicolans
3245 2459 3366 2496 cum
3415 2440 3646 2511 reliquis
3701 2443 3972 2496 tercentis

2369 2536 2665 2590 octodecim
2692 2534 2945 2590 Patribus
2988 2535 3466 2590 Chalcedonensis
3515 2534 3740 2587 concilii
3774 2546 3975 2587 conse-

2371 2637 2617 2693 crarunt,
2657 2630 2799 2682 unde
2852 2643 3017 2698 supra
3073 2627 3349 2696 speculam
3402 2628 3776 2681 ascendentes
3808 2624 3973 2679 facile

2373 2737 2663 2790 possumus
2698 2733 2866 2775 totam
2919 2722 3229 2790 prospicere
3277 2720 3577 2785 civitatem,
3619 2719 3757 2772 oliui
3801 2718 3976 2771 totius

2372 2816 2520 2869 orbis
2550 2814 3095 2877 exerileulissimatn,
3140 2827 3283 2865 nunc
3309 2827 3439 2866 vero
3472 2821 3618 2864 tanta
3648 2811 3974 2864 calamitate

2372 2906 2659 2975 dejectam,
2693 2912 2753 2957 ιιι
2776 2902 2903 2955 ﬂere
2946 2904 3126 2970 potius
3167 2902 3353 2963 libeat,
3393 2916 3553 2971 quam
3584 2901 3811 2963 mirari,
3847 2916 3972 2952 cum

2374 3009 2479 3053 tam
2517 3013 2581 3053 ex
2609 2998 2739 3057 situ,
2776 3012 2936 3066 quam
2971 3011 3034 3049 ex
3068 2997 3315 3050 aediliciis
3354 3006 3408 3049 el
3440 2997 3656 3048 caeteris
3694 3004 3974 3063 opportu-

2375 3096 2457 3146 nis
2517 3091 2653 3145 alter
2707 3090 3021 3144 deliciarum
3112 3089 3281 3143 fuisse
3335 3088 3623 3159 paradisus
3679 3096 3975 3155 appareat,

2377 3196 2563 3252 totque
2595 3183 2855 3237 ecclesias
2880 3192 2933 3236 et
2961 3183 3295 3235 monasteria
3330 3180 3767 3250 stupendissima
3816 3181 3977 3232 ruina

2376 3277 2610 3343 collapsa
2646 3276 2791 3327 intus
2821 3285 2877 3328 et
2905 3286 3058 3327 extra
3096 3288 3255 3341 quam
3297 3276 3555 3338 maxime,
3586 3283 3647 3325 ut
3678 3279 3978 3325 monaste-

2376 3369 2578 3420 riorum
2641 3366 2844 3437 sylvam
2900 3367 3081 3435 potius
3131 3364 3386 3433 primitus
3436 3364 3858 3429 existimasses,
3924 3366 3977 3417 in

2376 3472 2603 3528 quorum
2654 3457 2898 3523 quolibet
2950 3466 3004 3511 et
3066 3458 3283 3511 ducenti
3331 3466 3388 3511 et
3443 3459 3704 3521 tercenti,
3735 3468 3795 3509 et
3831 3458 3981 3511 mitte

2378 3551 2628 3604 monachi
2690 3550 3018 3614 residebant,
3041 3549 3244 3617 ,laudes
3291 3549 3575 3603 Altissimo
3610 3549 3981 3603 decantantes

2378 3642 2430 3696 iu
2457 3652 2564 3695 tant
2597 3642 2907 3697 dulcissima
2944 3641 3202 3707 melodia,
3236 3644 3377 3710 quod
3424 3642 3538 3709 ipse
3570 3656 3668 3694 aer
3701 3641 3757 3694 in
3793 3642 3975 3693 not-tis

2380 3733 2556 3786 medio
2621 3732 3047 3801 circumquaque
3113 3734 3401 3785 resonabat
3455 3732 3611 3798 quasi
3662 3732 3977 3800 angelicam

2382 3824 2748 3879 harmoniam.
2788 3822 2941 3878 Nunc
2990 3839 3138 3887 vero,
3180 3824 3313 3890 proh
3371 3825 3554 3877 dolor!
3608 3831 3668 3876 et
3716 3825 3897 3893 spina:
3929 3833 3980 3875 ct

2380 3930 2571 3983 vepres
2602 3928 2769 3984 super
2787 3932 2971 3970 muros
2996 3917 3319 3981 ascendunt,
3349 3928 3403 3971 et
3428 3917 3501 3971 ibi
3524 3926 3794 3971 resonant
3825 3919 3981 3971 ulula:

2379 4015 2434 4060 et
2493 4007 2762 4061 bubones.
2799 4007 2994 4062 Verum
3057 4008 3100 4062 si
3145 4009 3267 4078 quis
3324 4009 3575 4063 civitates
3633 4008 3977 4071 destructas,

2381 4098 2508 4153 olim
2539 4098 2838 4165 mirabiles,
2873 4108 2931 4152 ut
2962 4098 3236 4154 Chalcedo
3265 4109 3323 4153 et
3361 4098 3567 4164 Nicaea,
3601 4100 3767 4168 quasi
3802 4102 3980 4153 conti-

2383 4205 2515 4258 guas
2546 4191 2632 4245 isti
2662 4191 2804 4256 urbi,
2840 4204 2904 4244 ac
2930 4192 3061 4243 alias
3089 4191 3377 4259 plurimas,
3418 4206 3650 4258 quarum
3682 4208 3787 4246 nec
3826 4193 3982 4245 modo

2384 4283 2539 4352 signa
2583 4291 2869 4351 apparent,
2903 4285 3197 4351 aspiceret,
3248 4299 3355 4337 non
3396 4296 3525 4352 puto
3580 4298 3767 4351 posset
3805 4286 3981 4338 comi-

2389 4388 2517 4427 rere
2546 4389 2603 4427 se
2636 4387 2665 4426 a
2711 4372 2862 4439 ﬂetu,
2897 4389 3015 4442 quae
3064 4389 3161 4443 per
3198 4375 3495 4429 intidetium
3549 4389 3751 4428 tiiauus
3796 4378 3978 4429 omnia

698 4488 864 4527 sexus
894 4473 1143 4541 juvenes,
1189 4472 1279 4536 qui
1326 4481 1472 4524 tanta
1528 4471 1789 4524 facilitate
1823 4481 2215 4540 pervertuntur
2246 4486 2274 4521 a
2314 4464 2357 4518 D
2389 4466 2661 4520 destructa
2698 4476 2845 4520 sunt.
2882 4466 3006 4520 Hinc
3042 4467 3241 4536 sapius
3288 4467 3583 4537 loquimur,
3618 4469 3739 4522 hac
3772 4470 3981 4538 plangi-

702 4566 824 4628 lide,
856 4576 909 4618 et
938 4565 1001 4618 ad
1026 4563 1463 4618 Christianorum
1494 4564 1830 4617 inimicitiam
1864 4573 2279 4628 convertuntur,

640 4686 645 4691 -
699 4660 827 4725 quia
862 4658 1087 4713 credere
1137 4657 1288 4726 quasi
1343 4655 1623 4723 incipiant,
1659 4658 1703 4709 si
1753 4656 1867 4709 fieri
1897 4666 2095 4723 potest,
2138 4656 2280 4709 utin

702 4766 944 4804 errorem
981 4750 1310 4802 inducantur
1341 4757 1395 4801 ct
1445 4748 1629 4802 electi.
1669 4747 1712 4799 Ο
1746 4748 1976 4801 altitudo
2006 4748 2285 4817 sapientia:

701 4852 758 4895 et
795 4842 1033 4896 scit-tiliae
1060 4841 1177 4908 Dei,
1206 4857 1368 4910 quam
1425 4839 1997 4915 incomprehensibilia
2033 4848 2159 4893 sunt
2190 4839 2284 4907 ju-

700 4935 841 4989 dicia
891 4936 1008 5001 ejus
1067 4942 1121 4987 ct
1181 4933 1588 5002 investigabiles
1647 4937 1746 4986 vite
1793 4933 2031 5001 ejule
2070 4941 2201 5000 quot
2232 4942 2288 4985 et

701 5038 937 5099 quantos
966 5042 1086 5082 esse
1114 5029 1278 5080 credo
1309 5028 1358 5079 in
1394 5028 1617 5091 mundo,
1650 5028 1742 5096 qui
1778 5026 2029 5080 videntur
2064 5037 2114 5079 et
2152 5040 2207 5079 re
2232 5032 2287 5079 et

702 5123 923 5177 nomine
957 5121 1278 5185 Christiani,
1308 5135 1444 5189 quos
1470 5121 1515 5174 si
1568 5122 1648 5174 vel
1689 5121 1964 5173 modicum
2011 5119 2125 5173 haec
2164 5134 2280 5187 per-

701 5217 1000 5273 secutionis
1055 5216 1246 5285 pruina
1294 5217 1573 5270 decoxerit
1626 5215 1710 5268 vel
1746 5216 1927 5283 potius
1971 5214 2288 5268 demulserit

701 5311 882 5362 t'ilrllis
915 5310 1111 5363 blanda
1148 5308 1377 5363 dulcedo
1405 5349 1419 5375 ,
1470 5308 1633 5361 facile
1673 5317 1871 5377 negent
1904 5305 2204 5369 Cbristmn,
2234 5317 2288 5359 et

703 5405 888 5454 dicant
921 5416 1043 5455 Cum
1077 5401 1237 5456 Petro
1277 5419 1289 5454 :
1328 5401 1443 5455 Non
1489 5402 1613 5454 novi
1658 5412 1803 5452 eum.
1836 5398 1881 5451 0
1929 5399 2132 5450 utinam
2164 5398 2289 5451 talis

706 5495 973 5562 probatio,
1009 5493 1129 5547 talis
1164 5492 1523 5562 experientia,
1578 5491 1698 5545 talis
1730 5490 1926 5545 fortzax
1958 5506 2062 5543 non
2106 5490 2291 5543 veniat

706 5602 871 5657 sup-r
904 5602 1024 5650 nos,
1076 5587 1119 5641 si
1168 5596 1559 5654 consun‘ptura
1602 5583 1762 5648 foret,
1820 5598 1923 5637 non
1974 5583 2286 5650 probatura,

707 5696 882 5748 neque
914 5681 964 5733 iu
992 5682 1325 5749 temporibus
1380 5680 1607 5743 nostris,
1676 5678 1822 5733 salva
1858 5677 2069 5731 Domini
2100 5676 2290 5731 volun-

710 5787 849 5838 tate;
908 5775 1165 5843 quoniam
1195 5775 1373 5840 ωυιιε,
1416 5775 1506 5843 qui
1551 5773 1834 5828 columnas
1868 5770 2175 5826 immobiles
2206 5769 2291 5823 fu-

2391 4575 2530 4621 uius,
2570 4559 2621 4611 in
2660 4558 2743 4613 his
2782 4569 2835 4612 et
2866 4559 3141 4613 similibus
3172 4560 3534 4612 lamentaudis
3578 4561 3854 4627 temporis
3878 4574 3976 4612 nea

2388 4666 2609 4719 parvam
2653 4660 2861 4720 partem
2884 4652 3278 4715 consumimus,
3312 4651 3491 4719 pctius
3512 4660 3788 4718 Optantes
3818 4652 3976 4713 mori,

2390 4759 2552 4811 quam
2588 4743 2778 4797 ultima
2820 4743 3003 4797 videre
3039 4742 3201 4807 mala,
3231 4742 3470 4810 quotidie
3498 4752 3866 4810 augmentum
3899 4758 3979 4796 sn-

2387 4836 2588 4889 nteutia
2617 4845 2813 4887 nostrae
2852 4835 3046 4901 gentis.
3089 4832 3151 4885 Et
3186 4834 3328 4902 quod
3372 4834 3490 4901 plus
3535 4833 3792 4887 dolorem
3827 4850 3980 4902 exag-

2386 4938 2539 5000 gerat
2557 4937 2719 4999 atque
2741 4929 3046 4990 conﬁrmat,
3067 4940 3189 4979 cum
3208 4925 3402 4993 quibus
3420 4923 3537 4976 haec
3562 4926 3976 4976 communicare

2388 5036 2442 5078 et
2479 5039 2692 5095 poenam
2720 5022 2977 5077 allcviare
2995 5022 3287 5091 possimus,
3312 5021 3526 5088 penitus
3554 5034 3667 5073 non
3696 5020 3973 5073 habemus.

2389 5116 2522 5171 Nam
2551 5118 2593 5170 si
2624 5118 2712 5184 qui
2754 5117 2807 5169 in
2846 5116 2930 5169 his
2965 5113 3211 5183 partibus
3239 5112 3320 5165 vel
3356 5120 3660 5174 morantur,
3704 5111 3791 5163 vel
3821 5112 3975 5162 adve-

2389 5213 2546 5265 niunt
2586 5208 2906 5274 Christiani,
2943 5215 3089 5260 tanta
3141 5203 3454 5270 temporalis
3500 5202 3641 5255 lucri
3685 5203 3976 5267 cupiditate

2391 5305 2777 5366 i-xardescunt,
2807 5310 2865 5355 ut
2895 5300 2980 5355 vel
3021 5313 3123 5351 non
3164 5298 3265 5352 ista
3296 5295 3675 5356 considerent,
3707 5296 3815 5354 vel,
3845 5293 3974 5362 quel

2391 5397 2723 5452 horrendum
2766 5408 2848 5449 est
2889 5394 3092 5455 dicere,
3145 5393 3379 5444 latenter
3424 5398 3716 5454 exoptem.
3749 5387 3885 5443 Ecce
3915 5401 3975 5438 ex

2394 5494 2728 5545 Teucrorum
2786 5488 2956 5541 lucris
3018 5485 3213 5539 hursas
3273 5481 3521 5550 implent,
3560 5489 3619 5534 et
3668 5482 3883 5549 seipsos
3913 5496 3973 5529 ες

2390 5583 2829 5637 Christianorum
2861 5577 3126 5647 sanguine
3176 5574 3550 5642 locupletant;
3588 5573 3687 5625 sed
3720 5587 3819 5641 pro
3853 5573 3975 5623 tanti

2396 5676 2596 5730 doloris
2635 5672 2905 5727 levantiue
2956 5668 3301 5736 subiunctum
3343 5674 3447 5728 est,
3484 5664 3631 5734 quod
3672 5662 3980 5733 nuperrime

2400 5771 2743 5825 verissimum
2775 5764 3115 5829 audivimus;
3150 5768 3271 5832 post
3316 5757 3552 5814 reditum
3602 5770 3845 5826 namque
3874 5768 3979 5808 ma—
