4168 6434
209 385 343 458 1061

1373 400 1618 465 EPIST.
1663 400 1965 460 CONTRA
2004 403 2322 468 TURCAS.

3333 392 3468 455 1062

210 508 294 572 gni
333 503 604 559 exercitus
630 503 959 560 Teucrorum
987 505 1167 561 subito
1198 521 1261 561 ex
1292 522 1372 562 eis
1403 509 1589 578 viginti
1621 510 1786 564 millia
1820 519 1859 574 Α
1895 517 1983 567 vix
2019 529 2182 568 unum
2227 514 2470 583 reperies
2511 510 2905 567 Christianum.
2938 507 3005 563 Et
3044 515 3220 561 tamen
3254 516 3469 559 constat

211 596 294 650 vel
333 596 481 650 circa
529 596 844 661 retroversi,
897 597 1178 667 Hungaros
1208 601 1360 670 quasi
1413 600 1524 668 jam
1562 615 1783 655 securos

214 685 586 752 repentissime
619 685 936 740 invaserunt
968 687 1018 739 in
1054 687 1286 755 quadam
1329 688 1630 756 provincia,
1664 702 1786 755 quae

215 775 414 829 dicitur
449 773 779 839 Siculorum,
807 776 964 838 quasi
1017 775 1082 830 in
1145 777 1322 832 medio
1359 776 1684 843 Hungarite;
1719 792 1783 832 ex

214 867 432 933 quibus.
462 876 524 920 ιιι
573 866 767 934 fertur,
828 869 1049 936 triginta
1100 869 1248 922 mille
1302 871 1511 924 animas
1539 881 1789 939 portaveo

215 966 360 1010 runt.
406 955 595 1012 Testes
631 969 778 1021 sunt,
809 959 899 1026 qui
936 960 1190 1013 viderunt
1214 975 1317 1013 non
1358 960 1519 1014 modo
1548 963 1789 1029 captivos

215 1049 363 1115 duci,
392 1065 576 1105 verum
611 1049 844 1118 plurium
885 1051 1145 1104 nobilium
1180 1063 1236 1106 et
1267 1052 1572 1121 principum
1609 1053 1788 1120 capita

216 1142 457 1195 abscissa
487 1141 676 1209 projici
712 1151 838 1194 ante
885 1142 1047 1209 pedes
1095 1144 1444 1210 imperatoris
1477 1159 1661 1197 eorum
1696 1159 1791 1210 per

214 1232 569 1299 Capitaneum
604 1234 774 1297 illmn,
803 1234 892 1301 qui
928 1235 1026 1286 ista
1055 1235 1283 1303 peregit,
1305 1243 1359 1289 et
1385 1237 1484 1289 hoc
1519 1237 1581 1289 dc
1607 1251 1792 1290 mense

216 1320 569 1388 Septembris.
593 1323 915 1389 lterumquc
939 1324 1107 1376 alium
1155 1324 1352 1378 direxit
1386 1326 1438 1377 in
1483 1324 1601 1393 ipso
1626 1323 1792 1379 Octo-

218 1413 338 1467 brio
363 1418 689 1480 exercitum;
731 1414 774 1467 si
804 1413 931 1483 quid
974 1414 1095 1467 mali
1128 1413 1337 1477 fecerit,
1373 1431 1477 1470 non
1514 1425 1791 1482 narratur,

224 1514 281 1558 et
313 1507 393 1560 sic
430 1516 637 1574 terque.
672 1514 991 1573 quaterque,
1038 1506 1324 1574 deciesque
1358 1507 1409 1559 in
1461 1520 1621 1572 anno,
1652 1523 1794 1561 nunc

218 1597 348 1660 huc,
385 1612 525 1650 nunc
563 1597 710 1662 illuc,
743 1598 1088 1650 formicarum
1145 1613 1296 1651 more
1349 1609 1541 1652 euntes
1588 1608 1642 1653 et
1671 1600 1797 1654 red-

216 1699 433 1754 euntes,
469 1702 789 1756 semperque
845 1688 997 1743 lucra
1035 1697 1332 1755 portantes,
1377 1703 1439 1743 ac
1503 1690 1546 1744 si
1582 1704 1794 1742 onmem

221 1779 660 1833 Christianorum
693 1787 894 1833 terram
929 1780 1070 1833 Deus
1097 1781 1180 1835 eis
1207 1780 1492 1834 tradiderit
1513 1781 1795 1848 possiden-

222 1871 365 1924 dam.
402 1868 684 1938 Tantaque
735 1881 856 1925 sunt
891 1871 1184 1925 securitate
1238 1871 1436 1925 ﬁrmati
1468 1881 1520 1926 et
1553 1872 1789 1927 roborati

223 1960 501 2028 victoriis,
567 1972 831 2030 tantaque
897 1963 1142 2017 lucrandi
1207 1963 1507 2032 cupiditate
1576 1964 1790 2018 accensi

219 2070 415 2110 omnes
450 2057 679 2125 pariter,
705 2057 846 2126 quod
882 2057 1253 2111 indubitanter
1284 2072 1344 2112 se
1370 2059 1590 2112 credant
1624 2066 1791 2111 totam

222 2151 697 2206 Christianitatem
727 2153 778 2205 in
805 2167 971 2220 parvo
1016 2162 1264 2222 tempore
1287 2153 1684 2207 destrueturos.
1733 2153 1796 2206 Et

221 2244 370 2313 quis,
412 2259 618 2314 quaeso,
651 2245 750 2299 ista
786 2261 894 2299 non
931 2248 1198 2306 crederet.
1230 2247 1273 2300 si
1301 2263 1419 2316 quae
1451 2247 1712 2310 videmus,
1745 2258 1798 2302 et

222 2337 344 2405 ipse
368 2337 615 2391 videret?
640 2336 897 2394 Videmus
948 2353 1179 2409 namque
1215 2341 1267 2392 in
1296 2341 1534 2395 exercitu
1565 2341 1799 2394 transire

229 2444 340 2485 non
389 2429 566 2485 solum
603 2431 835 2486 rusticos
862 2439 916 2484 et
952 2440 1196 2499 pastores
1227 2432 1481 2499 inermes,
1517 2434 1632 2486 solo
1669 2449 1800 2486 areu

229 2523 313 2597 vel
347 2537 480 2578 ense
527 2523 785 2590 munitos,
819 2525 913 2578 sed
953 2525 1155 2593 passim
1196 2540 1353 2581 senes
1376 2535 1431 2580 et
1459 2540 1654 2580 curvos
1694 2541 1803 2594 pra:

230 2637 254 2670 ιι
293 2619 406 2672 mia
440 2619 767 2687 antiquitate
802 2618 964 2672 asella
1000 2617 1276 2685 devectos,
1307 2627 1429 2687 post
1458 2619 1572 2674 dies
1602 2633 1804 2689 paucos

227 2709 524 2764 redeuntes
558 2717 668 2764 tres
704 2710 784 2764 vel
831 2717 1065 2778 quatuor
1094 2709 1323 2778 juvenes
1371 2710 1512 2765 collo
1547 2719 1601 2763 et
1633 2712 1805 2763 mani-

231 2805 334 2856 bus
360 2811 479 2872 post
520 2811 668 2870 terga
719 2801 913 2871 ligatos
962 2815 1143 2856 secum
1201 2801 1399 2857 ducere
1447 2817 1541 2871 per
1571 2804 1804 2856 mediam

226 2890 784 2959 ConstantinOpOlim,
833 2904 888 2946 et
931 2893 1167 2947 transire
1211 2893 1262 2946 in
1302 2903 1594 2961 conspectu
1633 2892 1806 2946 Vene-

229 2994 410 3038 torum
441 2996 497 3039 et
523 2984 877 3042 .lanuensium
905 2996 1295 3040 mercatorum.
1321 2985 1399 3041 lbi
1434 2988 1485 3040 in
1515 2996 1806 3056 conspectu

233 3077 480 3130 omnium
537 3078 809 3131 interdum
862 3077 1056 3133 sistere
1108 3077 1332 3144 faciunt,
1385 3087 1442 3132 ut
1492 3093 1683 3134 omnes
1732 3080 1812 3133 vi-

1891 606 2179 672 praadictas
2208 619 2398 661 omnes
2432 604 2598 658 fuisse
2637 602 2844 671 patrias
2869 600 3325 655 Christianorum.
3361 596 3471 650 Sed

1895 693 2141 763 haacjam
2185 695 2361 762 sopita
2413 703 2539 747 sunt
2590 689 2932 758 longitudine
2969 689 3255 756 temporis.
3289 686 3473 740 lledeo

1893 783 1960 839 ad
2001 786 2119 841 dies
2163 796 2404 839 nostros.
2448 783 2773 850 Octuaginta
2818 781 2904 834 vel
2955 781 3113 848 paulo
3142 779 3322 848 plures
3348 776 3474 829 anni

1895 887 2042 939 sunt,
2080 877 2221 945 quod
2251 892 2347 932 nec
2370 893 2512 931 unus
2537 877 2747 931 Teucer
2768 875 3136 942 reperiebatur
3164 872 3216 924 iu
3241 869 3469 925 Grrecia.

1901 968 2266 1024 Transierunt
2297 970 2459 1023 etiam
2487 969 2554 1022 ab
2594 967 2727 1037 ipsis
2765 966 3092 1022 Christianis
3133 963 3363 1027 advecti,
3397 970 3477 1013 to-

1899 1072 2121 1130 tamque
2149 1061 2289 1114 illam
2319 1061 2548 1130 patriam
2579 1059 2898 1128 implevere,
2930 1073 3050 1125 qua:
3084 1056 3188 1111 nisi
3215 1057 3280 1111 de
3311 1055 3475 1110 celeri

1900 1153 2250 1221 providentur
2302 1151 2564 1215 remedio,
2623 1149 2890 1205 efﬁcietur
2937 1151 3050 1203 cito
3099 1149 3240 1202 sicut
3276 1147 3476 1201 Arabia

1895 1244 1979 1297 vel
2003 1243 2285 1314 .‘Egyptus.
2323 1243 2558 1298 Patriam
2593 1243 2714 1298 dico
2753 1243 2938 1306 latam,
2997 1240 3329 1311 populosam,
3365 1240 3480 1308 glo-

1899 1335 2216 1390 riosissimis
2269 1336 2584 1390 civitatibus
2632 1334 2970 1398 decoratam,
3019 1348 3140 1402 qua:
3190 1347 3381 1385 omnes
3410 1330 3476 1383 ad

1897 1440 2161 1496 praesens,
2195 1439 2253 1481 ut
2306 1427 2385 1481 sic
2441 1427 2642 1491 dicam,
2696 1427 2762 1481 ad
2800 1426 3024 1479 nihilum
3072 1425 3301 1478 redacta:
3330 1433 3475 1486 sunt,

1901 1519 2298 1574 habitatoribus
2333 1527 2608 1584 vacuatze;
2658 1520 2745 1573 ubi
2796 1518 3102 1571 Alexander
3130 1514 3480 1584 Magnttsim-

1899 1613 2142 1679 peravit;
2206 1611 2298 1666 ubi
2365 1612 2630 1675 Athenas,
2690 1609 2980 1672 Corinthi,
3053 1609 3477 1675 Spartanorum.

1905 1703 2500 1769 Thessnlonicensium,
2553 1702 2977 1770 Philippensium
3022 1702 3294 1766 civllates,
3344 1712 3480 1767 quas

1904 1799 2066 1850 modo
2095 1797 2338 1867 aspicere
2369 1797 2544 1849 luctus
2572 1803 2673 1849 est.
2705 1794 2906 1848 Parum
2940 1801 3040 1853 est,
3071 1791 3213 1859 quod
3240 1790 3372 1854 dixi,
3401 1805 3483 1843 re-

1904 1898 2094 1958 spectu
2136 1889 2481 1957 sequentium
2515 1896 2564 1939 et
2605 1885 2869 1939 factorum
2906 1894 2958 1936 et
3009 1884 3332 1949 fiendorum,
3378 1882 3481 1937 nisi

1905 1980 2159 2048 reSpiciat
2186 1989 2242 2035 et
2280 1988 2591 2034 succurrat.
2625 1977 2722 2032 Ubi
2776 1993 2941 2041 nunc,
2969 1992 3174 2046 quaaso,
3196 1986 3278 2030 est
3309 1975 3481 2044 patria

1907 2071 2203 2132 Dalmatiae,
2265 2068 2521 2132 Croatiaa,
2570 2067 2804 2133 Bosnlte,
2892 2065 3138 2129 “asciae,
3187 2065 3481 2136 Bulgaria),

1905 2164 2166 2230 Albaniae,
2221 2162 2536 2225 Walachiaa,
2584 2177 2748 2230 regna
2802 2175 2908 2215 non
2967 2175 3158 2227 parva.
3199 2161 3250 2213 in
3301 2159 3486 2229 paucis

1903 2257 2068 2312 annis
2093 2256 2492 2311 habitatoribus
2523 2255 2752 2322 spoliata
2777 2254 2799 2306 ξ’
2824 2253 2902 2306 Ad
2939 2253 3269 2320 Hungariatn
3303 2253 3485 2314 venio,

1907 2353 1974 2405 de
1999 2364 2132 2420 qua,
2166 2358 2225 2403 ut
2254 2349 2470 2415 dicitur,
2495 2363 2530 2403 a
2579 2347 2770 2402 diebus
2815 2362 2923 2400 non
2973 2347 3154 2400 multis
3201 2345 3486 2414 plusquam

1913 2450 2155 2495 tercenta
2211 2439 2396 2500 millia,
2448 2439 2627 2494 verius
2680 2438 2938 2493 dixissem
2995 2446 3254 2491 sexcenta
3322 2436 3488 2490 millia

1912 2534 2215 2586 animarum
2271 2541 2485 2599 portata
2529 2539 2672 2585 sunt.
2729 2529 2995 2583 Credisne
3045 2543 3175 2597 ergo
3233 2526 3492 2596 possibile

1914 2627 2049 2691 fore,
2102 2626 2249 2695 quod
2307 2625 2492 2688 timeo,
2543 2637 2613 2676 ne
2669 2622 2881 2676 scilicet
2931 2622 3078 2688 jnSto
3127 2619 3216 2673 Dei
3257 2618 3489 2690 judicio,

1914 2727 2122 2772 tantum
2153 2717 2290 2788 ignis
2319 2716 2422 2771 iste
2465 2715 2746 2784 procedat,
2786 2723 2845 2768 ut
2876 2726 3145 2782 occupare
3190 2711 3361 2780 possit
3386 2717 3494 2765 ter-

1917 2810 2098 2865 minos
2144 2808 2527 2865 Christianos?
2560 2808 2700 2873 Quid
2749 2806 2913 2874 igitur
2959 2820 3102 2860 nunc
3143 2803 3353 2858 faciunt
3389 2803 3494 2857 mi-

1918 2905 2026 2958 seri
2059 2902 2400 2957 Christiani?
2430 2902 2558 2966 quid
2592 2915 2780 2954 eorum
2813 2899 3085 2969 principes
3107 2897 3129 2950 ?
3151 2896 3278 2966 quid
3311 2906 3496 2964 pasto-

1918 3010 2006 3050 res
2071 2993 2363 3048 Ecelesiw?
2396 2993 2772 3058 Dormiuntne,
2828 3006 2894 3044 an
2949 2989 3253 3058 lethargum
3313 2987 3498 3056 potius

1920 3088 2219 3157 patiuntur,
2262 3095 2319 3139 ut
2378 3084 2640 3154 paulatim
2667 3090 2985 3152 exspectent
3029 3078 3495 3134 Christianitatem

231 3172 423 3236 deant,
453 3185 654 3240 eosque
703 3170 919 3239 injuriis
974 3179 1029 3224 et
1070 3169 1391 3225 verberibus
1435 3169 1805 3240 colaphizant.
1837 3207 1882 3265 ρ
1920 3179 2212 3233 consumi?
2246 3179 2464 3232 Ludunt
2509 3179 2560 3231 in
2604 3177 2773 3231 hastis
2823 3183 2877 3229 et
2919 3174 3153 3239 choreis,
3193 3171 3276 3224 vel
3322 3171 3500 3238 potius

239 3265 312 3318 ita
342 3273 400 3318 ut
431 3279 592 3318 nemo
619 3263 817 3318 audeat
854 3265 1270 3329 contradicere;
1307 3264 1352 3318 si
1392 3278 1620 3333 pensare
1660 3265 1810 3325 velit,

239 3367 302 3411 ut
323 3357 526 3412 veritas
559 3371 618 3411 se
658 3356 861 3411 habet?
897 3357 1022 3424 quia
1063 3357 1152 3422 qui
1191 3371 1333 3409 anno
1362 3357 1638 3424 praeterito
1667 3356 1814 3410 ducti

237 3461 371 3505 sunt
395 3450 620 3518 captivi.
649 3450 748 3502 hoc
787 3464 929 3504 anno
958 3449 1180 3512 Teucri,
1215 3447 1660 3517 Teucrorumque
1693 3449 1816 3502 om;

243 3544 396 3597 nium
435 3542 769 3596 crudeliores
801 3540 1010 3615 ell'ccti,
1046 3543 1097 3595 iu
1150 3542 1389 3596 exercitu
1445 3542 1626 3610 primi,
1651 3543 1816 3595 auda-

247 3635 332 3688 cia
384 3643 438 3688 et
487 3633 808 3688 fortitudine
873 3635 1273 3703 promptiores,
1320 3634 1476 3702 quasi
1538 3633 1818 3703 religionis

242 3728 446 3795 pietate
476 3729 627 3793 moti,
677 3737 734 3782 ut
791 3728 1040 3792 credunt,
1087 3726 1240 3782 Fidei
1301 3729 1527 3782 veritate.
1578 3738 1815 3795 reperta,

253 3821 524 3889 propriam
572 3821 799 3891 patriam
865 3823 1080 3874 tradere
1131 3820 1422 3885 festinant;
1458 3819 1562 3875 hoc
1604 3835 1821 3888 quoque

245 3914 591 3982 potissimum
630 3914 772 3968 inter
817 3915 998 3970 omnia
1050 3924 1257 3982 eptent,
1303 3924 1531 3982 patrem,
1569 3921 1819 3975 matrem,

246 4005 444 4059 fratres
461 4015 512 4059 et
532 4019 768 4068 sorores,
800 4016 1132 4070 cteterosque
1149 4004 1582 4070 consanguineos
1602 4018 1820 4072 capere,

242 4108 302 4152 et
322 4099 385 4152 ad
411 4099 589 4151 lumen
612 4099 805 4152 docete
833 4095 1094 4165 vei-ijatis.
1115 4095 1158 4150 0
1175 4097 1524 4164 stupendum,
1543 4110 1576 4149 ο
1601 4093 1826 4162 profui»

241 4192 374 4247 dum
420 4192 683 4262 judicium
731 4191 848 4252 Dei,
873 4189 968 4244 sed
994 4190 1203 4244 nonnisi
1229 4189 1453 4258 justum,
1481 4189 1718 4257 quandiu
1747 4188 1824 4243 ira

245 4303 348 4339 sua
373 4300 540 4352 super
565 4298 663 4338 nos
698 4281 993 4339 desaeviet?
1017 4284 1255 4352 quandiu
1296 4282 1462 4336 nostri
1477 4282 1826 4336 obliviscetur

242 4378 597 4433 Altissimus?
626 4375 845 4431 Utinam
877 4391 983 4429 non
1005 4375 1058 4428 in
1085 4375 1281 4428 linem!
1317 4374 1475 4441 Vere,
1505 4388 1653 4437 vere,
1675 4381 1828 4442 pater

248 4470 648 4533 :uuantissime,
684 4471 981 4525 timendum
1005 4478 1111 4532 est,
1139 4484 1203 4522 ne
1229 4471 1466 4537 peccatis
1496 4469 1691 4523 nostris
1712 4469 1825 4523 exi-

1917 3271 2163 3325 lacerant
2197 3272 2541 3339 semetipsos.
2570 3266 2792 3323 Interim
2825 3266 3034 3322 Teucer
3064 3264 3269 3320 Christi
3304 3277 3499 3316 nomen

1916 3363 2242 3434 exstinguit,
2309 3362 2421 3432 jam
2455 3362 2681 3433 juravit,
2742 3360 2854 3428 jam
2908 3373 2967 3414 se
3005 3357 3114 3412 Deo
3155 3372 3252 3410 suo
3281 3353 3502 3408 devovit

1919 3457 2066 3511 nullo
2108 3466 2264 3525 pacto
2324 3455 2636 3523 quiescere,
2693 3454 2804 3520 nisi
2859 3466 3020 3520 quam
3074 3452 3237 3504 citius
3288 3450 3339 3502 in
3392 3455 3501 3501 tota

1919 3547 2214 3618 llungarita
2271 3546 2483 3600 cantari
2548 3545 2716 3599 faciat
2770 3545 2955 3597 laudes
3004 3540 3352 3595 lllahutnetis.
3386 3537 3502 3593 Heu

1923 3640 2051 3703 heu,
2091 3654 2201 3693 non
2237 3639 2389 3692 multi
2423 3637 2548 3691 anni
2575 3645 2724 3700 sunt,
2755 3635 2897 3702 quod
2929 3648 3026 3688 nec
3061 3631 3296 3685 Teucros
3329 3629 3506 3682 nomi-

1925 3732 2158 3785 nabatur
2195 3731 2247 3783 in
2293 3732 2514 3794 mundo,
2555 3729 2656 3784 nisi
2701 3737 2945 3796 pastores
2986 3727 3135 3792 juxta
3179 3723 3505 3777 Damascum

1925 3824 1978 3876 in
2015 3823 2344 3892 quibusnam
2378 3823 2565 3876 nescio
2618 3822 2894 3875 montibus
2925 3820 3258 3881 habitantes,
3293 3816 3503 3880 rustici,

1925 3914 2154 3977 indocti,
2197 3915 2497 3977 silvestres,
2552 3912 2670 3967 sine
2694 3913 2889 3967 litteris
2915 3951 2929 3976 ,
2960 3913 3078 3964 sine
3115 3911 3343 3964 scientia
3372 3907 3504 3970 ulla,

1927 4015 1987 4059 ut
2017 4015 2140 4058 sunt
2175 4005 2340 4059 etiam
2378 4018 2556 4072 usque
2591 4004 2774 4058 modo.
2812 4004 2967 4058 Nunc
3007 4017 3136 4056 vero
3168 4017 3300 4057 auro
3327 4001 3508 4055 vestiti

1927 4105 1980 4150 et
2007 4097 2257 4165 getnmis,
2294 4098 2510 4164 regibus
2546 4106 2601 4152 et
2651 4096 3077 4164 imperatoribus
3111 4095 3507 4165 principantur,

1930 4204 2028 4243 nec
2055 4189 2171 4244 suis
2199 4189 2448 4244 laborant
2477 4190 2749 4252 manibus,
2790 4190 2882 4243 sed
2929 4200 3186 4258 tanquam
3223 4188 3426 4242 domini
3457 4188 3508 4240 in

1932 4281 2067 4350 ipsis
2102 4283 2295 4349 tapetis
2321 4283 2503 4336 aureis
2536 4293 2592 4336 et
2636 4283 2890 4336 mollibus
2931 4282 3308 4349 pulvinaribus
3350 4296 3512 4333 accu-

1932 4375 2086 4437 bant,
2141 4390 2444 4442 eorutnque
2489 4374 2724 4428 quuriis
2771 4375 3020 4443 turpibus
3082 4384 3136 4430 et
3194 4375 3510 4438 immtmdis,

1931 4465 2062 4518 olim
2096 4464 2328 4528 nobiles,
2359 4481 2502 4520 nunc
2541 4465 2721 4519 Selavi
2765 4464 3100 4519 famulantur
3133 4466 3316 4520 miseri
3351 4464 3514 4518 Chri-
3573 4532 3577 4536 .

248 4565 535 4634 gentibus,
571 4579 692 4633 qua:
741 4576 988 4618 crescere
1020 4564 1263 4629 quotidie
1301 4562 1598 4622 cernimus,
1637 4561 1822 4631 potius
1861 4562 1903 4616 D
1929 4555 2114 4610 stiani.
2139 4553 2274 4608 Nam
2301 4557 2456 4621 pauci
2483 4559 2724 4626 ipsorum
2751 4565 2898 4619 sunt,
2932 4557 3024 4625 qui
3057 4565 3180 4609 0t'l0
3205 4555 3284 4609 vel
3306 4556 3510 4620 decem,

155 4729 158 4731 Α
241 4673 411 4726 quam
432 4658 623 4723 minui,
640 4665 846 4712 tantum
863 4657 939 4709 ira
959 4655 1392 4723 divinazjustitiae
1410 4653 1748 4718 exardeseat,
1766 4664 1825 4706 ut

245 4754 318 4807 ad
359 4752 494 4805 fines
541 4765 720 4820 usque
747 4742 1016 4804 terrarum
1063 4757 1292 4817 occupet
1326 4749 1463 4817 ignis
1491 4749 1612 4813 iste,
1653 4748 1744 4814 qui
1773 4749 1825 4800 in

249 4848 374 4902 dies
399 4845 617 4900 extendi
651 4845 912 4906 cernitur,
956 4853 1011 4897 et
1057 4843 1231 4910 spatia
1278 4841 1474 4896 latiora
1517 4842 1826 4910 complecti.

247 4939 396 4994 Ecce
423 4938 638 4994 ducenti
674 4940 758 4992 vel
789 4939 936 4991 circa
966 4936 1091 4990 anni
1122 4945 1273 5001 sunt,
1303 4937 1524 5006 quando
1559 4945 1668 4989 tota
1701 4936 1826 4990 Asia

246 5047 424 5100 usque
449 5033 514 5084 ad
564 5028 910 5083 Antiochiam
931 5035 988 5084 et
1042 5028 1203 5091 ultra,
1249 5028 1682 5082 Christianorum
1713 5038 1830 5081 erat

243 5142 256 5188 ι
286 5123 462 5191 epulis
484 5123 754 5188 habitata;
786 5135 928 5175 nunc
947 5134 1077 5174 vero
1115 5120 1372 5190 paulatim
1391 5120 1487 5174 tali
1528 5121 1648 5190 igne
1683 5134 1831 5174 com-

244 5217 409 5270 busta
441 5222 544 5275 est,
577 5223 637 5266 ut
683 5226 885 5279 paucos
920 5211 992 5265 ibi
1043 5212 1283 5280 reperias
1327 5209 1694 5272 Christianos,
1724 5210 1826 5264 nisi

245 5311 395 5364 forte
416 5306 639 5362 Sciat-os
657 5306 918 5373 obsequio
935 5305 1272 5359 Teucrorum
1301 5305 1608 5371 deputatas.
1627 5302 1831 5356 Omitto

251 5403 495 5474 Syriam,
526 5401 750 5457 Terram
795 5410 1064 5465 sanctam,
1096 5399 1432 5463 Armeniam,
1462 5399 1740 5462 Arabiam,
1777 5411 1831 5453 et

251 5511 430 5563 usque
468 5495 534 5549 ad
561 5493 943 5549 Alexandriam
973 5492 1180 5560 patrias
1215 5493 1656 5556 circumstantes,
1692 5507 1829 5561 quas

247 5602 448 5643 omnes
489 5587 926 5643 Christianorum
962 5585 1134 5640 fuisse
1175 5599 1272 5651 pro
1308 5583 1499 5654 majori
1532 5593 1688 5654 parte
1724 5600 1828 5638 non

246 5681 419 5748 longo
474 5680 584 5751 jam
659 5689 902 5746 tempore
969 5679 1319 5733 manifestum
1380 5687 1483 5732 est.
1563 5678 1742 5733 Taceo
1769 5679 1834 5732 de

244 5771 513 5842 Αέκγριο.
536 5769 836 5840 ᾸΞιΙιίορίςι,
863 5771 1067 5834 Persia,
1101 5782 1155 5825 et
1185 5773 1326 5840 quod
1357 5769 1529 5838 majus
1551 5781 1632 5825 est
1657 5774 1836 5826 omni-

248 5868 379 5932 bus,
414 5874 523 5921 tota
548 5865 762 5927 .Africa,
803 5863 894 5919 ubi
928 5865 1029 5922 nisi
1055 5864 1194 5919 forte
1230 5864 1440 5933 aliquos
1470 5875 1828 5929 mercatores,

1935 4649 2116 4718 magni
2155 4665 2284 4703 vero
2335 4650 2558 4720 triginta
2589 4660 2644 4705 et
2679 4659 2933 4715 centum;
2985 4649 3189 4703 minimi
3227 4664 3350 4704 vero
3377 4650 3516 4703 duos

1932 4741 2015 4794 vel
2051 4755 2162 4798 tres
2194 4743 2259 4795 ad
2297 4746 2474 4797 minus
2498 4744 2727 4800 Sclavos
2747 4759 2849 4798 non
2885 4743 3122 4798 habeant
3149 4742 3512 4798 Christianos.

1930 4836 2140 4901 Quibus
2167 4850 2263 4890 eos
2288 4836 2622 4905 opprobriis,
2641 4851 2750 4905 quo
2773 4837 2981 4902 derisu,
3008 4837 3205 4905 quibus
3229 4837 3443 4908 injuriis
3464 4847 3517 4891 et

1931 4930 2256 4985 verberibus
2290 4930 2660 5000 tyrannizent,
2713 4941 2941 4984 narrent
2998 4931 3074 4995 hi,
3113 4931 3204 5000 qui
3252 4931 3512 4993 sentiunt,

1934 5022 2120 5076 dicant
2152 5021 2479 5077 Christiani.
2508 5021 2723 5077 Utinam
2750 5024 2880 5078 talia
2918 5026 3233 5092 probarent,
3256 5026 3345 5093 qui
3381 5027 3514 5080 tanti

1933 5128 2062 5172 sunt
2092 5133 2256 5172 causa
2325 5118 2477 5184 mali,
2537 5135 2715 5188 neque
2769 5135 2892 5174 cum
2951 5130 3174 5188 possent
3201 5121 3515 5186 subvenire,

1933 5221 2247 5279 procurant.

2008 5303 2276 5359 Deﬁceret
2331 5305 2460 5360 mihi
2522 5315 2761 5375 tempus,
2806 5308 3196 5362 humanissime
3242 5306 3425 5374 Pater,
3471 5311 3514 5364 si

1934 5409 2127 5453 cuncta
2164 5399 2359 5454 vellem
2407 5399 2847 5454 Christianorum
2892 5402 3088 5455 damna
3142 5414 3196 5456 ct
3228 5404 3517 5472 Opprobria

1937 5503 2297 5561 pertractare,
2350 5506 2473 5561 qua:
2524 5493 2802 5546 cernimus
2855 5492 2908 5544 in
2964 5495 3210 5562 partibus
3253 5496 3390 5561 istis,
3421 5512 3520 5549 nec

1939 5583 2278 5638 millesimam
2319 5597 2508 5637 eorum
2565 5593 2774 5652 partem
2827 5583 3164 5638 sullicienter
3210 5587 3518 5653 exprimere

1937 5692 2022 5730 me
2059 5691 2219 5747 posse
2271 5680 2507 5731 eonlido.
2569 5680 2842 5749 Exsurgat
2889 5680 3067 5748 potius
3112 5679 3383 5748 Josephus
3430 5683 3521 5736 ille

1939 5773 2125 5845 rhetor
2163 5771 2456 5837 excellens,
2508 5783 2764 5841 exsurgat
2817 5772 3107 5836 Ilomerus,
3140 5785 3193 5827 et
3223 5775 3384 5828 unius
3409 5791 3518 5829 non

1941 5863 2090 5919 urbis
2126 5863 2323 5932 solum,
2373 5875 2429 5917 ut
2492 5865 2590 5929 illi,
2645 5866 2742 5920 sed
2808 5869 2994 5922 decem
3047 5877 3100 5923 et
3151 5868 3517 5934 ccntum,sed
