4168 6434
688 349 821 411 10δῖ

1996 351 2278 410 ΒᾹῘῖἸῚΙ.
2326 353 2417 411 DE
2464 352 2656 412 IAN”

3801 344 3946 408 1065

682 463 850 523 mide,
882 461 972 514 scd
1009 461 1165 514 trium
1214 470 1264 516 et
1290 473 1522 531 quatuor
1579 463 1825 527 millium,
1862 463 1969 516 imo
2037 465 2250 531 triginta
2288 478 2326 528 Α
2364 463 2436 516 ris
2474 461 2630 522 forte,
2669 459 2938 526 ipinrnodo
2975 469 3027 510 et
3066 457 3301 511 Venetim
3332 468 3382 510 et
3431 458 3602 512 .lanua
3631 469 3685 513 ct
3722 474 3946 513 cetera

681 567 728 604 cl
785 554 1142 622 quadraginta
1197 569 1509 624 regnorum,
1577 555 1620 608 si
1673 565 1926 622 possunt,
1967 556 2152 607 ruinas
2201 564 2254 605 ct

682 644 835 696 ι;·1.ιιι
864 644 1020 695 itates
1051 655 1325 698 crrarrent.
1371 644 1641 711 Exsurgat
1667 662 1788 700 cum
1825 649 1905 699 eis
1937 646 2101 699 simul
2128 645 2252 698 Ilie-

681 737 899 796 rcmias,
927 749 976 788 et
1009 735 1183 790 [lenito
1215 738 1469 804 suspiret,
1504 749 1554 790 et
1591 739 1732 791 diCat
1769 737 2083 801 :Quonrodo
2105 738 2256 790 sedet

681 832 792 883 sola
822 831 1206 884 Cltristiztnitas
1236 832 1389 897 plena
1425 832 1656 899 pupulis,
1700 831 1840 883 facta
1874 841 1960 883 est
1993 831 2146 895 quasi
2180 831 2254 880 \‘i-

679 927 780 974 dua
819 925 1032 974 dmuina
1071 924 1338 990 gentium,
1374 924 1628 990 princeps
1680 922 2081 989 provinciarum
2115 920 2252 973 facta

677 1025 759 1067 cst
801 1017 901 1068 sub
961 1016 1193 1069 tributo?
1225 1014 1449 1070 Plorans
1491 1016 1715 1084 ploravit
1769 1016 1822 1067 in
1878 1025 2054 1076 nocte,
2089 1025 2140 1067 et
2177 1015 2253 1066 la-

675 1123 876 1177 rrynra:
939 1109 988 1160 in
1047 1107 1280 1160 maxillis
1321 1108 1475 1174 ejus;
1521 1123 1622 1158 non
1670 1118 1751 1160 est
1815 1108 1904 1172 qui
1946 1107 2254 1160 console-tur

675 1211 792 1248 earn
830 1213 894 1249 ex
949 1199 1200 1249 omnibus
1257 1198 1444 1251 charis
1487 1198 1630 1263 ejus.
1685 1200 1883 1251 Omnes
1948 1197 2106 1249 amici
2137 1196 2255 1258 ejus

673 1297 995 1354 spreverunt
1035 1301 1179 1347 eam,
1235 1301 1289 1341 et
1343 1289 1485 1356 quod
1541 1288 1692 1356 pejus
1755 1299 1857 1350 est;
1898 1289 2022 1342 faeti
2053 1298 2175 1339 sunt
2207 1288 2252 1335 ei

675 1377 924 1431 inimici?
953 1376 1062 1430 Via:
1098 1377 1228 1431 Sion
1280 1394 1404 1432 vere
1437 1381 1594 1431 tnodo
1636 1381 1842 1448 lugent,
1872 1395 1936 1431 eo
1969 1381 2111 1447 quod
2150 1397 2252 1430 non

677 1469 784 1526 sit,
813 1468 900 1534 qui
939 1467 1121 1520 V'tflliill
1150 1469 1212 1520 ad
1264 1469 1685 1532 solemnitatem,
1714 1481 1819 1523 etc.
1881 1469 2114 1532 Miraris,
2146 1471 2252 1521 l'ra-

675 1568 776 1615 ter.
817 1561 939 1626 quia
975 1560 1083 1612 dixi
1137 1560 1350 1628 triginta
1387 1561 1468 1614 vel
1506 1562 1863 1631 quadraginta
1906 1578 2196 1632 regnorum
2235 1580 2248 1622 ;

671 1653 925 1714 obsecro,
957 1667 1020 1705 ne
1056 1652 1289 1715 mireris,
1328 1655 1584 1720 quoniam
1638 1655 1749 1709 Iiaac
1775 1668 1827 1708 et
1872 1659 2060 1710 eadem
2111 1661 2250 1710 mali

671 1756 724 1798 et
756 1760 910 1814 atque
937 1746 1019 1798 his
1051 1745 1280 1816 majora,
1325 1761 1444 1815 quae
1477 1745 1671 1801 Teucri
1719 1747 1966 1802 fecerunt
1996 1749 2050 1802 in
2083 1753 2251 1818 parti-

673 1837 773 1892 bus
807 1838 944 1901 istis,
971 1837 1186 1892 Tartari
1221 1849 1273 1892 et
1307 1841 1512 1907 Operati
1563 1851 1709 1906 sunt,
1739 1853 1792 1896 et
1827 1842 2085 1896 continue
2113 1859 2244 1908 ope~

673 1943 866 1985 rantur
925 1933 974 1984 in
1044 1932 1288 1997 partibus
1331 1934 1470 1986 rrltra
1533 1935 1776 1998 remotis,
1829 1945 1884 1988 et
1936 1945 2246 1991 utcaeteras

679 2026 924 2076 omittam
957 2026 1178 2092 patrias,
1215 2040 1333 2093 quae
1359 2026 1691 2080 dinumerari
1721 2033 1802 2082 vix
1831 2041 2069 2097 possent,
2103 2041 2245 2082 tanta

675 2118 918 2184 quotidie
951 2105 1089 2170 mala
1121 2117 1359 2170 inferunt
1407 2119 1459 2171 in
1515 2117 1734 2184 llussia,
1765 2121 1906 2189 quod
1958 2121 2133 2174 mrllus
2167 2131 2249 2174 ist

672 2225 868 2270 annus,
900 2211 1027 2276 quin
1058 2209 1277 2278 triginta
1322 2220 1375 2264 et
1407 2209 1589 2278 plures
1625 2229 1789 2266 naves
1829 2210 2044 2267 Selavis
2076 2215 2248 2282 plena:

672 2303 1196 2370 Constantinopolim
1239 2319 1344 2356 non
1400 2303 1644 2368 veniant,
1679 2303 1767 2370 qui
1822 2323 1848 2356 a
1888 2303 2132 2358 Tartaris
2162 2321 2248 2358 ve-

673 2399 944 2449 nundatnr
981 2408 1036 2449 ut
1079 2412 1271 2464 pecora
1331 2398 1382 2450 in
1429 2397 1756 2462 Moncastro,
1797 2399 1846 2452 in
1897 2398 2042 2452 Tana
2098 2409 2148 2453 et
2194 2400 2247 2452 in

669 2489 896 2542 civitate
945 2488 1111 2552 (latae,
1161 2503 1260 2543 nec
1311 2490 1364 2542 Iri
1410 2499 1536 2542 sunt
1579 2490 1785 2543 decima
1825 2490 1906 2543 Vt'l
1945 2493 2245 2545 centesima

673 2596 816 2647 pars,
844 2583 932 2650 qtti
962 2583 1252 2648 capiuntur
1303 2585 1370 2634 ab
1418 2582 1516 2635 eis.
1570 2581 1936 2649 Singulariter
1977 2583 2082 2635 isto
2105 2597 2248 2635 anno

673 2675 725 2726 in
759 2672 930 2734 Tana,
966 2673 1016 2725 in
1075 2689 1182 2742 quo
1244 2684 1389 2728 tanta
1439 2675 1757 2729 Sclavorum
1817 2675 2100 2728 multitudo
2126 2689 2249 2728 ven-

671 2769 845 2821 denda
877 2767 1137 2835 perducta
1174 2777 1276 2829 est,
1307 2778 1361 2820 ut
1398 2782 1499 2834 ego
1541 2770 1654 2836 ipse
1711 2769 1779 2822 ab
1819 2768 1930 2833 illo,
1965 2770 2056 2837 qui
2089 2768 2246 2830 vidit,

675 2859 884 2924 εει-νομί,
952 2859 1092 2926 quod
1161 2873 1256 2924 pro
1309 2870 1564 2928 quatuor,
1619 2870 1672 2912 et
1737 2875 1854 2924 sex,
1883 2872 1936 2914 et
1964 2861 2150 2914 decem
2180 2862 2244 2914 ad

673 2970 682 3011 ι
709 2953 788 3002 lus
814 2950 1038 3005 ﬂrrcnis
1069 2951 1230 3004 etiam
1264 2951 1430 3004 millia
1457 2951 1718 3020 juvenum
1750 2968 1932 3007 eruere
1963 2954 2243 3020 potuisset.

671 3041 776 3094 Sed
829 3057 926 3110 pro
979 3042 1324 3096 multitudine
1379 3053 1432 3096 et
1494 3043 1637 3098 fame
1680 3044 1868 3110 rejecti
1915 3054 2061 3109 sunt,
2107 3053 2246 3099 etut

2361 555 2604 608 civitates
2639 553 2804 607 Italia:
2836 553 3188 618 quatiuntur!
3228 553 3386 606 Certe
3415 555 3588 621 magis
3626 555 3944 605 mirandum

2359 655 2462 710 est,
2495 660 2663 714 quare
2710 663 2812 698 non
2867 647 3080 711 penitus
3130 646 3241 698 sint
3295 647 3504 700 deletae.
3549 646 3803 700 Vidimus
3860 648 3948 697 liis

2358 739 2547 792 diebus
2579 739 2935 808 quadraginta
2970 746 3145 790 mulos
3194 738 3420 802 chalybe
3443 749 3705 791 oneratos
3737 738 3807 790 ab
3841 741 3946 790 hac

2359 831 2579 886 civitate
2611 833 2676 884 ad
2709 831 3145 898 Hadrianopolim
3192 831 3335 894 duci,
3361 847 3467 899 quo
3502 842 3556 885 et
3602 832 3700 897 ipsi
3741 830 3944 883 Teucri

2360 926 2605 977 derident
2639 925 2866 992 turpiter
2914 923 3258 977 Christianos
3307 935 3489 991 aperte
3528 921 3822 976 dicentes:
3857 923 3947 972 \‘i-

2359 1017 2498 1080 dete,
2543 1017 2750 1075 miseri,
2786 1015 3086 1067 cmcitatem
3148 1025 3426 1078 vestram;
3483 1029 3612 1069 ecce
3654 1031 3753 1066 vos
3793 1019 3878 1067 nol
3907 1033 3948 1064 IS

2359 1121 2506 1158 arma
2542 1106 2842 1173 porrigitis,
2879 1118 2936 1158 ut
2966 1121 3060 1159 vos
3111 1107 3326 1173 penitus
3371 1107 3715 1160 occidamus.
3752 1105 3945 1169 Qualia

2358 1198 2457 1250 ista
2488 1198 2580 1250 tibi
2619 1198 2889 1260 videntur,
2917 1198 3112 1251 dilecte
3148 1197 3360 1250 frater?
3403 1212 3569 1265 quare
3601 1213 3710 1250 non
3745 1214 3812 1249 ex
3847 1199 3948 1249 hac

2355 1291 2520 1342 etiam
2553 1289 2667 1342 sola
2696 1305 2858 1343 causa
2884 1291 2936 1342 in
2969 1291 3211 1349 civitate.
3262 1289 3313 1341 in
3351 1303 3454 1355 qua
3487 1290 3785 1356 praedicas,
3823 1303 3946 1352 prn-

2360 1383 2582 1435 nuntias
2633 1385 2712 1435 eis
2751 1382 3042 1436 manifeste
3103 1385 3361 1437 ruinam?
3411 1384 3515 1437 Sed
3568 1382 3948 1435 indubitanter

2357 1474 2490 1535 scio,
2531 1475 2670 1539 quod
2701 1473 2856 1526 facis.
2891 1474 3128 1537 Clamas,
3169 1485 3221 1528 et
3255 1490 3358 1526 non
3387 1475 3614 1526 audiris.
3659 1475 3769 1526 Sed
3795 1477 3949 1525 adest

2355 1565 2619 1634 flagellum
2647 1564 2758 1630 Dei,
2779 1565 3082 1633 quodjuste
3115 1567 3360 1619 verbi-rat
3392 1567 3801 1634 delinquentes.
3837 1566 3943 1617 Sed

2355 1656 2437 1709 vis
2469 1671 2765 1724 parumper
2795 1666 3131 1708 revertamur
3171 1658 3235 1709 ad
3263 1657 3540 1713 Tartaros.

2434 1749 2587 1800 Anno
2649 1748 2754 1801 isto
2809 1749 2876 1800 de
2940 1764 3126 1803 mense
3154 1750 3411 1818 Augusti.
3473 1752 3692 1817 quando
3733 1749 3948 1804 Teucer

2352 1839 2661 1890 destruebat
2701 1837 3051 1908 llungrrizrnr,
3108 1855 3280 1892 novus
3341 1841 3651 1908 iurperator
3701 1843 3944 1903 electus,

2359 1940 2415 1983 ut
2451 1931 2538 1984 hic
2595 1947 2622 1984 a
2679 1933 2923 1999 pluribus
2977 1933 3171 1994 ferttrr,
3232 1948 3338 1984 non
3399 1931 3630 1993 afﬁrmo,
3674 1935 3805 1999 quia
3846 1952 3947 1986 nun

2355 2025 2500 2090 vidi;
2537 2035 2588 2077 tu
2624 2027 2818 2078 tnelius
2879 2027 2982 2079 ista
3048 2041 3369 2095 cognosces,
3423 2042 3542 2078 cum
3578 2025 3811 2079 Poloriis
3853 2043 3951 2092 pu-

2352 2131 2522 2184 gnans
2547 2131 2642 2184 pro
2676 2132 2840 2185 regno
2873 2115 3178 2182 llungarize,
3215 2117 3358 2183 ipsos
3397 2117 3718 2180 dsbellavit,
3785 2120 3949 2170 innu-

2355 2224 2644 2276 merosquc
2675 2208 2892 2272 Occidit,
2931 2209 3170 2276 intellige
3215 2209 3578 2263 Christianos.
3609 2209 3769 2262 Tunc
3816 2209 3952 2261 Tar-

2354 2302 2454 2353 tari
2493 2302 2768 2354 cornicini
2798 2299 3014 2354 Polonis
3048 2302 3294 2355 videntes
3331 2302 3676 2355 Christianos
3712 2306 3951 2370 populos

2352 2404 2648 2461 Ot-cupatos
2700 2395 2751 2447 itt
2796 2394 2974 2459 Irellis,
3036 2392 3309 2446 Poloniam
3365 2395 3634 2449 invasere.
3693 2397 3844 2461 Quid
3879 2398 3949 2449 illi

2355 2485 2603 2548 fecerint,
2636 2500 2895 2539 enarrare
2927 2501 3032 2538 non
3076 2484 3305 2539 sufficio.
3355 2485 3499 2556 Ipsos
3558 2488 3868 2555 interroga,
3909 2489 3950 2541 si

2352 2581 2442 2647 qui
2479 2580 2600 2631 inde
2631 2588 2914 2632 venerunt.
2941 2576 3090 2630 Talia
3122 2588 3245 2630 sunt
3271 2579 3568 2630 munimina
3606 2580 3950 2646 principum,

2355 2672 2483 2724 talia
2519 2670 2765 2733 Consilia,
2795 2671 2920 2724 talis
2962 2679 3046 2724 est
3078 2670 3272 2722 militia
3323 2679 3512 2724 contra
3552 2670 3793 2737 populos
3829 2673 3953 2722 inli-

2353 2763 2520 2816 deles.
2559 2760 2672 2815 lleu
2713 2764 2949 2822 miseris,
2981 2761 3072 2829 qui
3117 2773 3170 2815 et
3219 2763 3415 2816 debent
3446 2773 3497 2815 et
3536 2774 3782 2830 pbsstrnt
3817 2767 3954 2814 sult-

2352 2860 2533 2913 venire
2559 2869 2612 2912 et
2656 2875 2760 2912 non
2817 2858 3040 2911 faciunt.
3105 2856 3214 2910 Nec
3266 2857 3396 2924 ipsis
3437 2855 3608 2909 defuit
3672 2857 3953 2910 advisatio

2353 2962 2478 3005 ante
2528 2963 2763 3019 tempus.
2820 2951 2951 3004 Nam
3005 2961 3059 3004 et
3106 2965 3205 3018 ego
3253 2967 3316 3003 ex
3367 2962 3519 3019 parte
3562 2951 3843 3013 majorum
3903 2963 3955 3004 et

2356 3045 2551 3099 fratres
2590 3045 2785 3108 direxi,
2846 3053 2898 3098 ct
2958 3043 3164 3097 litteras
3218 3041 3498 3111 plusquam
3549 3043 3780 3112 triginta
3817 3059 3952 3096 con-

671 3137 840 3204 niagis
865 3137 928 3188 de
950 3137 1388 3190 Christianorum
1417 3136 1591 3204 gloria
1628 3137 1867 3204 gaudeas
1896 3146 1951 3192 et
1980 3138 2243 3202 exsultes,
2280 3171 2321 3228 ε
2356 3138 2548 3202 scripsi
2585 3138 2673 3190 diu
2725 3148 2850 3192 ante
2896 3138 2960 3190 de
3012 3151 3198 3190 mense
3248 3135 3556 3201 Decembri,
3606 3136 3838 3204 quando
3869 3138 3954 3188 ille

669 3230 885 3283 noveris
908 3269 920 3290 ,
955 3231 1098 3298 quod
1141 3229 1206 3283 de
1237 3229 1436 3299 Cayro,
1475 3229 1546 3285 de
1571 3231 1919 3295 Alexandria,
1957 3241 2009 3285 et
2038 3244 2100 3284 ex
2134 3231 2253 3286 aliis

668 3323 916 3393 partibus
933 3321 1171 3376 Orientis
1191 3323 1443 3377 Saraceni
1467 3338 1794 3378 mercatores
1811 3325 2104 3378 adveniunt
2119 3341 2252 3391 quo-

671 3419 796 3469 Iilret
824 3433 986 3479 anno,
1031 3417 1357 3486 quandoque
1387 3435 1413 3469 a
1447 3416 1672 3472 Sullano
1701 3418 1912 3482 directi,
1937 3418 2002 3471 ad
2040 3417 2249 3481 Caium,

666 3511 732 3561 ad
763 3506 972 3563 Tanam
1004 3520 1057 3564 et
1087 3510 1469 3576 llloncastrum,
1495 3523 1548 3564 et
1575 3510 1638 3563 atl
1666 3511 1799 3564 alias
1818 3510 2250 3565 Christianorum

669 3615 864 3667 terras,
891 3615 943 3656 et
973 3603 1044 3656 ibi
1084 3620 1110 3655 a
1143 3602 1470 3657 Christianis
1495 3603 1837 3657 Christianos
1860 3614 2047 3658 emunt
2079 3608 2252 3673 pretio

669 3711 890 3765 magno,
951 3712 1222 3765 superque
1283 3695 1721 3750 Christianorum
1781 3712 1950 3752 naves
2005 3706 2248 3764 portant,

669 3790 796 3856 quia
828 3789 925 3855 ipsi
986 3803 1090 3842 non
1145 3788 1367 3854 habent,
1430 3789 1494 3840 ad
1556 3789 1785 3856 patriam
1836 3803 2013 3850 suam,
2058 3798 2115 3841 ut
2145 3804 2249 3840 non

667 3883 828 3936 rrrodo
853 3881 1080 3936 Sclavos
1109 3882 1368 3947 habeant,
1416 3880 1508 3934 sed
1545 3891 1600 3934 ut
1637 3882 1895 3936 libentius
1923 3881 2125 3935 faciant
2148 3879 2249 3934 Sa-

671 3990 916 4039 racenos,
977 3975 1413 4029 Christianorum
1459 3975 1801 4044 postmodum
1855 3975 2124 4027 inimicos.
2168 3972 2247 4027 Olr

666 4068 853 4121 divina
915 4067 1151 4136 justitia,
1210 4077 1359 4122 certe
1406 4068 1604 4122 mirum
1654 4075 1762 4130 est,
1808 4081 1979 4135 quare
2037 4075 2246 4119 tantunt

666 4162 900 4216 sustinet
929 4160 1300 4227 Christianos!
1341 4160 1434 4214 sed
1474 4161 1718 4228 quotidie
1759 4160 2076 4229 mysterium
2119 4174 2249 4228 ope-

667 4266 841 4311 ritur.
881 4257 1142 4324 Exspecta
1199 4269 1511 4325 parumper,
1543 4254 1866 4308 venerabilis
1898 4266 2070 4322 pater,
2104 4253 2245 4306 aliud

667 4351 859 4403 audire
897 4348 1165 4412 mirabile,
1193 4346 1624 4416 dt-lectabileque
1668 4362 1770 4400 non
1810 4361 2019 4415 parum.
2051 4343 2247 4398 Teucri

666 4457 773 4495 non
813 4441 1010 4495 habent
1039 4457 1210 4505 arma,
1249 4449 1306 4493 ut
1341 4438 1575 4500 dicitur;
1620 4439 1661 4491 si
1717 4450 1770 4491 tu
1805 4439 1982 4493 credis
2010 4439 2109 4492 hoc
2142 4440 2244 4491 inr-

2365 3231 2588 3295 parabat
2619 3231 2916 3284 exercitum
2952 3241 3139 3285 contra
3177 3232 3355 3297 ipsos;
3393 3240 3446 3282 et
3473 3230 3570 3282 has
3597 3230 3667 3282 ad
3702 3229 3952 3295 impera-

2364 3331 2535 3376 torem
2561 3332 2615 3376 et
2639 3323 2810 3376 duces
2841 3323 2990 3384 misi,
3013 3335 3148 3389 quas
3175 3330 3229 3375 et
3256 3322 3562 3374 habuerunt
3589 3334 3644 3374 et
3669 3322 3952 3388 legerunt,

2365 3429 2464 3467 nec
2495 3423 2849 3477 curaverunt,
2879 3423 3039 3482 prout
3070 3412 3247 3466 exitus
3277 3413 3391 3481 ipse
3427 3413 3796 3465 demonstrat.
3831 3414 3954 3468 Cla-

2364 3506 2546 3560 mabat
2576 3507 2738 3559 etiarn
2771 3507 2821 3560 in
2856 3516 3146 3574 conspectu
3178 3507 3322 3573 regis
3386 3513 3438 3558 et
3468 3505 3782 3573 principrrnr
3826 3507 3952 3557 tuba

2364 3599 2450 3652 illa
2481 3598 2575 3653 Dei
2607 3598 2774 3652 frater
2802 3597 3038 3652 Jacobus
3064 3606 3273 3660 noster,
3309 3597 3496 3664 eisque
3525 3595 3580 3648 in
3618 3595 3822 3650 faciem
3864 3597 3949 3647 in-

2356 3691 2530 3761 jurias
2601 3691 2918 3760 irrogabat:
2958 3690 3115 3752 Ecce,
3173 3689 3378 3752 diciens,
3445 3688 3656 3752 miseri,
3709 3690 3948 3754 patriam

2361 3796 2596 3838 vestram
2627 3783 2789 3837 alieni
2812 3783 3066 3851 spoliant,
3089 3798 3286 3838 uxores
3315 3792 3524 3836 vestras
3556 3781 3608 3835 in
3638 3795 3950 3849 coxispectu

2362 3885 2542 3931 vestro
2582 3875 2912 3943 vituperant,
2951 3882 3005 3929 et
3048 3874 3252 3927 ducunt
3293 3883 3347 3927 et
3386 3873 3584 3927 fratres
3615 3881 3671 3925 et
3719 3873 3868 3927 filios
3901 3875 3947 3925 in

2359 3965 2592 4031 catenis,
2626 3981 2724 4021 nec
2770 3967 2999 4022 curatis.
3051 3964 3156 4033 Ipsi
3211 3979 3337 4020 vero
3383 3965 3496 4019 haec
3529 3976 3585 4020 et
3615 3966 3822 4020 similia
3859 3985 3952 4020 an-

2358 4057 2569 4112 dientes
2606 4066 2660 4110 et
2717 4057 2980 4119 ridentes,
3041 4058 3388 4117 insensibiles
3458 4059 3812 4112 videbantur.
3884 4062 3947 4114 Et

2357 4151 2498 4220 quod
2542 4150 2661 4219 plus
2692 4159 2794 4212 est.
2840 4150 3091 4204 doruinus
3132 4161 3321 4203 noster
3378 4165 3514 4218 papa
3553 4153 3948 4206 sanctissimus

2359 4258 2584 4297 munera
2646 4243 2727 4296 eis
2779 4241 2926 4295 misit
2980 4249 3207 4304 acterna,
3282 4243 3675 4311 indulgentiam
3736 4246 3947 4300 scilicet

2356 4341 2728 4404 peccatorum,
2768 4332 2811 4385 si
2844 4333 2934 4401 qui
2972 4343 3158 4387 contra
3191 4333 3436 4389 inﬁdeles
3483 4351 3636 4390 arma
3675 4341 3946 4407 sumpsis-

2357 4436 2500 4480 sent.
2527 4426 2753 4492 Quando
2802 4426 2988 4495 igitur,
3048 4426 3266 4496 quando
3319 4429 3711 4483 excitabantur
3763 4434 3945 4486 miseri

667 4533 923 4602 possibile
949 4532 1085 4597 fore,
1135 4548 1257 4586 cum
1327 4539 1507 4585 tantas
1562 4531 1994 4583 Christianorum
2047 4531 2249 4597 patrias
2285 4533 2332 4591 υ
2358 4515 2754 4571 Christiaui‘IO
2794 4518 3014 4587 quando
3071 4520 3174 4572 erit
3234 4529 3442 4588 tempus
3475 4520 3647 4574 illud?
3673 4524 3721 4576 si
3759 4525 3946 4578 videro

668 4628 1132 4692 exspoliaverint;
1185 4641 1313 4680 ecce
1361 4625 1674 4679 veniuntde
1727 4623 1877 4677 italia
1921 4631 2251 4676 mercatores

666 4721 866 4785 Latini,
894 4730 947 4775 et
981 4720 1194 4782 Veneti,
1222 4728 1276 4773 et
1314 4716 1635 4780 Janucnses,
1657 4725 1710 4772 et
1742 4717 1940 4779 caeteri,
1961 4725 2014 4770 et
2042 4731 2106 4769 ex
2141 4730 2253 4767 rna-

666 4832 764 4882 gna
793 4815 1031 4881 ipsoru'n
1064 4811 1268 4879 pietate
1319 4819 1372 4861 et
1421 4810 1595 4879 gratia
1635 4815 1824 4860 c0ntra
1875 4805 1953 4859 fas
1999 4814 2051 4858 et
2080 4804 2252 4867 nefas,

665 4907 846 4969 galeas
911 4914 963 4957 et
1013 4918 1178 4958 naves
1235 4903 1443 4970 plenas,
1509 4919 1610 4952 non
1667 4899 1948 4963 ferro,sed
1999 4897 2251 4967 chalybe,

667 5007 884 5064 portant
909 4998 958 5049 itt
982 4996 1313 5048 abundantia
1346 5004 1514 5057 tanta,
1538 5001 1595 5047 ut
1627 4995 1708 5046 vix
1741 4995 1957 5046 credam
1985 4993 2035 5045 in
2071 4992 2248 5060 aliqua

667 5092 888 5143 civitate
913 5089 1080 5142 Italiae
1136 5091 1189 5142 in
1249 5100 1356 5141 tam
1415 5089 1553 5139 bono
1585 5087 1701 5140 foro
1735 5097 1788 5140 et
1823 5087 1872 5138 itt
1909 5094 2056 5138 tanta
2095 5087 2247 5152 capia

667 5184 917 5251 reperiri,
955 5191 1159 5251 quanta
1189 5180 1241 5233 in
1281 5178 1552 5248 Gallipoli,
1594 5177 1725 5232 Pera
1766 5187 1816 5232 et
1859 5177 2246 5246 lladrianopoli

670 5281 976 5347 t‘cperitur;
1011 5277 1264 5341 mentior,
1307 5276 1348 5329 si
1403 5290 1509 5329 non
1555 5274 1663 5328 vidi
1715 5272 1888 5327 oculis
1919 5271 2246 5336 rneis;ctin

669 5372 858 5443 galeis.
894 5372 1095 5440 quibus
1120 5370 1388 5422 venimus.
1421 5366 1526 5422 Sed
1574 5367 1722 5428 audi,
1779 5366 2048 5432 quomodo
2081 5379 2247 5417 excu-

669 5464 901 5519 santur?
930 5480 1034 5515 nort
1060 5460 1288 5515 Teucris
1318 5461 1580 5515 vendunt.
1617 5458 1709 5512 sed
1733 5456 1932 5512 ludatis
1950 5466 2003 5510 et
2025 5455 2249 5520 Graecis,

669 5555 832 5609 etilli
870 5553 1211 5622 postmodum
1266 5551 1373 5604 illis
1428 5551 1663 5618 prOpriis
1727 5549 1978 5602 manibus
2013 5547 2252 5615 largiun-

674 5664 779 5701 .ur.
811 5647 875 5700 Et
905 5649 1026 5708 lroc,
1062 5655 1117 5698 ut
1173 5644 1446 5696 acutiores
1494 5642 1700 5709 gladios
1759 5640 1959 5695 faciant
1995 5639 2058 5692 ad
2093 5637 2250 5691 Cliti-

676 5743 977 5796 stianorum
1008 5738 1216 5792 viscera
1251 5735 1596 5789 effundenda.
1627 5733 1670 5788 Ο
1705 5733 1794 5786 Dei
1824 5733 2015 5801 pietas,
2048 5740 2250 5799 quanta

673 5836 912 5890 Sustinet
941 5833 953 5887 l
987 5841 1191 5902 quanto
1228 5828 1413 5884 differs
1448 5840 1691 5899 tempore
1733 5827 2044 5881 vindicare!
2087 5825 2247 5877 mira-

2357 4611 2530 4664 oculis
2562 4611 2718 4672 meis,
2749 4621 3039 4680 antequam
3073 4611 3294 4664 moriar.
3327 4611 3449 4666 "me
3483 4614 3616 4666 mihi
3661 4631 3817 4684 spes.
3855 4619 3948 4671 Sed

2361 4704 2514 4758 valde
2548 4705 2766 4770 debilis,
2796 4704 2891 4759 sed
2922 4705 3074 4758 valde
3113 4720 3322 4759 remora
3353 4716 3462 4770 est,
3489 4717 3540 4760 et
3569 4723 3714 4776 pene
3756 4712 3951 4780 despe-

2360 4800 2557 4852 rationi
2592 4800 2700 4868 jam
2749 4799 3012 4869 proxima.
3053 4799 3154 4854 Ulri
3195 4813 3337 4854 nunc
3371 4809 3454 4855 est
3512 4815 3747 4870 regnum
3783 4804 3951 4857 Fran-

2356 4891 2454 4945 cia:
2483 4891 2798 4959 gloriosurrr,
2825 4893 2968 4960 quod
2992 4892 3101 4961 jam
3125 4893 3348 4956 antiquo
3377 4904 3616 4961 tempore
3637 4894 3950 4950 Saracenos

2355 5000 2422 5036 ex
2452 4981 2709 5050 Hispania
2740 4982 2987 5053 depulit?
3050 4982 3136 5036 ubi
3204 4985 3496 5053 Anglorum
3552 4987 3806 5052 potentia
3841 5005 3953 5040 ma-

2356 5076 2499 5144 gna?
2560 5075 2684 5129 Haec
2727 5077 2836 5129 duo
2893 5076 2958 5128 ad
3003 5075 3232 5130 invicem
3290 5090 3613 5145 consumpta
3663 5091 3821 5134 sunt.
3853 5083 3950 5139 Ubi

2360 5182 2503 5222 nunc
2539 5169 2847 5236 Aragonum
2874 5182 2991 5232 rex,
3025 5167 3324 5220 infidelium
3359 5169 3564 5236 pavor?
3597 5170 3691 5223 ubi
3721 5175 3948 5242 reliquae

2357 5260 2614 5331 potentia:
2673 5270 2727 5314 et
2771 5261 2950 5315 caeteri
3008 5261 3280 5329 principes
3324 5260 3660 5317 Christiani?
3693 5267 3951 5321 Alamani

2355 5351 2530 5406 odiosi
2557 5361 2683 5406 sunt
2729 5349 2998 5419 llungaris
3025 5359 3077 5404 et
3110 5347 3385 5405 Bolremis.
3421 5350 3660 5419 Hungari
3689 5368 3819 5407 cum
3850 5355 3948 5407 Po-

2356 5446 2494 5499 lonis
2553 5455 2809 5514 pugnant.
2873 5443 3124 5497 Ecclesiae
3170 5453 3416 5512 pastores
3466 5459 3586 5498 cum
3636 5450 3951 5515 pastoribus

2356 5550 2479 5594 sunt
2509 5539 2685 5602 divisi,
2724 5538 2952 5592 barones
2995 5553 3114 5591 cum
3179 5538 3494 5601 baronibus,
3541 5539 3798 5595 civitates
3828 5556 3948 5594 cum

2358 5635 2669 5688 civitatibus
2723 5635 2952 5687 invicem
2983 5647 3042 5688 se
3086 5643 3436 5698 consumunt,
3493 5634 3565 5688 ita
3605 5645 3681 5697 ut,
3718 5637 3764 5689 si
3803 5636 3949 5690 nulla

2357 5729 2422 5779 ab
2455 5727 2762 5779 extrinseco
2819 5726 2985 5778 altera
3046 5725 3349 5794 persecutio
3401 5725 3689 5789 inferatur,
3728 5728 3946 5780 sibimet

2358 5819 2624 5876 stilliciant
2655 5819 2720 5875 ad
2752 5820 2989 5874 ruinam.
3024 5818 3086 5874 Et
3109 5829 3164 5874 ut
3193 5821 3414 5876 silenter
3438 5821 3735 5885 insinuem,
3766 5822 3948 5883 timeo,
