4168 6434
239 421 378 484 i085

1406 429 1652 492 EPIST.
1699 432 1998 491 CONTRA
2040 432 2365 494 '1‘UliC.-\S.

3350 432 3489 495 1066

229 541 421 602 frater,
451 539 621 593 timeo
663 557 730 596 ne
766 540 874 609 iam
941 553 1157 612 tempus
1205 545 1408 598 ultima:
1439 546 1804 600 tribulationis
1839 556 1878 608 Α
1914 546 2139 599 tendere
2174 548 2238 599 ad
2272 546 2596 602 nocendum.
2625 548 3218 612 Quaiecordialissime
3256 565 3492 604 exoran-

227 629 526 684 advenerit.
561 627 924 686 Vehementer
981 633 1288 702 angustior,
1332 633 1528 688 dilecte
1578 635 1671 698 mi,
1701 636 1801 689 ista

225 721 525 785 revolvere,
581 736 705 775 cum
767 732 820 776 et
873 725 1102 791 plurima
1157 734 1368 779 restent
1417 741 1570 792 teque
1595 726 1802 794 majora

226 812 523 880 praedictis,
576 829 694 882 quae
737 829 804 869 ex
857 817 976 885 ipso
1022 818 1351 873 narrationis
1388 817 1547 871 taedio
1585 827 1805 884 praeter-

224 906 401 959 mitto.

301 1000 426 1055 llzrc
457 1011 635 1055 autem
693 1016 884 1070 pauca,
942 1017 1062 1071 quae
1102 1003 1168 1053 de
1216 1003 1397 1057 multis
1427 1002 1580 1070 quasi
1625 1001 1808 1071 praeli-

230 1091 432 1156 bando,
467 1109 574 1147 non
633 1095 958 1161 explicando
1016 1095 1330 1162 perstrinxi,
1397 1111 1492 1164 pro
1525 1104 1677 1148 tanto
1711 1094 1807 1148 tibi

229 1183 542 1252 signiﬁcare
570 1185 781 1248 curavi,
819 1193 876 1236 ut
928 1187 1107 1255 primo
1155 1186 1269 1239 haec
1314 1195 1570 1253 tanquam
1607 1199 1633 1237 a
1663 1184 1807 1238 ﬁdeli

229 1285 484 1329 narrante
515 1290 637 1332 esse
664 1290 793 1330 vera
819 1291 1144 1344 cognoscas,
1183 1278 1564 1344 cognoscendo
1598 1277 1805 1331 condo—

225 1367 362 1428 leas,
405 1378 456 1420 et
490 1369 614 1422 aliis
672 1370 1015 1437 praedicando
1061 1369 1376 1434 denunties,
1423 1369 1515 1438 qui
1563 1370 1663 1423 ista
1703 1384 1807 1423 non

226 1458 477 1521 credunt,
518 1469 677 1528 alque
703 1459 888 1516 ﬁdeles
931 1463 1164 1526 animas,
1200 1461 1244 1515 si
1285 1476 1404 1530 quae
1443 1463 1807 1527 reperiuntur,

228 1549 282 1602 in
317 1549 517 1604 mundo
533 1560 805 1618 gestantes
831 1553 1038 1606 viscera
1061 1553 1298 1619 pietatis,
1328 1568 1513 1616 orare,
1550 1554 1808 1620 clamare,
1848 1625 1855 1631 ἢ

225 1650 280 1694 et
307 1640 432 1695 ﬂere
459 1653 585 1694 ante
621 1644 784 1711 pedes
830 1643 1028 1698 divinae
1064 1645 1361 1714 Maiestatis
1384 1646 1635 1711 inducas,
1675 1656 1733 1698 ut
1758 1648 1809 1699 iu

223 1743 380 1788 tanto
409 1735 654 1803 periculo
690 1735 804 1790 suis
832 1736 1105 1799 ﬁdelibus,
1143 1737 1224 1789 Vel
1257 1736 1444 1791 saltem
1479 1751 1577 1791 suo
1603 1738 1808 1790 nomini

227 1826 521 1880 subvenire
580 1825 861 1896 dignetur.
912 1827 1046 1880 Nam
1110 1828 1154 1881 si
1178 1827 1273 1880 ab~
1309 1830 1425 1897 ipso
1473 1826 1806 1894 adiutorium

1913 637 2039 689 dum
2097 646 2201 700 est,
2261 646 2318 690 ut
2373 638 2418 692 si
2479 639 2779 692 obsidionis
2837 653 2996 692 casus
3038 639 3320 702 acciderit,
3375 640 3491 707 ipse

1911 727 2129 793 adjuvet
2165 727 2324 790 Deus,
2358 728 2615 796 quoniam
2662 730 2727 782 de
2774 729 2946 794 Italia,
2979 731 3122 783 unde
3178 729 3251 782 illi
3283 729 3489 783 civitati

1912 820 2156 872 siit-curri
2187 819 2407 873 forsitan
2445 821 2734 885 timuisset,
2772 824 3004 876 maxime
3048 837 3075 875 a
3107 823 3327 878 Venetis
3352 862 3366 886 ,
3395 836 3491 890 pe-

1913 911 2057 964 nitus
2087 921 2170 965 est
2204 929 2462 978 securus;
2519 930 2582 969 ex
2634 930 2741 982 quo
2791 930 2894 969 non
2947 915 3186 969 creditur
3233 924 3344 969 toto
3380 930 3491 968 sua:

1913 1013 2154 1070 tetrpore
2183 1005 2304 1057 vitae
2331 1009 2471 1058 hunc
2535 1004 2706 1060 fuisse
2768 1015 2877 1059 tam
2926 1006 3137 1059 fortiter
3168 1006 3488 1067 animatum,

1915 1102 2130 1161 tamque
2183 1095 2501 1164 dispositum
2569 1098 2631 1149 ad
2683 1097 2806 1161 huc,
2868 1097 3138 1166 quomodo
3193 1112 3334 1150 nunc
3373 1109 3489 1160 eSI;

1914 1184 2058 1253 quod
2103 1195 2157 1239 et
2197 1187 2301 1240 alia
2339 1187 2450 1254 iam
2493 1188 2652 1242 dictis
2693 1189 2886 1243 imlicia
2937 1189 3220 1245 manifesta
3267 1191 3495 1244 dcmuu-

1915 1286 2113 1331 strant.
2165 1276 2302 1332 Nam
2338 1280 2560 1350 triginta
2618 1282 2783 1336 millia
2840 1282 3116 1351 piconum,
3164 1282 3496 1350 totidemque

1916 1369 2237 1423 malleorum
2265 1379 2426 1437 atque
2454 1371 2697 1440 palarum
2724 1371 2788 1425 de
2817 1373 2959 1427 ferro
2989 1389 3303 1442 magnarum
3335 1374 3495 1427 modo

1917 1461 2093 1526 parari
2129 1459 2277 1515 fecit.
2335 1461 2415 1515 Tu
2473 1471 2678 1528 autem,
2713 1465 2776 1517 ad
2822 1465 2950 1534 quid
2997 1464 3140 1518 ista?
3183 1466 3492 1519 considera.

1915 1549 2140 1619 Insuper
2175 1567 2447 1620 nunquam
2493 1555 2808 1620 nianducat,
2859 1564 2912 1610 et
2955 1571 3079 1610 raro
3107 1573 3230 1610 cum
3273 1556 3387 1610 suis
3417 1561 3496 1609 lo-

1913 1641 2121 1708 quitur,
2182 1643 2398 1711 quando
2445 1645 2636 1699 civitas
2701 1645 3311 1716 Constantinopolitana
3367 1663 3492 1702 cum

1914 1735 2148 1802 suspirio
2173 1735 2479 1803 proferatur
2527 1738 2580 1792 in
2646 1739 2902 1793 medium.
2954 1740 3019 1793 Et
3044 1756 3151 1794 non
3191 1741 3494 1802 immerito;

1917 1841 2040 1878 cum
2071 1841 2166 1895 per
2198 1829 2372 1896 ipsam
2404 1829 2567 1883 etiam
2603 1831 2766 1884 maris
2798 1833 3093 1901 potentiam
3126 1832 3281 1885 facile
3317 1842 3499 1901 posset

228 1927 471 1973 nostrum
494 1935 598 1973 non
626 1921 831 1984 veniat,
856 1920 1056 1975 frustra
1089 1929 1441 1994 exspectatur
1464 1921 1531 1974 ab
1559 1921 1800 1984 homine,
1839 1911 2208 1986 Bacquirere.
2262 1922 2435 1986 Adde,
2500 1924 2543 1976 si
2594 1925 2722 1993 quid
2776 1927 3032 1994 ponderis
3089 1935 3194 1988 est,
3250 1926 3393 1994 quod
3433 1927 3497 1979 de

230 2012 282 2065 ln
314 2026 422 2080 quo
453 2022 535 2067 est
567 2026 702 2066 vana
745 2012 914 2075 salus,
959 2021 1014 2067 et
1068 2012 1157 2080 qui
1207 1992 1389 2082 sperat
1423 2013 1477 2065 in
1508 2025 1594 2075 eo,
1621 2012 1799 2081 potius

229 2103 568 2158 maledictus.
597 2104 703 2159 Sed
753 2116 806 2158 et
848 2107 962 2160 ha2c
998 2106 1276 2175 potissima
1330 2120 1492 2160 causa
1539 2115 1642 2169 est,
1685 2119 1804 2173 quae

230 2211 317 2250 me
345 2197 437 2251 tibi
472 2199 536 2251 ad
566 2200 662 2253 ista
690 2198 974 2254 scribenda
1009 2199 1323 2263 commovit,
1352 2207 1411 2253 ut
1440 2210 1492 2253 tu
1527 2198 1800 2264 videlicet,

230 2291 322 2358 qui
349 2290 549 2347 Christi
582 2293 784 2362 pietate
813 2304 867 2348 et
910 2294 1214 2348 animarum
1247 2293 1362 2348 zelo
1393 2309 1688 2349 succensus
1722 2306 1802 2360 es,

228 2384 430 2452 quique
459 2385 685 2440 scientia
714 2395 767 2440 et
795 2386 1101 2455 eloquentia
1136 2386 1328 2451 tiores,
1368 2387 1605 2441 litteram
1643 2386 1804 2440 istam

230 2489 391 2542 quam
421 2477 515 2530 tibi
575 2478 828 2543 conﬁcio,
884 2481 1089 2551 dirigas
1139 2488 1194 2534 et
1226 2495 1478 2545 exornes,
1536 2495 1597 2533 ac
1626 2480 1807 2534 debita

233 2575 433 2637 pietate
467 2579 522 2624 et
554 2572 819 2640 gravitate
851 2587 1147 2642 componas
1169 2609 1187 2635 ,
1223 2581 1490 2642 quatenus
1521 2572 1683 2642 digna
1717 2573 1810 2627 ﬁat

228 2659 284 2712 in
344 2671 639 2731 conspectu
693 2677 878 2732 regum
949 2673 1004 2717 et
1057 2665 1362 2733 principum
1415 2677 1695 2730 apparere,
1763 2663 1808 2717 si

228 2750 373 2806 forte
401 2754 626 2807 audiant
657 2764 712 2809 et
735 2765 1131 2809 convertantur
1157 2756 1486 2825 quandoque
1514 2758 1578 2809 ad
1609 2754 1810 2810 Christi

227 2842 357 2900 Jesu
398 2845 646 2914 iniuriam
685 2847 1089 2902 vindicandam.
1118 2848 1234 2902 Nisi
1267 2847 1444 2917 potius
1478 2863 1507 2902 e
1532 2847 1811 2904 contrario

227 2938 580 3009 iudicaveris,
619 2947 770 2993 tanto
800 2941 866 2992 ad
914 2940 1018 2993 sibi
1061 2937 1218 2994 ﬁdem
1254 2940 1590 3007 praebendam
1637 2942 1810 3009 aptio-

230 3044 342 3088 *ειη
361 3047 501 3093 esse,
523 3045 728 3099 quanto
751 3048 852 3085 non
876 3032 1200 3100 composito,
1225 3047 1331 3085 non
1365 3043 1555 3086 ornato
1572 3031 1809 3101 eloquia,

231 3107 324 3176 sed
360 3124 497 3191 stle
524 3123 755 3191 simpl:ci
788 3123 1155 3191 conscriptam
1200 3124 1432 3191 quisque
1463 3122 1809 3188 cognoverit;

233 3218 377 3283 quod
411 3226 579 3269 totum
608 3225 793 3270 vestro
825 3215 1031 3280 judicio
1065 3216 1405 3283 derelinquo.
1447 3213 1610 3268 Facio
1652 3215 1807 3267 ﬁdem

234 3310 439 3374 verbis,
470 3324 574 3362 non
615 3309 890 3380 lacrymis,
916 3324 1024 3363 non
1065 3308 1259 3371 dolori,
1281 3323 1398 3376 qua:
1427 3307 1602 3375 potius
1632 3307 1812 3376 quod-

235 3403 324 3456 die
361 3411 715 3467 renovantur,
751 3416 933 3466 orans,
968 3410 1020 3455 et
1052 3407 1359 3466 protestans
1387 3408 1438 3452 te
1471 3414 1568 3468 per
1606 3398 1811 3452 viscera

231 3492 358 3546 Jesu
389 3491 615 3557 Christi,
650 3503 707 3545 ut
740 3493 854 3546 haec
899 3492 1127 3553 scribas.
1174 3493 1286 3546 hac
1325 3491 1492 3556 dicas,
1528 3493 1642 3544 lucc
1677 3505 1814 3558 pra:-

233 3585 385 3639 dices
417 3585 512 3637 toti
546 3584 767 3651 mundo,
802 3592 856 3639 et
895 3586 1076 3653 parvis
1122 3593 1177 3639 et
1221 3583 1426 3652 magnis
1467 3581 1709 3636 dominis
1760 3592 1812 3634 et

235 3678 506 3748 praelatis,
537 3680 710 3748 utqui
763 3687 989 3747 possunt
1044 3678 1354 3746 pugnando,
1405 3677 1495 3743 qui
1547 3691 1652 3728 non
1690 3689 1814 3742 pus-

241 3782 390 3836 suut,
437 3773 626 3827 saltem
668 3773 875 3827 orando
915 3772 1264 3826 subveniant.
1299 3769 1453 3835 Quod
1501 3769 1542 3823 si
1593 3769 1811 3832 vellent,

236 3864 466 3918 Domino
507 3863 874 3932 permittente,
940 3875 1047 3918 tam
1089 3863 1242 3918 facile
1297 3865 1434 3916 foret
1492 3876 1813 3917 succurrere

236 3967 388 4010 tanto
443 3957 654 4025 morbo,
705 3968 969 4026 quantum
1024 3958 1070 4012 ei
1121 3957 1212 4024 qui
1245 3955 1470 4024 praefata
1502 3953 1811 4024 perlegerit,

236 4048 574 4117 incredibile,
608 4050 715 4103 ἰηιο
742 4048 1074 4119 imposﬁhile
1100 4049 1390 4101 videretur.

311 4140 388 4196 Ds
422 4152 643 4206 caetero,
690 4140 881 4213 frater,
910 4152 1222 4209 compatere
1278 4138 1455 4202 nobis,
1489 4139 1577 4208 qui
1616 4151 1813 4206 supra-

236 4235 381 4289 dicta
433 4236 674 4303 quoﬁdie
716 4235 983 4289 videmus.
1020 4243 1075 4289 et
1138 4235 1447 4300 tangimus;
1504 4243 1816 4300 compatere

239 4327 416 4397 magis
469 4327 684 4382 miseris
740 4326 1050 4397 captivatis,
1102 4341 1333 4397 quorum
1373 4323 1544 4378 multo
1597 4323 1815 4391 gravius

239 4430 323 4475 est
353 4419 652 4490 periculum
684 4423 1012 4484 animarum,
1061 4433 1221 4488 quam
1264 4417 1380 4486 ipsa
1411 4415 1659 4484 corporis
1695 4429 1815 4468 ser-

239 4513 449 4567 vitudo.
475 4511 578 4566 Sed
622 4511 858 4565 maxime
890 4509 1286 4578 compassionis
1318 4508 1520 4576 pietate
1548 4506 1816 4574 liquescat

1906 2011 2156 2065 omnibus
2187 2014 2344 2078 villis,
2379 2015 2692 2070 eivitatihus
2730 2026 2784 2070 et
2821 2016 3059 2072 rastellis
3107 2032 3204 2068 suo
3233 2017 3498 2085 subit-clis

1908 2104 2160 2170 imperio,
2195 2120 2314 2173 qua!
2351 2105 2490 2161 forte
2541 2117 2760 2161 Centum
2819 2108 2982 2162 millia
3037 2118 3187 2173 sunt,
3224 2108 3493 2161 decimam

1906 2210 2202 2264 puerorum
2246 2207 2452 2266 partem
2492 2198 2560 2253 de
2584 2199 2938 2262 Christianis,
2979 2200 3122 2268 quod
3171 2201 3318 2268 prius
3352 2216 3496 2252 nuu-

1908 2304 2067 2356 quam
2099 2286 2321 2355 fecerat,
2352 2305 2523 2360 nuper
2574 2293 2793 2360 accepit
2823 2308 2853 2345 a
2886 2292 3071 2345 decem
3117 2307 3289 2359 uSque
3317 2292 3384 2345 ad
3423 2292 3501 2343 vi-

1910 2378 2043 2447 ginti
2073 2381 2246 2434 aetatis
2274 2395 2474 2450 annos,
2514 2398 2652 2451 quos
2698 2399 2829 2438 suos
2877 2384 3143 2453 speciales
3191 2382 3413 2437 Sclavus
3446 2393 3502 2438 et

1908 2471 2247 2541 Armigeros,
2302 2484 2354 2528 et
2399 2477 2542 2543 quod
2591 2476 2746 2545 peius
2782 2486 2889 2541 cst,
2963 2479 3267 2531 Saracenos
3296 2476 3497 2531 effecit.

1913 2559 2066 2617 Unde
2101 2564 2388 2620 manifeste
2427 2577 2672 2636 apparet,
2703 2578 2758 2621 ut
2785 2583 3050 2620 summam
3082 2569 3324 2621 omnium
3354 2568 3500 2622 hrcvi

1913 2658 2080 2710 verbo
2119 2660 2464 2723 concludam,
2522 2676 2666 2714 nunc
2724 2659 3101 2715 iufallibilitcr
3135 2661 3339 2713 instare
3371 2670 3505 2713 tem-

1915 2765 2067 2819 pora,
2107 2761 2163 2805 ut
2202 2765 2294 2806 aut
2331 2754 2445 2821 ipse
2475 2754 2720 2808 destruat
2745 2755 3108 2814 Christianos.
3146 2765 3244 2808 aut
3276 2771 3302 2807 a
3343 2754 3506 2808 Chri-

1914 2845 2110 2898 Stianis
2184 2847 2406 2915 penitus
2460 2847 2726 2913 deleatur,
2775 2863 3003 2916 quorum
3067 2848 3297 2915 primunt
3344 2849 3504 2900 vehe-

1915 2948 2127 2992 menter
2154 2953 2416 3007 expaveo,
2450 2941 2680 2993 alterum
2715 2939 2889 3006 potius
2913 2941 3053 2993 Deus
3082 2941 3195 3006 ipse
3215 2941 3497 2995 cont-eda'.

1916 3032 2068 3098 Quod
2106 3043 2286 3087 tamen
2342 3049 2440 3088 nec
2496 3034 2897 3102 desperandum
2951 3048 3053 3090 est.
3103 3034 3237 3088 Nam
3290 3035 3498 3102 publica

1919 3127 2062 3178 inter
2089 3125 2394 3179 Saracenos
2423 3135 2476 3178 et
2503 3125 2740 3178 Teucros
2765 3123 2907 3178 fama
2933 3124 3203 3194 divulgata
3242 3123 3499 3181 defertur,

1840 3255 1882 3313 ϐ
1923 3217 2132 3272 instare
2166 3227 2380 3286 tempus
2411 3219 2796 3272 destructiouis
2825 3233 3039 3283 eorum,
3065 3229 3117 3272 et
3144 3217 3253 3286 iam
3282 3226 3504 3284 praeter-

1918 3308 2066 3374 iisse,
2094 3317 2151 3361 ut
2203 3324 2391 3363 eorum
2427 3310 2671 3378 quaedam
2703 3310 2999 3378 prophetire
3041 3311 3336 3364 declarant.
3395 3309 3500 3364 Sed

1913 3417 1976 3456 ex
2008 3418 2196 3457 eorum
2229 3404 2599 3473 eleemosynis
2631 3414 2684 3456 et
2712 3403 2916 3472 pietate
2949 3404 3001 3456 in
3043 3419 3333 3472 pauperes,
3359 3405 3502 3472 quod

1913 3510 2101 3548 verum
2163 3503 2268 3561 est,
2320 3505 2374 3548 et
2436 3511 2500 3548 ex
2559 3507 2872 3549 nostrorum
2936 3496 3310 3563 castigatione,
3361 3496 3502 3563 quod

1917 3587 2096 3639 verius
2124 3594 2229 3652 est,
2271 3600 2442 3654 usque
2474 3586 2527 3638 in
2556 3601 2799 3655 praesens
2827 3601 2949 3641 esse
2973 3587 3222 3652 dilatum,
3255 3598 3301 3640 et
3328 3588 3505 3640 adhuc

1915 3686 1968 3729 et
1995 3677 2198 3729 diutius
2225 3676 2611 3731 diﬁerenduui.

1985 3765 2029 3822 Ο
2055 3767 2066 3818 i
2090 3770 2177 3822 tibi
2214 3784 2357 3822 nunc
2378 3779 2463 3823 est
2494 3771 2600 3823 dux
2641 3769 2728 3822 ille
2764 3767 3291 3833 Christianissimus,
3322 3770 3500 3832 fortis,

1916 3858 2038 3926 pius
2066 3858 2438 3925 Guttofredus,
2471 3859 2655 3913 Boxon
2702 3861 2818 3928 (sic)
2845 3899 2859 3922 ,
2894 3860 3188 3915 Balduinns
3221 3873 3273 3914 et
3309 3862 3503 3931 reliqui

1920 3950 2197 4017 prim-ipes
2234 3966 2329 4019 per
2361 3951 2567 4005 infinita
2602 3952 2800 4004 saecula
2849 3952 3112 4020 gloriosi?
3147 3954 3236 4022 qui
3292 3954 3496 4007 Christi

1917 4041 2046 4096 Jesu
2078 4043 2388 4111 sepulcrum
2427 4045 2493 4097 de
2536 4044 2834 4098 inﬁdelium
2873 4045 3125 4097 manilius
3161 4043 3506 4097 liberarunt?

1919 4146 1972 4188 et
2007 4144 2061 4188 ut
2093 4135 2253 4204 paulo
2282 4135 2442 4190 altius
2487 4149 2751 4203 repetam,
2789 4137 2876 4190 uhi
2921 4135 3147 4191 Carolus
3181 4137 3270 4190 ille
3308 4135 3504 4189 nobilis

1921 4225 2253 4280 Francorum
2307 4242 2423 4290 rex,
2467 4228 2623 4296 cuius
2677 4228 2958 4282 etelestem
2995 4238 3048 4280 et
3097 4237 3353 4281 :I‘lernatn
3388 4228 3505 4296 glu-

1921 4319 2055 4373 riam
2095 4319 2237 4371 nulla
2264 4320 2466 4372 delebit
2503 4329 2654 4382 tetas,
2697 4320 2954 4387 nullaque
2978 4391 2981 4394 _
3004 4320 3244 4374 oblivio?
3274 4324 3364 4387 qui
3394 4337 3503 4373 non

1922 4407 2082 4462 modo
2140 4407 2457 4462 fortitudine
2511 4419 2566 4462 et
2626 4410 2816 4471 armis,
2881 4425 3067 4464 verum
3127 4415 3296 4463 multo
3331 4413 3503 4480 magis

1919 4501 2206 4570 prudentia
2234 4509 2287 4554 et
2325 4502 2522 4568 pietate
2563 4499 2773 4556 Christi
2806 4500 2936 4556 .Iesu
2971 4502 3223 4570 iniuriam
3257 4503 3502 4557 vindiea-

240 4618 406 4672 supra
460 4601 696 4669 reliquos
742 4600 1105 4662 Christianos,
1147 4612 1286 4664 quos
1338 4607 1487 4650 tanta
1540 4595 1815 4649 cernimus
1853 4613 1896 4666 ι)
1930 4604 2014 4648 tus
2045 4603 2148 4657 est,
2184 4595 2448 4663 cuiusque
2474 4594 2629 4647 fidem
2664 4605 2718 4648 et
2747 4595 2948 4648 cultum
2988 4596 3042 4649 in
3083 4594 3397 4650 Occidentis
3448 4607 3504 4650 ct
3568 4583 3573 4588 ’

245 4694 552 4748 miseranda
583 4693 821 4759 perditos
864 4692 1126 4746 carcitate.
1162 4690 1444 4744 Postremo
1472 4687 1691 4749 fratres,
1724 4688 1816 4756 qui

242 4803 454 4841 mecum
483 4797 608 4839 sunt
636 4801 826 4840 novem
880 4800 1106 4839 numero
1147 4785 1290 4838 inter
1330 4783 1566 4837 novitios
1605 4791 1658 4835 et
1689 4795 1817 4848 pro-

245 4878 436 4941 fessos,
464 4878 569 4931 tuis
592 4888 644 4930 et
673 4877 900 4930 aliorum
933 4885 1142 4945 patrum
1199 4874 1540 4928 orationibus
1577 4887 1636 4926 se
1667 4886 1817 4925 com-

247 4973 529 5024 mendant.
571 4968 743 5035 Quam
783 4971 1015 5022 maxime
1052 4977 1230 5021 autem
1266 4981 1424 5019 orare
1452 4964 1818 5032 complaceat,

245 5077 308 5116 ac
356 5060 474 5116 aliis
528 5062 910 5115 commendare
962 5060 1238 5113 civitatem
1284 5059 1466 5119 istam,
1526 5070 1646 5123 qua:
1670 5053 1818 5107 Teu-

242 5169 398 5206 crum
452 5167 548 5221 pro
608 5168 752 5205 anno
813 5151 1061 5220 sequenti
1111 5148 1584 5204 vehementissime
1645 5147 1816 5208 timet,

240 5249 564 5318 iudicioque
591 5247 832 5301 omnium
891 5245 1049 5299 valde
1105 5243 1400 5298 timendum
1431 5251 1533 5306 est,
1562 5242 1817 5307 quoniam

244 5345 348 5398 tria
386 5343 551 5396 millia
599 5351 752 5394 eteo
796 5338 1028 5407 amplius
1074 5337 1328 5406 iuvenum
1379 5335 1818 5390 Christianorum

242 5431 310 5484 ad
358 5445 510 5483 mare
542 5429 823 5492 conduxit,
881 5440 1086 5495 eosque
1130 5427 1398 5480 instruere
1446 5424 1573 5478 fecit
1615 5424 1822 5493 optime

246 5522 537 5586 remigare,
595 5522 885 5589 galeasque
929 5519 1186 5573 continue
1242 5527 1396 5585 parat
1440 5517 1506 5570 ad
1564 5530 1819 5585 pugnam.

239 5611 400 5679 Quod
439 5612 481 5665 si
516 5611 672 5665 istam
702 5613 974 5665 civitatem
1004 5611 1228 5679 ceperit,
1255 5611 1396 5680 quod
1420 5609 1560 5664 Deus
1590 5617 1822 5672 avertat,

242 5707 346 5759 heu
371 5704 382 5757 l
409 5703 510 5757 heu
533 5704 544 5756 !
569 5705 782 5757 (teli-ris
799 5702 1146 5768 Christianis,
1161 5719 1297 5771 quos
1326 5705 1390 5755 de
1419 5701 1560 5755 facili
1591 5711 1824 5769 postmo-

241 5803 370 5851 dum
403 5811 715 5864 oppugnare
743 5796 970 5873 potcrit,
998 5807 1049 5848 et
1087 5812 1182 5864 per
1213 5811 1358 5848 mare
1389 5807 1444 5848 et
1480 5810 1574 5863 per
1601 5805 1819 5855 terram,

239 5905 364 5947 cum
403 5891 470 5946 ad
506 5905 746 5962 pra-scus
778 5890 1006 5946 alteram
1053 5889 1221 5947 solam
1268 5903 1486 5943 manuni
1525 5887 1696 5959 possit
1728 5902 1822 5944 cx-

1925 4687 2160 4741 Orieutis
2183 4687 2427 4753 partibus
2445 4685 2741 4754 ampliavit,
2760 4694 3019 4754 tantaque
3037 4696 3091 4740 et
3110 4688 3191 4740 sui
3213 4696 3267 4740 et
3284 4703 3511 4740 suorum‘

1925 4777 2102 4833 adhuc
2125 4787 2208 4831 est
2235 4777 2425 4844 gloria,
2460 4788 2518 4830 ut
2548 4777 2722 4846 ipsum
2755 4776 3087 4829 Francorum
3119 4793 3311 4831 nomen
3340 4780 3503 4832 etiam

1927 4869 2183 4923 Barbaris
2244 4869 2488 4923 terribile
2542 4869 2812 4931 videatur,
2870 4884 3167 4937 omnesque
3206 4870 3503 4925 Christiani

1923 4960 2356 5015 Occidentalium
2397 4961 2677 5027 regionum
2707 4977 2800 5029 per
2832 4971 3000 5014 totum
3027 4960 3299 5015 Orientem
3333 4961 3505 5014 Frau—

1924 5071 2110 5108 corum
2191 5054 2412 5107 nomine
2481 5055 2843 5123 appellentur.
2899 5051 2944 5107 Ο
3010 5055 3176 5122 igitur
3234 5071 3388 5125 reges
3453 5065 3506 5109 ut

1923 5148 2198 5216 principes
2229 5145 2549 5210 Christiani,
2584 5147 2789 5214 surgite
2821 5147 2952 5216 iam,
2999 5149 3122 5212 quia
3165 5157 3376 5215 tempus
3401 5158 3501 5198 est.

1923 5240 2090 5293 Adest
2143 5239 2474 5304 exemplum,
2515 5238 2670 5291 adest
2742 5238 2935 5296 honor,
2986 5239 3138 5289 adest
3180 5237 3503 5298 necessitas,

1927 5331 2176 5383 hortatur
2228 5331 2464 5397 iustitia,
2523 5329 2745 5397 religio,
2800 5329 2966 5391 fides;
3018 5343 3147 5382 ecce
3198 5331 3503 5382 communis

1927 5425 2102 5478 hostis
2133 5425 2186 5476 in
2217 5434 2509 5492 conspectu
2545 5432 2651 5486 est,
2692 5423 2786 5491 qui
2828 5432 3016 5476 contra
3045 5422 3323 5477 Chrismm
3349 5429 3509 5489 caput

1926 5517 2118 5580 erexit,
2149 5516 2305 5570 fortis
2351 5515 2403 5569 in
2457 5516 2695 5578 timidos,
2732 5515 2784 5567 in
2828 5515 3062 5567 audaces
3088 5514 3338 5582 pavidus,
3377 5513 3504 5582 quid

1927 5609 2126 5678 agitis?
2158 5608 2335 5670 Vires,
2377 5621 2495 5676 qua:
2527 5619 2635 5659 non
2688 5607 2847 5659 modo
2883 5608 2948 5658 ad
2987 5603 3347 5658 resistemlum
3409 5617 3506 5669 pa-

1928 5703 2107 5772 ganis,
2143 5716 2329 5755 verum
2373 5701 2438 5753 ad
2486 5700 2691 5754 Christi
2727 5683 2940 5752 nomen
2967 5697 3334 5767 ampliandum
3366 5693 3507 5746 salii-

1927 5802 2134 5854 cerent,
2186 5791 2238 5844 in
2294 5805 2390 5844 vos
2445 5790 2783 5850 consumitis,
2829 5789 3074 5855 bellaque
3123 5787 3232 5854 geri
3284 5785 3502 5854 placuit,

1931 5885 2104 5943 nullos
2133 5883 2380 5941 habitura
2411 5883 2733 5951 triumphos.
2767 5883 2938 5949 Unde,
2971 5896 3175 5952 quaeso,
3206 5880 3510 5933 Alexandro
