4168 6434
211 380 346 446 1069

984 380 1467 441 EPHEMERID.
1514 380 1611 440 DE
1643 379 1903 441 CPOI.IS
1940 381 2561 445 EXPUGNATlONE.

3320 354 3456 433 10:0

209 495 513 565 versa,quia
532 490 912 547 salutationem
933 490 1226 544 militarem
1241 490 1445 556 omisit,
1469 489 1781 545 bombarda:
1812 498 1858 553 Α
1966 490 2125 547 Febr.
2151 492 2242 545 26.
2276 489 2393 544 Una
2448 488 2660 540 navium
2701 485 3028 538 Venetarum
3066 500 3184 549 qua:
3219 484 3264 537 vi
3317 487 3457 551 paeti

208 585 638 658 grandiorisictu
669 583 964 653 mergitur;
994 582 1285 637 nauclerus
1322 592 1445 651 post
1475 582 1543 634 14
1563 582 1774 635 dierum

209 677 578 747 captivitatem
607 674 803 729 sultani
840 673 996 743 jussu
1022 673 1088 727 ad
1115 672 1292 742 palum
1313 672 1572 741 adigitur,
1601 673 1778 728 accito

209 769 352 824 inter
370 770 637 834 palatinos
656 763 862 830 scriba,
893 763 1157 817 Dominici
1181 761 1385 817 Maistri
1412 763 1544 827 ﬁlio;
1573 764 1775 831 nautis,

212 865 394 931 paucis
438 858 702 926 exceptis,
748 856 836 923 qui
884 853 1390 921 Constantinopolin
1434 855 1585 908 missi
1630 847 1781 920 soni,

211 968 359 1011 serra
394 967 491 1023 per
540 951 774 1004 medium
806 944 1243 1019 corpus_divisis.
1274 944 1412 998 Sunt
1463 946 1554 1012 qui
1597 944 1781 997 dicant

211 1058 431 1098 causam
474 1040 641 1093 fuisse
668 1037 793 1092 belli
830 1045 1017 1089 cmitra
1047 1035 1277 1089 Venetos
1297 1033 1456 1088 Fabr.
1482 1032 1781 1088 Cornernm

213 1136 414 1190 infecta
470 1148 528 1187 re
558 1127 1022 1197 Constantinopoli
1067 1142 1367 1182 reversum.

290 1223 445 1278 1455.
471 1220 611 1275 Hinc
633 1221 758 1274 inde
775 1219 1048 1295 Barbarus
1066 1232 1155 1272 res
1181 1222 1439 1282 quasdam
1464 1227 1614 1271 extra
1647 1228 1780 1271 tem-

214 1314 362 1384 poris
394 1312 660 1367 rationem
715 1318 926 1364 narrat.
960 1307 1143 1361 Mense
1189 1307 1312 1362 Jan.
1347 1307 1484 1362 N53
1509 1309 1638 1362 sult.
1676 1308 1785 1362 vim

216 1406 525 1471 pedestrem
573 1416 637 1455 ac
701 1399 949 1455 navalem
1010 1397 1302 1452 maximam
1339 1397 1461 1451 urbi
1512 1400 1786 1454 admovet.

218 1494 405 1549 Mense
428 1492 726 1548 Februario
774 1499 1063 1555 tormenta,
1085 1488 1273 1545 decem
1308 1490 1533 1544 millium
1562 1490 1791 1543 cohorte

218 1587 662 1656 stipante,prope
690 1583 881 1638 urbem
907 1581 1145 1637 adducit.
1165 1583 1367 1637 Eodem
1402 1596 1588 1637 mense
1616 1582 1790 1638 Gra'ci

216 1692 339 1728 cum
393 1674 565 1729 tribus
598 1672 830 1742 navigiis
876 1670 1134 1727 Turciam
1182 1674 1421 1735 intrant,
1454 1685 1519 1725 ac
1550 1672 1793 1740 captivos

217 1764 694 1833 Constantinopoli
729 1765 989 1826 vendunt,
1012 1763 1216 1819 sultani
1240 1764 1375 1818 iram
1410 1763 1792 1819 accendentes.

1890 582 2044 638 abire
2069 598 2174 635 non
2194 580 2484 644 debebant,
2515 577 2678 629 ducta
2710 575 2819 628 al‘.
2845 574 3097 627 Davanzo
3116 589 3238 627 emn
3260 573 3291 627 6
3311 575 3461 628 navi«

1895 677 1995 730 bus
2021 671 2373 742 emporeticis
2394 676 2555 723 vento
2574 666 2815 720 secunda
2842 665 3023 733 adjuta
3040 682 3069 719 c
3094 677 3247 733 portu
3266 666 3459 720 evasit.

1970 765 2122 819 Mart.
2162 763 2245 814 tl.
2277 761 2599 830 imperatori
2653 758 2757 813 hoc
2809 758 3120 811 sollicitanti
3160 760 3265 811 duit
3305 759 3465 809 trire-

1899 861 2062 912 mium
2090 855 2421 910 Tanensium
2458 854 2689 921 remiges
2722 866 2849 905 suos
2890 853 2955 903 ad
3001 852 3244 904 lucorum
3284 850 3465 902 muni-

1898 953 2098 1006 tionem
2140 959 2197 1003 et
2228 949 2294 1001 ad
2342 947 2602 1017 palatium
2643 960 2810 1015 prope
2841 954 3053 1012 portam
3091 944 3463 1012 cynegrticam

1897 1036 2425 1095 circumvallandum
2468 1034 2809 1088 adhibendos
2852 1034 3040 1086 tradit.

1968 1130 2132 1183 Mart.
2170 1129 2262 1183 51.
2321 1127 2521 1181 Eodem
2556 1141 2721 1193 porro
2752 1125 2925 1178 sant-ti
2963 1123 3186 1177 Sabbati
3229 1123 3333 1185 die,
3379 1123 3483 1189 qui

1899 1222 2117 1292 quidem
2158 1237 2280 1274 cum
2331 1220 2401 1275 29
2443 1219 2588 1285 Maii,
2624 1218 2715 1285 qui
2758 1217 2944 1271 Martis
2990 1217 3105 1270 dics
3138 1227 3276 1280 erat,
3320 1231 3470 1268 cun-

1901 1314 2070 1383 gruit,
2121 1313 2371 1381 remiges,
2409 1311 2635 1380 jubentc
2668 1308 2854 1371 Diedo,
2886 1307 3045 1362 navis
3098 1315 3349 1375 patrono,
3384 1326 3476 1359 ro-

1903 1421 2016 1459 ram
2050 1406 2378 1472 imperatore
2414 1412 2465 1456 et
2498 1399 2842 1469 magnatibus
2873 1399 3045 1454 fossas
3074 1399 3304 1453 faciunt.

1973 1495 2174 1563 Aprilis
2190 1496 2244 1550 2.
2266 1493 2506 1547 Barthol.
2529 1492 2765 1561 Soligus,
2782 1492 3112 1561 imperatore
3136 1492 3209 1545 ita
3230 1491 3474 1560 jubente,

1906 1595 2094 1653 portus
2138 1585 2340 1639 ostium
2374 1582 2571 1651 Cpolin
2612 1583 2755 1636 inter
2808 1598 2871 1637 ac
2908 1584 3095 1636 l‘eram
3133 1583 3337 1636 famosa
3374 1584 3475 1635 ista

1904 1693 2094 1734 catena
2116 1678 2288 1734 ferrea
2315 1679 2457 1748 (an9
2484 1688 2677 1733 csactc
2697 1676 3045 1747 describitm)
3073 1677 3332 1730 DCt'llltlll.

1976 1770 2299 1839 Imperator,
2328 1782 2563 1838 quatuor
2593 1768 2918 1822 Venetorum
2959 1768 3234 1820 nobilibus
3261 1768 3363 1819 hoc
3394 1782 3480 1817 ru-

292 1856 452 1911 1452.
479 1857 678 1915 Mentio
704 1856 932 1909 duarum
966 1853 1270 1908 triremium
1306 1852 1633 1908 Venetarum
1656 1853 1794 1906 duce
1831 1849 1871 1903 Β
1902 1863 2180 1931 ganiibus,
2200 1870 2433 1931 quatuor
2458 1862 2850 1931 prmripuarum
2882 1860 3031 1913 urbis
3058 1868 3333 1927 portarum
3361 1874 3482 1908 νιιιι-

220 1948 473 2005 Cabriele
519 1948 819 2002 Trevisano
850 1947 1041 2017 Cpolin
1072 1946 1415 2015 appulsarum
1439 1985 1456 2011 ,
1492 1961 1612 2015 quae
1638 1944 1793 2012 jussu

217 2052 448 2096 senatus
500 2041 685 2096 Veneti
739 2042 842 2094 tria
886 2039 1097 2109 navigia
1126 2039 1378 2092 oneraria
1435 2052 1464 2091 a
1500 2038 1634 2093 mari
1661 2038 1797 2093 Δια·
1844 2083 1851 2091 .

220 2135 342 2189 vico
393 2132 635 2204 profecta
666 2132 1086 2189 comitabantur.
1109 2131 1275 2185 Navis
1318 2130 1447 2184 item
1493 2129 1799 2186 Cannensis

220 2239 251 2275 a
312 2239 449 2293 papa
512 2224 679 2278 missa
742 2230 1077 2276 memoratur
1134 2221 1400 2276 lsidorum
1454 2219 1789 2275 cardinalem

220 2318 291 2389 (et
333 2317 590 2388 gardenal
634 2316 697 2370 de
750 2314 939 2385 Rosia)
989 2323 1211 2384 gestans
1261 2321 1320 2369 ut
1374 2322 1663 2383 utramque
1696 2314 1799 2370 Ec-

220 2408 446 2463 clesiam
509 2407 871 2471 conciliaret,
918 2404 1026 2460 200
1086 2405 1387 2475 sagittariis
1444 2406 1797 2476 stipantibus,

218 2498 312 2567 qui
342 2500 531 2551 urbem
576 2502 718 2552 male
776 2496 1015 2550 habitam
1065 2496 1420 2551 defenderent
1450 2512 1464 2562 ;
1499 2506 1623 2551 octo
1671 2498 1799 2550 item

221 2604 394 2644 naves
428 2603 550 2643 cum
591 2596 895 2642 commeatu
917 2600 949 2642 ο
975 2585 1137 2641 Creta
1161 2587 1415 2643 aderant.

294 2679 429 2735 Nov.
454 2681 540 2734 l0.
562 2680 675 2735 Duo
698 2695 890 2749 magna
921 2679 1134 2749 navigia
1153 2697 1183 2735 e
1210 2680 1552 2735 Chersoneso
1567 2678 1799 2733 Taurica

222 2773 504 2828 venientia
568 2774 704 2827 duce
762 2771 1097 2843 Hieronymo
1143 2771 1423 2829 Morosino
1472 2770 1802 2842 (Jeroluemo

225 2863 518 2934 Horcxini)
553 2864 749 2920 Turcis
767 2877 797 2919 e
822 2864 1051 2919 rastello
1068 2864 1437 2919 clamantibus
1456 2873 1512 2918 ut
1528 2863 1801 2917 anchoras

220 2955 501 3024 jacerent,
528 2955 813 3026 aegerrime
848 2954 1163 3011 obedientes
1187 2965 1417 3011 mortem
1447 2965 1631 3010 tamen
1662 2955 1803 3010 etru-

221 3057 441 3117 gerunt.
472 3046 600 3101 Hzec
629 3048 719 3101 ubi
770 3046 1043 3103 Barbarus
1072 3049 1279 3111 retulit,
1332 3048 1523 3102 ordine
1554 3047 1805 3116 protinus

223 3141 619 3207 chronologico
652 3149 710 3195 ut
741 3148 901 3194 antea
934 3141 1307 3209 prOgredttur.

300 3232 427 3287 Dec.
448 3197 528 3287 2.w
548 3231 770 3287 Castelli
798 3197 1017 3287 Turcici
1037 3197 1263 3286 "milites
1295 3232 1617 3301 praesidiarii
1649 3234 1809 3288 trire—
1833 3197 1879 3263 θ

222 3339 366 3379 mem
398 3324 657 3379 Venetam
704 3323 822 3380 .Iac.
858 3322 1001 3380 Coco
1040 3324 1175 3380 duce
1206 3324 1551 3395 Trapezunte
1583 3325 1796 3396 (Trabe-

218 3415 425 3486 xonda)
449 3416 756 3471 venientem
786 3417 925 3471 male
946 3423 1217 3483 tractant;
1250 3433 1368 3487 qua:
1390 3429 1567 3473 tamen
1595 3419 1819 3475 incolu-‘

223 3508 331 3563 nnis
361 3508 554 3575 Cpolin
592 3507 861 3576 pervenit.

299 3599 458 3654 1552.
489 3600 613 3655 Dec.
648 3601 717 3655 i2
744 3608 799 3655 et
850 3602 938 3656 1⁸5.
971 3601 1234 3657 Ecclesiae
1272 3604 1557 3673 utriusque
1587 3603 1719 3658 unio
1754 3607 1806 3658 in

223 3691 285 3746 S.
322 3692 542 3763 Sophim
570 3692 800 3746 ecclesia
835 3693 1153 3748 solemniter
1184 3695 1533 3748 conﬁrmata.
1568 3694 1807 3765 Impera

222 3794 334 3848 tur,
406 3783 703 3839 cardinalis
759 3784 1083 3847 Bassorum,
1142 3786 1432 3856 episcopus
1517 3786 1803 3859 Mitylenes

234 3872 588 3939 (Leonardus
611 3874 886 3946 Citiensis)
915 3887 969 3931 et
993 3874 1308 3931 Graecorum
1343 3878 1579 3932 barones
1611 3880 1664 3933 in
1704 3894 1799 3934 ea-

221 3972 351 4025 dem
403 3970 638 4025 ecclesia
670 3971 738 4025 de
791 3972 1122 4031 necessitate
1171 3972 1477 4035 deliberant
1512 3990 1677 4030 naves
1704 3976 1809 4032 Ve-

223 4072 383 4117 netas
420 4062 474 4116 in
501 4063 768 4118 auxilium
808 4065 958 4118 urbis
988 4065 1284 4119 retinendi.

300 4147 428 4204 Dec.
448 4150 538 4203 14.
558 4152 813 4220 Sequitur
830 4151 1093 4221 quidquid
1127 4153 1245 4207 viva
1275 4166 1404 4211 voce
1424 4170 1488 4210 ac
1514 4157 1716 4225 scripto
1736 4174 1817 4211 m-

224 4253 309 4296 ter
330 4242 1020 4313 eardinalem,episeopum
1052 4244 1491 4317 Mitylenensetu,
1535 4251 1814 4321 magistra-

224 4344 319 4389 tus
349 4333 588 4403 Grmcos,
627 4345 912 4406 prxtorem
942 4335 1232 4398 Venetmn.
1267 4341 1556 4397 naucleros
1622 4358 1687 4397 ac
1743 4343 1805 4398 2i

222 4427 658 4493 spectatissimos
686 4428 738 4482 in
766 4429 901 4484 urbe
943 4428 1098 4505 ‘Cpoli
1154 4431 1385 4487 Venetos
1446 4432 1812 4489 deliberatum

1904 1971 1999 2009 sus
2022 1954 2393 2008 continentem
2421 1952 2726 2007 custodiam
2759 1950 2944 2013 tradit,
2988 1958 3197 2019 portam
3224 1949 3481 2002 Crrsraia

1906 2044 2225 2117 (χρυσῆνῗ)
2267 2044 2524 2098 Catarino
2581 2042 2914 2105 Contarino;
2977 2041 3266 2093 secundam
3319 2037 3482 2089 Fabi.

1905 2140 2180 2204 Curnaro;
2210 2138 2429 2193 tertium
2475 2150 2595 2204 quae
2623 2135 2724 2203 τῆς
2770 2135 2958 2201 limi;
2992 2132 3323 2191 numinatnr,
3368 2130 3482 2182 .Vlr.

1907 2230 2206 2298 Muzenigo,
2236 2227 2659 2283 lllachernarum
2695 2225 2928 2293 denique
2950 2233 3159 2291 portam
3196 2222 3486 2292 Dolphino.

1979 2323 2296 2390 Sequuntur
2327 2320 2545 2396 nomina
2602 2317 2671 2373 68
2713 2317 2973 2370 nobilium
3010 2316 3340 2371 Venetorum
3393 2315 3487 2382 qui

1910 2414 2029 2468 urbi
2075 2415 2313 2469 obsessae
2358 2414 2605 2474 aderant,
2650 2410 2792 2463 inter
2823 2425 2960 2478 quos
2993 2410 3184 2461 auclbr
3218 2406 3490 2476 Ephemeo

1911 2506 2085 2558 ridum
2134 2502 2450 2557 nominatur
2492 2501 2739 2553 medicus
2777 2499 2993 2552 navium
3025 2495 3380 2550 Tanensimu.

1979 2594 2157 2662 April.
2198 2595 2253 2648 5.
2280 2592 2543 2646 Sullanus
2570 2591 2907 2645 Maltuinetcs
2940 2605 3061 2642 cum
3094 2589 3196 2640 itit)
3228 2589 3491 2641 militibus

1906 2686 1942 2739 2
1986 2684 2083 2755 lﬂ
2118 2683 2254 2737 mill.
2294 2681 2410 2735 Ital.
2448 2681 2516 2734 ab
2546 2681 2677 2733 urbe
2702 2688 2883 2732 castra
2918 2686 3174 2729 metatur.

1984 2776 2154 2844 April.
2203 2774 2255 2829 6.
2291 2772 2431 2827 Hinc
2462 2778 2527 2826 ad
2568 2772 2803 2825 Inilliare
2847 2786 3010 2821 unum
3048 2768 3113 2821 ad
3144 2782 3331 2818 murus
3357 2766 3491 2818 mari

1910 2866 2155 2937 objectos
2188 2865 2441 2935 procedit
2476 2874 2531 2918 et
2566 2864 2729 2931 paulo
2761 2862 2963 2915 abhinc
3001 2861 3052 2914 in
3090 2862 3310 2928 regione
3345 2858 3494 2912 urbis

1911 2958 2237 3013 occidentali
2275 2957 2398 3011 inde
2432 2974 2462 3011 a
2489 2966 2640 3026 porta
2674 2957 2855 3008 Aurea
2888 2968 3061 3023 usque
3107 2952 3172 3006 ad
3201 2952 3495 3021 Cynegeti-

1912 3069 2031 3107 cam
2062 3052 2212 3120 per6
2243 3050 2377 3104 mill.
2412 3050 2539 3105 ltal.
2574 3058 2755 3103 eastra
2793 3047 2965 3115 ponit.

1985 3144 2100 3200 Sub
2129 3144 2322 3199 eodem
2357 3143 2442 3198 die
2472 3143 2773 3211 imperator
2817 3156 2939 3194 cunt
2998 3139 3188 3192 multis
3226 3139 3499 3191 nobilibus

1913 3236 2302 3304 equitibusijue
2326 3234 2390 3288 ad
2418 3243 2630 3302 portam
2654 3236 2923 3301 Auream;
2968 3242 3166 3302 praetor
3192 3242 3370 3286 autem
3405 3232 3501 3287 Μί-

1914 3335 2096 3380 nottns
2119 3339 2241 3379 cum
2272 3323 2523 3393 plurimis
2542 3322 2763 3377 Venetis
2793 3323 3189 3378 mercatoribus
3218 3324 3269 3374 in
3300 3323 3502 3391 palatio

1916 3416 2271 3487 imperatorio
2296 3417 2415 3470 loca
2431 3430 2526 3468 sua
2556 3431 2853 3483 occupasse
2881 3417 3192 3470 traduntur.
3234 3414 3500 3483 Legimus

1914 3511 2138 3578 insuper
2170 3508 2316 3578 quod
2354 3523 2584 3575 magnus
2617 3506 2755 3571 Dux,
2791 3508 3027 3574 primunt
3068 3508 3367 3559 serumlunt
3404 3507 3503 3557 im-

1914 3612 2222 3669 peratorem
2267 3603 2442 3655 locmn
2506 3613 2702 3655 tenens
2761 3600 2940 3669 portui
2993 3600 3231 3666 prml'uit,
3277 3600 3365 3653 ubi
3406 3600 3505 3652 ibi)

1913 3696 1963 3750 ei
2006 3696 2131 3764 equi
2169 3696 2342 3764 parati
2372 3695 2629 3757 stabant;
2659 3694 2803 3761 quod
2843 3693 2980 3746 muri
3009 3691 3269 3746 maritimi
3320 3704 3505 3745 (Ἥδιο-

1914 3787 2003 3842 dia
2032 3787 2318 3841 monachis
2344 3788 2480 3840 duce
2507 3784 2755 3841 Manuele
2783 3786 3017 3853 Ciagaru
3041 3785 3290 3853 (Ἴςιγρον
3320 3784 3498 3838 (Ζηνί-ί

1914 3876 2215 3948 appellant)
2247 3891 2310 3931 ac
2349 3874 2631 3945 Neopbyto
2683 3872 2958 3929 Rhodensi
3011 3873 3306 3926 commissa
3370 3872 3502 3935 fuit;

1913 3970 2057 4039 quod
2081 3969 2318 4038 denique
2344 3968 2449 4022 alia
2474 3968 2719 4035 qutedam
2752 3966 2903 4020 urbis
2928 3964 3074 4033 regio
3100 3966 3351 4033 Dorgauo
3388 3967 3503 4033 (qui

1915 4062 2102 4131 procul
2150 4062 2314 4116 dubio
2356 4062 2495 4115 idem
2536 4069 2623 4115 est
2666 4074 2789 4115 cum
2844 4059 3091 4128 principe
3142 4058 3420 4122 Ot'cltann)
3455 4068 3511 4111 et

1919 4155 2389 4210 mercenariorum
2412 4152 2625 4208 cohorti
2652 4152 2954 4207 Turcarum
2986 4152 3079 4223 qui
3112 4166 3138 4205 a
3171 4154 3390 4206 sultano
3417 4154 3511 4203 de-

1917 4248 2185 4311 fecerant,
2219 4247 2576 4303 custodienda
2608 4245 2709 4300 fuit
2735 4246 2932 4299 tradita
2961 4262 2974 4299 :
3011 4262 3133 4315 qum
3161 4245 3342 4300 omnia
3368 4245 3511 4299 sit-ut

1917 4341 2023 4395 alia
2056 4355 2181 4410 quae
2209 4341 2367 4395 modo
2400 4340 2709 4403 retulimus,
2747 4354 2876 4393 cum
2921 4336 3212 4392 Phrantza:
3247 4337 3510 4391 relatione

1920 4448 2251 4503 comparare
2280 4448 2342 4487 ac
2380 4433 2665 4489 discutere
2701 4432 3150 4503 superscdemus.

224 4518 361 4584 fuit,
399 4519 753 4590 additumque
808 4522 1092 4577 decretum
1124 4534 1182 4579 ut
1218 4536 1533 4580 memorata:
1559 4527 1814 4585 triremes
1843 4537 1894 4598 ι)
1994 4523 2194 4579 Eodem
2225 4525 2314 4578 die
2365 4525 2668 4594 imperator
2693 4524 3018 4580 classiarios
3071 4526 3163 4594 qui
3206 4536 3316 4581 tres
3347 4543 3512 4596 supra
3596 4520 3599 4525 ’

226 4608 555 4680 Byzantium
611 4627 679 4666 ne
716 4612 1112 4681 relinquerent.
1143 4613 1325 4685 (Conl'.
1356 4613 1617 4671 Phrantz.
1658 4618 1813 4687 238.)

302 4701 432 4757 D.c.
478 4703 666 4759 17-20.
717 4703 1158 4760 Duodecim-viri
1199 4706 1460 4761 nobilium
1485 4708 1815 4765 Venetorum

226 4805 358 4864 post
380 4804 647 4851 maturam
672 4796 1120 4852 deliberationem
1145 4799 1450 4852 decernunt
1476 4814 1581 4869 qua
1607 4802 1819 4857 ratione

227 4903 299 4943 ac
334 4891 495 4943 modo
536 4902 727 4944 recens
769 4890 986 4943 decreta
1028 4891 1246 4944 senatui
1279 4888 1490 4947 Veneto
1521 4892 1818 4949 deferenda

222 4982 364 5036 sint.

308 5072 469 5127 M55.
504 5071 631 5129 Jan.
656 5072 747 5127 26.
779 5071 974 5128 Veneti
1003 5089 1126 5130 cum
1162 5075 1497 5145 imperatore
1524 5076 1817 5145 paciscun-

227 5175 342 5227 tur.
386 5180 447 5220 ea
481 5167 598 5235 lege
632 5175 693 5220 ut
732 5167 971 5235 ipsorum
998 5182 1168 5224 naves
1197 5168 1317 5224 sine
1345 5150 1507 5239 hujus
1544 5170 1817 5240 permissu

225 5258 423 5311 urbem
452 5273 517 5312 ne
540 5259 821 5323 deserant,
852 5268 905 5314 et
936 5270 995 5315 ut
1015 5262 1284 5317 onerandi
1310 5276 1406 5318 eas
1429 5272 1595 5333 atque
1617 5278 1821 5318 exorteo

226 5348 392 5403 randi
419 5349 653 5405 facultas
686 5352 766 5406 eis
792 5365 1011 5421 semper
1040 5363 1242 5424 praesto
1268 5356 1360 5411 sit.

301 5442 510 5498 Eodem
566 5443 653 5498 die
707 5444 1076 5513 Justinianus,
1119 5446 1306 5502 Genua
1362 5448 1647 5518 profectus
1695 5467 1818 5508 cum

224 5536 450 5590 duobus
512 5536 745 5605 navigiis
790 5548 845 5593 et
879 5539 983 5594 700
1016 5540 1281 5598 militibus
1317 5532 1644 5609 auxiliariis,
1673 5545 1823 5601 venit

223 5628 450 5698 Cpolin,
475 5637 530 5683 et
565 5630 636 5685 ab
668 5630 999 5698 imperatore
1030 5633 1140 5687 dux
1168 5633 1447 5703 cupiarum
1486 5634 1821 5705 pedestrium

226 5730 286 5775 et
322 5717 618 5789 pracfecms
662 5719 814 5774 urbis
848 5718 1211 5781 occidentalis
1251 5724 1321 5781 ab
1352 5725 1600 5783 exercitu
1654 5726 1823 5782 sulta-

238 5814 363 5869 nico
396 5821 717 5885 oppugnatas
746 5816 1079 5872 declaratur.

1922 4620 2097 4673 dictas
2125 4615 2458 4671 Venetorum
2501 4618 2764 4671 triremes
2794 4617 3102 4683 Tanenses,
3152 4630 3209 4672 ut
3270 4629 3318 4672 et
3378 4622 3513 4673 duas

1920 4711 2075 4775 alias,
2096 4710 2292 4777 quibus
2317 4710 2646 4764 Trevisanus
2668 4721 2924 4779 prmerat,
2953 4712 3167 4780 agmine
3207 4712 3350 4765 facto
3383 4728 3509 4778 pm—

1921 4803 2118 4859 cedere
2143 4803 2330 4871 jussit,
2359 4810 2495 4857 utet
2520 4802 2674 4857 urbis
2703 4803 2899 4858 incolis
2928 4805 3171 4859 animum
3199 4806 3425 4859 adderet
3458 4817 3511 4859 et

1925 4897 2177 4953 hostibus
2215 4907 2421 4951 metum
2456 4896 2732 4966 injiceret.

1997 4991 2125 5060 Apr.
2170 4990 2224 5046 9.
2277 4989 2555 5045 Conciune
2608 4998 2909 5043 convocata
2956 4990 3025 5043 de
3057 4988 3232 5044 classe
3261 4989 3398 5043 bene
3432 4999 3515 5043 at-

1920 5097 2028 5151 que
2089 5083 2294 5136 utiliter
2361 5079 2669 5135 adhibenda
2737 5081 3063 5136 deliberant.
3131 5080 3261 5135 lude
3316 5098 3511 5135 novom

1921 5186 2014 5227 aut
2080 5175 2270 5235 decem
2334 5188 2502 5227 naves
2563 5173 2884 5240 grandiores
2941 5190 3046 5227 una
3107 5189 3230 5226 etnn
3288 5176 3514 5227 tlut'ilens

1923 5266 2311 5320 nominantur:
2354 5266 2410 5337 (ὃ
2462 5265 2806 5331 Cannenses,
2839 5268 2874 5321 '5
2923 5266 3239 5325 Cretensms.
3276 5265 3299 5319 i
3337 5268 3516 5321 Anco-

1925 5358 2191 5423 nensis,l
2234 5358 2657 5427 imperatoria);
2702 5373 2823 5429 qua:
2868 5373 3060 5415 omnes
3096 5359 3381 5414 certamini
3432 5359 3515 5413 fu-

1924 5465 2048 5506 turo
2082 5451 2370 5506 destinata:
2414 5467 2671 5521 magnam
2708 5461 2898 5522 portus
2927 5461 3177 5507 catenam
3245 5452 3472 5522 cingunt
3496 5494 3513 5517 ,

1919 5545 2047 5598 dum
2081 5545 2132 5598 in
2166 5544 2438 5613 superiori
2479 5554 2666 5612 portus
2689 5544 2911 5613 regione
2943 5544 3005 5597 l7
3049 5544 3168 5599 aliae
3226 5558 3517 5599 reservan-

1925 5647 2043 5701 tur;
2072 5637 2216 5691 iuter
2239 5652 2333 5692 cas
2363 5637 2397 5691 3
2429 5636 2681 5692 triremes
2706 5637 2987 5693 Tanenses
3007 5653 3132 5692 cum
3156 5639 3367 5693 duabus
3390 5637 3515 5692 aliis

1929 5723 2263 5781 Venetorum
2334 5728 2611 5782 communi
2669 5728 2952 5783 securitati
3000 5739 3356 5793 consecratae,
3394 5739 3448 5783 et
3480 5729 3516 5783 5

1929 5819 2298 5890 imperatoria:
2327 5819 2472 5879 malo
2508 5819 2788 5893 armisque
2823 5820 3111 5879 denudatm
3138 5831 3510 5878 recensentur.
