4168 6434
666 315 791 379 1071

1584 327 1895 389 NICOLAI
1940 332 2281 392 BARBARI
2327 333 2662 394 PATRICII
2709 334 2990 395 VENETI

3802 335 3926 400 1072

735 432 914 499 April.
974 434 1058 489 11.
1095 432 1358 490 Su'tnms
1392 453 1663 495 tormenta
1692 457 1817 500 ante
1860 465 2043 503 muros
2107 453 2241 505 mari
2271 460 2322 517 Α
2354 452 2585 505 tantibus
2608 453 2820 507 duabus
2848 453 3166 507 triremibus
3187 463 3383 508 armat.
3416 454 3522 509 Sed
3546 457 3918 513 Genuenaium

658 523 939 591 (minutulos
978 528 1371 595 quadripartito
1415 535 1569 599 ponit
1633 538 1731 602 (cf.
1787 537 2109 607 Phrantzca,
2142 545 2231 611 qui

657 616 848 669 scribit
877 632 889 669 :
925 617 1015 670 Ἐν
1049 619 1237 681 τόποις
1266 623 1527 695 τέσσαρσι
1561 629 1655 680 καὶ
1692 628 1823 681 δέκα
1850 631 1918 682 τὰ
1944 633 2097 703 τείχη
2131 638 2229 703 τῆς

666 708 878 769 Πόλεως
903 709 1179 780 ἔτυπτοι).
1215 714 1348 767 Tres
1380 718 1576 771 deinde
1615 721 1922 777 bornbarda:
1957 729 2020 779 ad
2055 728 2231 795 impe-

661 802 860 855 ratoris
908 804 1167 871 palatium
1219 804 1648 875 illarhernense;
1698 814 1827 889 item
1891 826 2002 870 tres
2038 830 2229 872 contra

658 903 870 959 portatu
904 896 1006 963 τῆς
1053 898 1277 966 llr-pm“
1315 904 1435 954 dua:
1493 902 1545 956 in
1611 916 1820 971 portam
1862 910 2121 977 Auream,
2174 923 2231 969 et

655 994 887 1046 ipiatnor
923 986 970 1037 in
1001 985 1057 1039 S.
1092 985 1320 1040 Romani
1359 1000 1563 1057 portam
1591 994 1811 1049 directae
1841 1010 2006 1065 sunt;
2038 1016 2067 1054 e
2105 1003 2229 1069 qui-

654 1073 755 1126 bus
796 1074 983 1144 ingens
1018 1076 1105 1131 illa
1140 1077 1277 1133 1200
1309 1080 1568 1137 librarum
1603 1095 1656 1139 et
1692 1088 1797 1140 alia
1826 1089 1931 1144 800
1962 1092 2222 1146 librarum

656 1177 1041 1222 Ittctnorautur.

722 1254 893 1323 April.
923 1256 1007 1310 12-
1026 1258 1107 1314 l7.
1138 1260 1466 1319 Duodecimo
1490 1266 1575 1319 die
1604 1269 1733 1337 Apr.
1762 1268 1895 1338 (sec.
1918 1272 2225 1330 Phrantzen

651 1348 841 1416 quinto
874 1348 1103 1419 decimo)
1152 1354 1346 1408 classis
1391 1354 1691 1412 Turcarum
1724 1376 1754 1415 e
1787 1364 2007 1431 regione
2037 1378 2226 1435 portus

648 1446 920 1515 Cpolitaui
965 1451 1233 1507 anchoras
1276 1454 1444 1523 jacit;
1497 1456 1675 1526 cujus,
1710 1454 1948 1511 Barbaro
1975 1469 2222 1522 auctore,

652 1552 911 1593 numerus
932 1539 1032 1595 fuit
1052 1541 1174 1607 MS,
1192 1558 1222 1597 e
1240 1546 1431 1612 quibus
1454 1545 1519 1598 12
1537 1546 1785 1599 triremes
1808 1546 1962 1614 plane
1979 1556 2222 1615 armatae,

650 1626 823 1681 70-80
850 1628 1079 1686 liburnm
1127 1633 1387 1703 majores,
1419 1633 1586 1690 20-945
1626 1639 1963 1705 parandarize
2000 1638 2221 1709 (onera-

652 1720 745 1773 riae
796 1721 846 1774 in
898 1720 1023 1776 brili
1076 1725 1281 1795 nsunt),
1344 1739 1555 1782 caetera:
1609 1731 1867 1785 actuaria:
1913 1732 2220 1785 traduntur.

2354 543 2544 596 Peram
2590 545 2946 598 habitantium
3010 543 3293 611 praefectus
3345 562 3407 600 ea
3441 549 3507 599 de
3556 563 3615 602 re
3646 550 3918 602 suitanaut

2343 636 2631 689 certiorem
2656 634 2782 689 facit
2806 653 2819 699 ;
2841 650 2904 689 ac
2920 634 3236 690 Genuenses
3252 637 3375 705 ipsi,
3404 638 3654 692 homines
3673 638 3920 705 perﬁdis’

2341 727 2489 788 simi,
2511 709 2639 779 cuni
2670 726 2897 780 ducibus
2938 725 3158 780 Venetis
3178 730 3342 781 hosce
3368 740 3687 797 permovent
3718 740 3918 795 mpro-

2342 818 2574 883 positum
2608 833 2872 871 conamen
2909 819 3001 871 alii
3051 818 3198 871 nocti
3242 829 3605 881 reservarem,
3657 820 3916 872 auxilium

2339 923 2496 963 suum
2534 910 2858 977 pollicendo,
2887 925 2944 963 re
2974 925 3098 962 vera
3128 918 3309 963 autem
3327 909 3521 964 Turcis
3558 911 3822 966 omnibus
3848 914 3920 963 ri-

2340 1000 2494 1054 ribus
2519 1002 2775 1054 auxilium
2817 1001 2999 1055 laturi.

2406 1092 2579 1160 April.
2631 1091 2822 1145 25-27.
2876 1093 2989 1144 Hoc
3034 1091 3293 1160 temporis
3328 1091 3615 1145 intervallo
3675 1106 3793 1159 quo
3837 1091 3910 1145 nil

2335 1193 2637 1236 memoratu
2659 1182 2881 1251 dignum
2907 1182 3124 1248 accidit,
3156 1182 3423 1237 Barbarus
3447 1182 3747 1235 infortunia
3783 1182 3917 1236 ulte-

2334 1275 2475 1329 riora
2536 1273 2788 1329 Numinis
2836 1273 3005 1327 divini
3064 1274 3323 1327 ultionem
3373 1288 3494 1327 esse
3537 1274 3803 1340 opinatur
3849 1276 3917 1326 ob

2335 1374 2555 1433 peccata
2604 1380 2833 1432 quorum
2862 1372 2993 1418 aetas
3027 1365 3126 1418 ista
3165 1378 3256 1417 rea
3286 1372 3453 1418 esset.

2404 1457 2572 1526 April.
2604 1456 2693 1513 28.
2730 1456 2802 1510 Ea
2825 1467 2983 1511 nocte
3007 1457 3127 1510 dua:
3151 1455 3402 1510 triremes
3419 1455 3586 1511 Gabr.
3616 1456 3918 1511 Trevisano

2332 1562 2383 1604 et
2418 1548 2563 1604 llier.
2595 1549 2866 1604 Μοτοείηο
2906 1548 3088 1616 equite
3131 1556 3295 1614 atque
3326 1546 3446 1602 Jac.
3482 1548 3631 1602 Coeo
3661 1548 3915 1611 ducibus,
4000 1555 4017 1569 ‘

2332 1640 2633 1695 Turcarum
2665 1652 2830 1693 naves
2862 1637 2915 1690 in
2949 1644 3107 1705 portu
3136 1637 3261 1705 igne
3282 1639 3559 1692 cremandi
3602 1653 3704 1708 spe
3744 1640 3916 1693 desti-

2334 1739 2583 1783 tuuntur.
2616 1726 2811 1782 Fusius
2844 1727 2894 1780 id
2926 1741 3193 1781 conamen
3224 1726 3498 1783 Barbarus
3528 1743 3692 1798 quam
3727 1731 3914 1784 ceteri

652 1810 766 1863 lluc
799 1810 938 1865 addc
980 1813 1250 1883 navigium
1272 1819 1584 1871 onerarium
1618 1820 1783 1873 anteis
1808 1821 1982 1891 globis
2006 1821 2221 1889 (verisi-
2260 1834 2301 1888 υ
2332 1834 2523 1873 omnes
2575 1828 2787 1872 narrat.

649 1901 830 1955 milius
859 1914 1042 1958 autem
1089 1904 1353 1973 lapidibus
1389 1909 1807 1979 projectilibus),
1843 1912 2069 1966 materie
2105 1913 2219 1967 bel-

648 1994 749 2047 lica
782 2008 1034 2049 onustum
1085 1996 1402 2066 Sinoiiense.
1447 2000 1653 2057 Classis
1690 2001 1919 2058 'l‘urcica
1958 2005 2114 2071 lange
2153 2005 2221 2059 ab

646 2086 777 2139 urbe
798 2085 1304 2144 littosAnatolicum
1331 2101 1498 2148 tenet.
1522 2094 1625 2157 Qui
1659 2096 1708 2149 in
1740 2098 1873 2151 urbe
1901 2098 2221 2152 obsidentur

646 2182 1047 2250 aggressionem
1084 2184 1315 2239 hostium
1350 2186 1401 2240 in
1437 2192 1605 2242 armis
1628 2192 1847 2245 assiduo
1871 2203 2215 2259 exspectant.

641 2271 791 2327 intus
856 2286 1054 2343 praeter
1132 2285 1401 2335 tormenta
1462 2284 1830 2338 indesinenter
1893 2288 2110 2354 explosa
2167 2295 2221 2339 et

647 2366 789 2419 leves
832 2378 1018 2420 contra
1064 2365 1395 2429 J.-nissarios
1457 2388 1661 2445 pugnas
1716 2377 1852 2432 nihil
1915 2387 2218 2432 memoratu

652 2458 701 2505 lit
744 2456 982 2522 dignum.

710 2548 879 2616 ΛιηῚΙ.
909 2548 992 2604 18.
1028 2550 1098 2604 Ea
1126 2566 1246 2620 qua:
1276 2554 1415 2608 diem
1446 2556 1646 2621 Aprilis
1674 2558 1942 2621 decimum
1967 2567 2217 2613 octavum

642 2642 918 2707 ltrtttcusail
944 2652 1102 2698 nocte
1121 2647 1401 2714 aggressio
1424 2645 1728 2703 Turearum
1752 2650 1925 2719 primo
1957 2664 1985 2703 a
2014 2648 2220 2704 Cnet-is

642 2733 917 2797 paululum
952 2736 1285 2792 tremefactis
1334 2740 1655 2809 repellitur;
1718 2742 1970 2797 occidere
2028 2740 2220 2795 Turca:

640 2828 924 2893 plusquam
951 2827 1195 2881 ducenti.

709 2915 885 2983 April.
904 2913 993 2971 ‘20.
1018 2917 1285 2977 Vicesimo
1298 2922 1595 2978 obsidionis
1616 2924 1702 2979 die
1721 2939 1950 2996 quatuor
1969 2929 2221 2988 Genuen-

637 3003 776 3056 aiunt
820 3020 985 3060 naves
1026 3008 1319 3065 auxiliares
1368 3010 1774 3081 Hellespontum
1832 3014 2059 3083 intrant,
2102 3034 2219 3089 qua:

639 3108 757 3167 post
776 3097 811 3153 2
825 3136 845 3148 μ
859 3114 914 3156 ut
933 3103 961 3155 3
979 3102 1227 3156 horarum
1248 3120 1476 3174 pugnam
1492 3104 1795 3162 Turcarum
1817 3112 2217 3178 aggressionem

640 3194 853 3246 t’ortuua
898 3192 1069 3262 adjuti
1106 3197 1405 3263 repellunt;
1437 3198 1549 3252 sole
1575 3199 1695 3252 dein
1729 3200 2009 3255 occidente
2032 3202 2219 3257 obses-

638 3299 819 3337 sorum
853 3285 1103 3340 triremes
1134 3284 1514 3343 Gennensibus
1548 3289 1720 3344 obviae
1754 3290 1853 3345 hos
1887 3306 2009 3345 eum
2045 3293 2215 3363 iubilo

638 3386 699 3426 ac
733 3374 972 3429 musices
1005 3386 1278 3430 concentu
1311 3378 1362 3431 in
1397 3392 1612 3449 portum
1648 3382 2040 3436 intruutitiunt.

707 3465 905 3535 Aprilis
936 3468 1026 3522 21.
1072 3469 1404 3526 Mahutuetes
1434 3487 1560 3525 cum
1616 3472 1788 3525 10000
1832 3474 2107 3541 equitibus
2145 3474 2212 3529 ad

636 3555 865 3612 classem
896 3562 1156 3626 procedit,
1195 3564 1245 3616 in
1276 3563 1557 3633 copiarum
1593 3565 1864 3618 navalium
1900 3564 2209 3635 praefectum

635 3655 830 3707 acerbe
863 3652 1134 3708 ilthltiltH‘
1184 3666 1237 3709 et.
1269 3658 1374 3710 Vita
1429 3657 1682 3710 incolumi
1726 3673 1921 3711 tnunus
1961 3658 2212 3713 abdicare

632 3743 818 3813 jubet;
870 3748 954 3800 cui
992 3748 1136 3803 Petri
1180 3748 1483 3804 Lauredani
1537 3750 1679 3804 filius
1719 3751 2066 3819 jactabundaa
2101 3768 2213 3804 me-

638 3842 821 3895 moria:
859 3841 1109 3911 (fortasse
1154 3846 1229 3899 rei
1265 3844 1480 3899 Venetae
1513 3846 1763 3900 desertor
1796 3846 2016 3916 aliquis)
2049 3846 2206 3901 classi

633 3933 947 4000 prodicitur.

710 4026 786 4077 Ad
825 4028 1073 4081 eotudem
1111 4028 1253 4082 diem
1286 4030 1403 4099 dira
1438 4031 1675 4084 vastatio
1709 4030 1776 4084 ab
1800 4030 2039 4085 hostium
2079 4045 2208 4099 pro-

627 4120 899 4189 jm-tilibus
960 4122 1011 4175 in
1051 4122 1270 4192 regione
1318 4123 1642 4176 occidentali
1681 4124 1850 4188 faeta,
1917 4125 2085 4178 turris
2133 4127 2199 4176 ad

633 4212 688 4265 δ.
720 4213 943 4267 Romani
975 4226 1181 4283 portant
1216 4218 1332 4271 sitae
1382 4217 1578 4283 ruina;
1616 4218 1905 4270 conamina
1956 4216 2211 4271 obsesso-

633 4324 749 4358 tum
778 4307 842 4360 ad
888 4310 1237 4362 telicicndum
1294 4310 1552 4363 damnum
1588 4310 1917 4363 referuntur.

703 4399 902 4461 Aprilis
932 4400 1023 4453 ἐξ)...
1082 4401 1173 4454 Die
1204 4402 1356 4455 lioto.
1410 4400 1709 4456 Turcarum
1763 4403 1865 4455 hoc
1900 4403 1987 4455 die
2039 4416 2204 4457 naves

2403 1910 2573 1978 April.
2600 1909 2690 1964 29.
2719 1908 3032 1964 Navarchus
3071 1908 3276 1963 Diedus
3302 1910 3493 1964 ducem
3515 1909 3760 1964 triremis
3782 1907 3915 1963 Tra-

2328 2002 2633 2074 pezuntiuaz
2666 2003 2716 2054 in
2743 2000 2874 2055 Coei
2897 2001 3144 2055 destituti
3171 2003 3345 2056 locum
3374 2000 3700 2070 Dolpltinutn
3736 2004 3915 2056 nomi-

2328 2109 2456 2160 nat;
2513 2096 2596 2149 cni
2658 2095 2710 2147 in
2739 2094 3097 2147 custodienda
3132 2092 3555 2148 Blacheruarum
3611 2103 3776 2162 porta
3822 2090 3911 2149 So.

2323 2187 2678 2241 Lauredanus
2735 2185 3101 2239 substituitur.
3138 2183 3268 2249 Quae
3328 2185 3525 2237 damna
3578 2184 3907 2237 obsidentes

2332 2276 2582 2330 obsessis
2616 2273 2875 2337 inferunt,
2910 2273 2979 2326 ab
3010 2272 3159 2327 hisce
3201 2272 3352 2325 illico
3383 2282 3734 2340 reparantur.
3764 2270 3914 2326 Nihil

2325 2376 2590 2437 praeterea
2608 2366 2750 2435 quod
2774 2367 3035 2417 memoria
3062 2363 3286 2432 diguutn
3312 2362 3403 2425 sit,
3430 2362 3613 2417 aetum
3643 2363 3697 2414 in
3724 2378 3916 2417 mense

2325 2459 2506 2527 aprili.

2395 2552 2538 2607 Maii.
2565 2551 2616 2614 1,
2641 2551 2694 2606 2.
2723 2550 2865 2606 idem
2887 2550 2954 2605 de
2972 2550 3183 2625 duobus
3200 2549 3355 2605 hisce
3370 2548 3562 2605 diebus
3588 2548 3912 2604 dicendum.

2323 2647 2713 2700 Alimentorum
2744 2645 2795 2697 in
2822 2644 2957 2698 urbe
2978 2643 3230 2713 penuria.

2392 2738 2522 2792 Maii
2555 2738 2607 2800 '5,
2630 2737 2684 2790 4.
2721 2735 2989 2805 Cpolitani
3022 2735 3273 2789 hostibus
3306 2734 3359 2787 in
3385 2743 3545 2802 portu
3578 2731 3722 2786 duas
3751 2732 3917 2787 bom-

2324 2830 2521 2885 bardas
2550 2837 2847 2896 opponunt;
2877 2827 3071 2882 Turcze
3099 2827 3234 2881 duas
3263 2826 3508 2894 ejusdem
3541 2823 3767 2892 generis
3790 2838 3913 2877 ma-

2321 2922 2510 2976 chinas
2532 2930 2753 2987 ponunt.
2792 2917 2895 2974 Per
2923 2919 3109 2973 decem
3142 2918 3263 2970 dein
3291 2916 3407 2971 dies
3436 2929 3499 2969 ac
3531 2915 3764 2969 totidem
3813 2930 3917 2968 no-

2322 3023 2443 3067 ctes
2479 3012 2739 3081 utrinque
2774 3019 3044 3064 tormenta
3076 3011 3276 3063 sudant
3304 3008 3424 3062 sine
3460 3006 3666 3061 eﬂ'ectu
3700 3021 3918 3060 memo-

2327 3102 2503 3155 rabili.
2538 3102 2889 3170 Imperatoris
2912 3101 3069 3170 jussu
3104 3098 3254 3151 naria
3292 3097 3536 3149 actuaria
3569 3110 3766 3149 versus
3800 3094 3917 3147 Nc.-

2326 3191 2578 3261 groponti
2628 3190 2865 3244 insulam
2902 3189 3156 3247 mittitur.
3190 3186 3519 3239 Venetorum
3545 3184 3783 3238 classem
3812 3199 3915 3237 ex-

2326 3287 2589 3353 quisitura
2636 3294 2690 3337 et
2726 3299 2753 3335 α
2788 3280 2840 3336 J.
2882 3280 3205 3335 Lauredano
3237 3277 3574 3349 postulatura
3606 3288 3668 3330 ut
3699 3278 3826 3331 urbi
3857 3278 3914 3331 in

2327 3375 2592 3429 extremis
2649 3375 2828 3444 agenti
2888 3372 3009 3427 sine
3059 3386 3207 3426 mora
3264 3379 3639 3425 succurreret.
3688 3368 3757 3422 Et
3795 3370 3915 3422 haec

2325 3466 2541 3536 quidem
2583 3465 2685 3521 sub
2712 3464 2917 3520 vexillo
2948 3462 3179 3518 Turcico
3210 3472 3262 3516 et
3305 3461 3561 3516 simulato
3592 3461 3911 3516 Turcarum

2334 3559 2662 3614 vestimento
2706 3554 3128 3626 Arehipelagum
3167 3553 3435 3623 pervadit,
3469 3552 3564 3607 sed
3598 3568 3658 3609 re
3696 3550 3909 3606 infecta

2323 3652 2515 3721 Cpolin
2556 3653 2867 3705 revertitur.

2395 3744 2520 3799 Maii
2549 3744 2600 3798 5.
2636 3743 2823 3797 Turcae
2852 3741 3032 3810 plures
3063 3741 3391 3794 hombardas
3425 3739 3479 3793 in
3511 3750 3700 3792 monte
3750 3737 3912 3793 Pera

2324 3838 2641 3892 imminente
2686 3838 2910 3899 sistunt,
2953 3844 3116 3903 atque
3167 3833 3289 3885 inde
3344 3832 3587 3885 hostium
3631 3844 3812 3885 nares
3855 3831 3909 3883 in

2320 3940 2478 4000 portu
2514 3943 2606 3997 per
2635 3936 2800 3981 totam
2827 3935 3032 3981 catenae
3071 3938 3281 3992 magnae
3322 3922 3720 3991 longitudinem
3778 3934 3899 3974 tor-

2325 4021 2519 4077 mentis
2545 4027 2749 4089 petnnt.
2780 4016 2846 4070 Et
2873 4017 3067 4072 tertius
3092 4015 3310 4084 quidem
3343 4028 3530 4068 aeneus
3552 4015 3749 4080 globus
3776 4030 3909 4081 pro-

2316 4116 2494 4184 jectus
2528 4112 2867 4167 Genuensem
2920 4123 3115 4162 navem
3147 4107 3421 4163 mercibus
3476 4121 3542 4160 ac
3590 4118 3909 4161 commeatu

2326 4208 2537 4276 plenam
2574 4204 2625 4256 in
2660 4201 2825 4257 maris
2857 4203 2962 4254 ima
2996 4200 3262 4255 detrudit.
3292 4198 3735 4254 Christianorum
3782 4200 3913 4251 inde

2323 4314 2486 4353 nares
2520 4296 2668 4349 Pera:
2698 4296 2896 4349 muenia
2925 4308 3030 4347 non
3060 4292 3182 4346 sine
3208 4293 3405 4344 damno
3441 4300 3717 4357 repetunt.
3754 4290 3909 4342 Tur—

2325 4406 2402 4445 caa
2464 4400 2747 4457 postquam
2807 4386 2996 4439 eadem
3062 4393 3329 4439 tormenta
3379 4382 3663 4452 Kynegion
3711 4398 3913 4436 versu

629 4493 661 4543 2'.
692 4493 824 4545 mill.
865 4493 979 4547 Ital.
1031 4493 1224 4547 itinere
1261 4494 1506 4549 terrestri
1554 4508 1581 4545 a
1622 4494 1859 4563 Bosporo
1894 4495 1945 4546 in
1989 4505 2203 4561 portum

2325 4484 2440 4535 sine
2470 4481 2662 4535 cﬂ‘ectu
2694 4479 3045 4539 direxissent,
3097 4487 3370 4545 postremo
3401 4475 3467 4528 iis
3511 4488 3634 4542 quae
3692 4477 3909 4528 mania

630 4587 971 4653 tipoiitannm
1004 4598 1466 4656 trausptntantnr.
1497 4587 1705 4641 Auctor
1734 4601 1920 4641 nOSIer
1943 4602 2049 4639 non
2083 4588 2202 4641 sine

628 4679 791 4731 omnii
819 4679 1137 4745 a-gritudioe
1167 4678 1351 4741 refert.
1380 4680 1444 4734 τὶ
1473 4696 1637 4734 nares
1660 4690 1902 4733 armatas
1932 4681 2195 4750 cylindris

628 4773 1028 4840 impositaspcr
1061 4782 1298 4824 tnoutcm
1335 4772 1421 4825 cui
1456 4770 1589 4824 Pera
1639 4771 1704 4823 ad
1762 4771 2202 4839 septentrionem

628 4864 845 4921 insidet.
884 4880 909 4913 ει
946 4863 1065 4915 Ιίιιίδ
1098 4873 1149 4915 ct
1201 4862 1476 4930 plebecula
1510 4862 1747 4916 Turcica
1793 4863 2042 4915 inanibus
2083 4871 2207 4914 tra-

626 4966 742 5007 t'lilS
768 4958 957 5007 inisse.
987 4954 1254 5022 Cpoiitani
1281 4954 1332 5006 iu
1368 4958 1448 5007 uri
1471 4969 1499 5009 c
1530 4955 1744 5017 inclusi,
1772 4970 1999 5020 quorum
2021 4956 2209 5022 paucis

626 5050 853 5101 navibus
898 5048 1153 5113 utrinque
1187 5049 1485 5114 periculum
1533 5048 1602 5098 ab
1638 5047 1875 5099 hostium
1903 5050 2077 5099 casse
2106 5046 2209 5099 itu-

625 5140 814 5199 minet,
877 5140 1152 5190 triremem
1190 5152 1352 5189 unam
1414 5139 1655 5206 pra'sidii
1717 5136 1837 5191 loco
1886 5139 1952 5190 ad
2009 5138 2205 5189 fretum

622 5233 764 5299 quod
798 5230 947 5284 Pera:
976 5229 1181 5297 adjacet
1224 5241 1449 5295 ιιιιιιιηιι,
1484 5231 1659 5282 turali
1695 5232 1952 5299 ptasfccto
1978 5230 2195 5298 signum

623 5326 896 5383 tlaluratn,
917 5326 1003 5374 ubi
1031 5323 1215 5376 hosres
1248 5322 1387 5375 forte
1420 5322 1823 5391 aggressionem
1850 5332 2203 5375 conarentur.

694 5420 893 5486 Aprilis
922 5418 1011 5470 25.
1047 5419 1105 5469 in
1135 5418 1250 5469 :ede
1292 5417 1347 5468 S.
1390 5416 1569 5470 Marte
1602 5416 1989 5487 (Hodegctriae,
2026 5426 2083 5468 ut
2120 5417 2198 5467 vi-

626 5512 809 5579 detur)
847 5511 943 5565 \‘iri
989 5512 1056 5563 ad
1091 5511 1192 5565 hoc
1247 5511 1529 5565 convocati
1577 5513 1883 5566 deliberant
1926 5510 2202 5579 quomodo

624 5605 859 5657 hostium
894 5620 1057 5658 naves
1080 5620 1108 5657 e
1150 5617 1305 5671 portu
1339 5605 1624 5675 ejiciendus
1664 5604 1860 5659 forent.

693 5697 893 5764 Apulis
941 5697 1031 5749 ξι.
1088 5694 1323 5749 [Nutu-us
1377 5697 1492 5751 Jac.
1542 5696 1738 5760 Cocus,
1777 5696 2015 5749 triremis
2060 5694 2203 5746 illius

620 5788 747 5855 ‘i‘ta‘
767 5788 1035 5841 audior
1054 5798 1333 5857 patronus,
1354 5789 1487 5843 duas
1517 5803 1681 5843 nares
1710 5803 1833 5842 onst
1850 5786 2009 5848 arias,
2033 5784 2201 5839 comi-

2322 4575 2579 4629 interiora
2610 4570 2891 4639 tegebant,
2927 4570 3203 4623 addidere.

2394 4665 2516 4718 Maii
2550 4664 2603 4717 0.
2636 4663 2746 4717 ilae
2769 4675 2987 4731 quoque
3017 4659 3296 4713 Dominiea
3343 4658 3431 4711 die
3462 4668 3737 4711 tormenta
3785 4673 3915 4724 pcr-

2319 4770 2483 4828 petuo
2515 4756 2827 4809 fulmiuant.

2389 4849 2514 4902 Maii
2550 4848 2601 4901 7.
2632 4844 2921 4914 Aggressio
2947 4856 3211 4897 nocturna
3236 4858 3264 4895 a
3299 4839 3475 4896 50000
3513 4838 3717 4894 Turcis
3750 4839 3913 4893 facta

2319 4943 2533 4996 fortiter
2597 4940 2913 5007 repellitur;
2948 4937 2999 4989 in
3050 4950 3157 5003 qua
3206 4937 3472 4987 clamores
3512 4934 3777 4998 stupendi
3840 4936 3911 4987 ad

2311 5035 2668 5091 Anatolicum
2710 5045 2880 5099 usque
2942 5044 3094 5083 mare
3143 5031 3499 5093 pervadentes
3554 5026 3817 5080 fecerunt
3856 5040 3915 5079 ut

2315 5130 2466 5184 urbis
2497 5126 2816 5180 defensores
2840 5133 2980 5176 terra
3008 5122 3251 5187 marique
3282 5120 3349 5173 ad
3373 5132 3605 5187 pugnam
3633 5123 3917 5171 κλαῖε-

2311 5231 2524 5291 gerent.
2545 5218 2629 5272 Nil
2655 5228 2834 5269 tamen
2863 5228 2894 5268 a
2917 5211 3116 5267 Turcis
3135 5213 3274 5264 ultra
3308 5221 3596 5268 tentatum,
3620 5212 3731 5263 nisi
3748 5214 3911 5279 quod

2282 5288 2670 5367 'abiturientes
2695 5310 2871 5376 ignem
2910 5313 3081 5372 portae
3115 5301 3374 5356 Palatina:
3420 5301 3697 5365 subdunt;
3728 5318 3909 5367 qu:-

2308 5409 2505 5461 deimte
2532 5401 2706 5456 Graeci
2742 5413 2897 5453 muro
2924 5400 3240 5451 obstruunt.
3300 5394 3473 5448 Nares
3516 5394 3690 5462 priori
3744 5398 3909 5447 circa

2307 5512 2555 5555 catenam
2590 5494 2828 5549 statione
2854 5494 3039 5559 potitae
3066 5498 3217 5542 sunt.

2381 5591 2505 5643 blaii
2538 5589 2594 5642 8.
2625 5588 2913 5643 Decretum
2949 5598 2978 5635 a
3034 5581 3462 5637 Duodecimviris
3497 5588 3579 5633 est
3634 5591 3695 5633 ut
3729 5584 3909 5634 trire-

2309 5700 2425 5739 mes
2445 5683 2726 5736 Tauenses
2776 5688 3091 5732 exonerata
3118 5678 3172 5728 in
3202 5673 3689 5728 armamentarium
3716 5685 3907 5725 trans-

2308 5786 2677 5850 ;urt'vrcntnr.
2733 5771 2970 5825 Naribus
2997 5769 3075 5824 sic
3102 5764 3467 5823 exonerandis
3488 5774 3701 5819 amata
3726 5778 3901 5817 nam
