4168 6434
251 399 394 461 1οἷ3

1025 403 1511 462 EPHEMEllID.
1560 405 1654 463 DE
1699 405 1972 464 CPULIS
2020 406 2649 468 EXPUGNATIONE.

3370 405 3506 467 1074

248 511 545 576 obsistunt,
595 527 660 565 ne
704 514 803 566 sub
835 514 1120 568 arbitrium
1163 515 1474 568 Graecorum
1531 515 1825 578 caderem,
1859 523 1904 577 Α
1934 527 2191 585 quantam
2227 520 2548 587 sagittarum
2591 519 2784 572 molem
2829 519 2879 570 itt
2909 520 3095 573 urbem
3133 520 3502 589 proiecerunt,

249 604 506 660 triremes
535 605 777 659 dicentes
793 606 895 659 sibi
923 621 1018 674 pro
1040 607 1289 660 domibus
1340 621 1507 672 esse;
1544 609 1699 670 mari,
1731 620 1826 659 ne-

249 711 359 765 que
395 711 526 752 vero
558 698 608 750 in
649 699 944 754 continenti
977 701 1080 754 sibi
1116 700 1402 753 vivendum
1438 708 1532 753 aut
1585 699 1828 752 monien-

252 791 382 842 dum
410 805 553 845 esse.
574 788 700 844 Haec
740 794 1006 846 sententia
1040 794 1203 858 vicit;
1229 803 1282 846 et
1311 793 1411 860 ipsi
1440 801 1493 845 et
1520 793 1828 845 uavarchus

256 880 310 932 in
337 880 520 934 littore
555 881 802 936 Peratico
839 893 1143 940 remanent.
1177 882 1468 936 Tormenta
1501 885 1644 937 circa
1692 899 1824 953 por—

257 982 364 1024 tam
400 975 459 1026 S.
483 973 710 1026 Romani
745 985 1006 1049 perpetuo
1034 976 1221 1044 globos
1250 975 1566 1044 projiciunt.

325 1063 452 1118 Maii
485 1065 538 1120 9.
575 1066 918 1137 Dom.,Gabr.
950 1069 1277 1125 Trevisanus
1295 1085 1358 1124 ex
1383 1072 1658 1124 voluntate
1683 1071 1829 1124 Duo-

257 1155 678 1211 decitnvirorum
705 1160 785 1214 sic
812 1159 1118 1228 jubentium
1168 1160 1272 1215 400
1309 1162 1514 1216 milites
1554 1177 1585 1215 e
1616 1163 1828 1214 duabus

194 1300 201 1309 _
258 1247 572 1302 triremibus
619 1254 913 1306 arcessitos
965 1266 1122 1307 muro
1178 1255 1421 1308 terrestri
1470 1254 1828 1308 custodiendo

256 1337 542 1405 impendit.

331 1428 453 1483 Maii
488 1429 573 1485 10.
615 1429 672 1483 ln
714 1432 975 1486 concione
1013 1431 1194 1488 habita
1228 1450 1254 1487 a
1283 1435 1572 1490 duodecim
1610 1437 1742 1490 viris
1774 1437 1827 1489 in

256 1521 376 1576 aede
397 1521 453 1576 S.
475 1520 659 1576 Mariae
679 1521 833 1577 Dom.
857 1524 1052 1578 Diedus
1082 1526 1389 1581 navarcbus
1414 1527 1602 1582 classis
1623 1543 1684 1582 ea
1713 1528 1828 1597 lege

257 1613 594 1680 designatur,
630 1625 686 1668 ut
721 1626 907 1684 portus
931 1620 1206 1688 totiusque
1229 1620 1303 1672 rei
1329 1622 1616 1673 maritimae
1640 1636 1826 1674 curam

257 1720 357 1759 m'o
393 1707 547 1759 lihito
579 1719 753 1774 gerat.

329 1803 451 1856 Maii
485 1804 566 1857 11.
601 1805 745 1858 Idem
779 1815 1168 1860 tormentorum
1199 1809 1442 1864 funestus
1469 1810 1641 1863 labor.

1933 616 1988 659 ut
2011 607 2097 672 qtti
2133 608 2274 660 intus
2293 618 2474 661 essent
2501 619 2747 662 extremo
2773 610 2967 664 timore
2991 609 3356 664 afficerentur.

2009 698 2129 751 Maii
2162 698 2247 753 19.
2286 697 2399 753 lloc
2448 699 2662 753 demum
2719 712 2961 771 tempore
3009 717 3143 770 pons
3200 700 3503 766 COthunrlis

1932 791 2159 843 navibus
2203 791 2479 844 confectus
2511 807 2537 843 a
2569 790 2759 845 Galata
2815 792 2880 844 ad
2931 794 3208 861 Kynegiou
3237 781 3505 846 exsistere

1930 881 2117 949 coepit,
2164 892 2222 935 ut
2273 881 2545 936 Barbarus
2593 883 2766 948 dicit;
2823 883 3116 936 secundum
3177 884 3502 936 Pltraulzcm

1933 987 2062 1026 vero
2092 983 2211 1040 post
2250 990 2414 1027 naves
2460 983 2859 1043 transportatas
2919 977 3093 1030 locum
3133 975 3406 1033 habuerit.
3448 983 3506 1026 ut

1931 1071 2211 1119 taceamus
2241 1065 2649 1134 chronologiatn
2697 1068 3066 1120 cnnt‘usioretn
3096 1065 3386 1127 Leonartli,
3412 1067 3501 1133 qui

1931 1172 2052 1209 eum
2097 1168 2221 1210 ante
2249 1170 2478 1225 pugnam
2518 1158 2761 1212 navalem
2797 1159 2995 1212 factum
3030 1175 3153 1213 esse
3185 1175 3306 1214 cum
3340 1161 3503 1210 totius

1931 1247 2134 1300 mensis
2189 1247 2492 1300 diﬂereutia
2534 1258 2740 1301 ceust't.
2795 1247 2954 1302 Certe
2998 1249 3170 1300 Ducas
3215 1250 3314 1301 hac
3367 1252 3415 1300 ιιι
3449 1264 3504 1300 re

1930 1353 2052 1391 cum
2094 1337 2333 1391 Bat‘baro
2362 1349 2549 1392 nostro
2578 1340 2797 1408 propius
2830 1342 3129 1394 c0nsentit.
3178 1340 3368 1394 Turcaz
3392 1339 3508 1409 glo-

1932 1433 2028 1485 bos
2059 1445 2226 1484 aereos
2263 1430 2314 1483 itt
2345 1432 2530 1485 hostes
2564 1441 2822 1498 torquere
2855 1443 2906 1485 et
2963 1449 3141 1486 aerem
3174 1433 3505 1489 clamoribus

1933 1521 2140 1588 replere
2170 1537 2274 1576 non
2315 1521 2586 1578 desistunt
2617 1541 2631 1589 ;
2663 1525 2870 1578 obsessi
2911 1527 3106 1578 damna
3159 1525 3308 1578 illata
3345 1541 3503 1595 repa-

1932 1624 2075 1665 rant.
2584 1664 2586 1667 ,

2003 1706 2125 1759 Maii
2160 1706 2252 1762 20.
2292 1707 2563 1762 Batbarus
2598 1708 2932 1762 inclusorum
2971 1721 3198 1763 conatus
3231 1718 3292 1762 ut
3322 1724 3507 1764 muros

1935 1799 2146 1854 hiantes
2173 1801 2457 1855 reficerent
2491 1799 2676 1864 refert,
2710 1802 2796 1854 cui
2830 1805 2979 1869 operi
3021 1803 3296 1868 mulieres,
3329 1805 3503 1870 pueri,

335 1898 457 1948 513;:
493 1896 575 1952 η,
610 1896 802 1951 Tur-ca:
842 1898 1019 1953 50000
1051 1916 1170 1953 cum
1205 1901 1381 1954 εοιίιίς
1410 1903 1740 1959 dmum-ibus
1777 1917 1831 1960 ει
1869 1905 1906 1956 υ
1935 1907 2113 1952 sones.
2143 1893 2499 1947 ccclesiaSIici
2535 1896 2677 1948 vires
2704 1896 3258 1960 suasiinpendchant.
3285 1895 3510 1948 Mentio-

261 1989 487 2054 strt-pitu
541 1997 920 2058 tympanorum
987 1990 1357 2060 tibiarumque
1391 1992 1613 2047 diSSouo
1673 1995 1832 2049 clan-

260 2095 389 2146 gare
410 2094 636 2131 murmn
669 2081 814 2132 circa
846 2081 1109 2150 palatium
1148 2083 1311 2136 situm
1348 2085 1706 2152 adoriuntur;
1737 2088 1828 2141 sed

263 2171 634 2224 miserit-ordia
675 2170 804 2226 Jesu
837 2173 1040 2226 Chl'inli
1095 2175 1388 2243 perniciem
1431 2189 1732 2232 extremam
1765 2181 1832 2235 ab

264 2265 396 2318 urbe
440 2265 539 2316 har.
571 2269 690 2319 vice
722 2266 938 2331 avertit,
968 2267 1113 2334 quia,
1150 2277 1208 2320 ut
1241 2267 1512 2322 Barbarus
1558 2271 1832 2338 opinatur,

265 2355 451 2422 Cpolis
517 2358 784 2410 excidium
835 2360 1130 2410 secundum
1167 2359 1224 2412 ὃ.
1265 2360 1456 2425 imper.
1493 2359 1832 2414 Constantini

263 2448 599 2514 prophetiam
637 2462 742 2500 non
769 2450 1043 2516 praesenti,
1069 2452 1160 2504 Sed
1197 2452 1440 2505 ulteriori
1489 2453 1627 2506 lunae
1683 2454 1832 2522 phasi

265 2547 598 2588 reservatum
631 2549 796 2591 esset.

337 2627 459 2680 Maii
495 2629 579 2682 15.
611 2629 766 2683 Dom.
791 2631 1126 2686 Trevisanus
1163 2632 1357 2685 classis
1388 2632 1676 2699 praefecto:
1709 2648 1832 2686 cum

265 2720 530 2775 militibus
580 2723 693 2776 suis
729 2723 794 2775 ad
836 2735 1034 2778 terram
1087 2726 1285 2779 mania
1327 2724 1650 2778 defensurus
1708 2725 1832 2779 laisa

264 2812 506 2882 appellit.
541 2813 617 2868 Eo
645 2814 764 2869 loco
792 2818 857 2871 ad
889 2827 1251 2885 expugnatam
1295 2833 1466 2886 usque
1499 2819 1689 2871 urbem
1727 2833 1834 2872 non

265 2908 486 2962 recedit.
497 2906 804 2963 Secundum
825 2907 1147 2961 Phrantzem
1170 2908 1311 2962 inter
1330 2908 1602 2979 Kynegion
1620 2921 1673 2962 et
1692 2911 1837 2976 pafa-

266 3003 394 3055 tium
409 2998 714 3054 Caesareum
736 3011 1000 3068 pastorem
1019 3015 1213 3064 se,non
1238 3015 1504 3054 mercenat
1521 3007 1627 3052 :mn
1648 3002 1832 3071 gessit.

333 3091 750 3146 Tormentorum
808 3107 902 3161 per
927 3095 976 3146 id
1037 3103 1251 3161 tempus
1312 3111 1417 3147 non
1500 3096 1836 3163 interruptus

265 3183 406 3254 ignis
438 3196 628 3237 contra
669 3200 876 3237 inurunt
903 3185 1318 3239 occidentalem.

336 3277 459 3330 Maii
486 3277 573 3330 M.
596 3275 808 3343 Turcw,
832 3287 890 3330 ut
913 3277 1024 3345 jam
1049 3278 1301 3342 vidimus,
1322 3285 1587 3330 tormenta
1608 3293 1636 3331 a
1656 3289 1836 3331 monte

274 3369 462 3436 Ἀγίου
493 3369 770 3437 Θεοδώρου
794 3383 889 3438 per
916 3367 1108 3422 Pcram
1139 3382 1354 3423 versum
1406 3371 1680 3437 Κυνηγίου
1711 3385 1833 3436 por-

263 3473 371 3519 tam
404 3479 434 3517 e
457 3466 676 3533 regione
711 3471 902 3530 portus
933 3465 1155 3516 trahunt
1197 3472 1251 3516 et
1312 3465 1652 3531 postmodum
1698 3478 1839 3532 pone

260 3567 477 3627 portam
511 3556 569 3609 S.
606 3555 834 3609 ltomani
888 3563 1112 3623 ponunt,
1149 3555 1237 3609 ubi
1268 3569 1456 3606 murus
1498 3555 1733 3623 pessime
1761 3556 1836 3607 la-

261 3651 512 3709 borabat,
533 3649 780 3716 quamvis
811 3647 1018 3701 obsessi
1067 3646 1278 3700 damnis
1312 3646 1478 3699 illatis
1509 3661 1604 3714 pro
1632 3647 1836 3700 viribus

261 3744 478 3798 mederi
502 3743 803 3796 studerent.
852 3738 1108 3793 Trecenti
1141 3739 1243 3791 viri
1299 3740 1587 3790 maximam
1620 3748 1832 3804 partem

260 3834 652 3904 pyrotechnim
683 3841 736 3885 et
763 3831 1028 3901 sagittarii
1082 3830 1240 3883 istam
1279 3841 1486 3898 portam
1541 3841 1833 3898 accupant,

259 3944 450 3985 attines
473 3926 765 3996 peregrini,
797 3925 1039 3993 exceptis
1069 3922 1295 3988 Graecis,
1323 3938 1556 3994 quorum
1607 3925 1834 3993 pusilla-

257 4025 560 4078 uimitatetn
592 4030 780 4073 auctor
805 4030 986 4071 noster
1008 4032 1196 4070 severe
1228 4018 1480 4087 castigat.

334 4115 454 4168 Maii
485 4114 569 4167 l5.
598 4113 1017 4166 Tortneutorutn
1047 4107 1339 4174 irrequieta
1365 4109 1609 4178 explosm
1628 4116 1682 4163 et
1707 4123 1835 4178 par-

259 4209 396 4261 tium
432 4210 557 4262 inde
589 4206 836 4259 laesarum
870 4203 1056 4257 sedula
1108 4201 1422 4270 reparatio;
1465 4211 1718 4255 czeternm
1757 4203 1836 4256 in-

256 4304 455 4358 ducite.

332 4395 458 4450 Maii
490 4395 571 4448 16.
610 4391 911 4444 Turcarum
955 4389 1162 4456 aliquot
1199 4403 1363 4440 naves
1399 4387 1658 4440 actuaria:
1692 4395 1837 4441 cate-

255 4505 342 4546 na:
376 4491 522 4543 circa
557 4493 770 4555 portum
806 4482 1247 4552 apprOpinquant
1281 4489 1331 4532 et
1360 4479 1708 4532 obsessorum
1739 4494 1836 4534 na-

1939 2003 2057 2038 uem
2087 1999 2342 2054 pra-terea
2375 1987 2772 2055 iugentislllius
2795 1988 3056 2041 machina:
3075 1985 3201 2040 facit
3229 1987 3361 2040 1200
3381 1988 3506 2041 libr.

1936 2080 2140 2147 lapides
2168 2081 2489 2144 emittentis,
2516 2093 2570 2135 et
2611 2098 2716 2150 qua
2774 2081 3103 2135 inﬂammata
3153 2097 3257 2133 non
3308 2081 3504 2134 muenia

1938 2177 2168 2233 tantum,
2201 2171 2292 2222 sed
2331 2171 2484 2224 urbis
2518 2174 2887 2238 pavimentum
2927 2187 2987 2225 ac
3017 2187 3184 2224 naves
3241 2172 3293 2223 in
3350 2184 3508 2239 portu

1937 2262 2419 2316 vehementissime
2440 2264 2909 2317 Concutiebautur.

2007 2352 2128 2406 Maii
2156 2353 2243 2405 21.
2284 2352 2419 2406 Tota
2448 2354 2638 2408 classis
2677 2355 2911 2408 hostium
2948 2353 3039 2407 diu
3095 2364 3220 2407 ante
3255 2353 3384 2407 solis
3422 2369 3511 2406 nr-

1939 2453 2050 2498 tnm
2095 2441 2498 2513 aggressionem
2538 2447 2809 2512 minatur;
2846 2456 3130 2516 postquam
3177 2456 3358 2500 autem
3406 2447 3510 2499 υἱ)-

1938 2551 2214 2590 εεε>οιυιη
2258 2540 2472 2605 navigia
2508 2540 2573 2591 ad
2607 2540 2956 2609 pugnantium
2993 2549 3176 2610 parata
3217 2541 3361 2594 circa
3396 2553 3511 2591 ma-

1938 2645 2097 2695 gnam
2125 2639 2370 2684 Catenam
2394 2631 2680 2698 vidissent,
2711 2633 2844 2686 nihil
2878 2643 3176 2695 tentarunt,
3199 2632 3306 2685 imo
3329 2646 3514 2684 reces-

1938 2730 2148 2774 Serunt.

2007 2812 2178 2866 litlcm
2210 2815 2522 2868 cuniculum
2565 2829 2593 2867 a
2621 2814 2815 2869 Turcis
2847 2817 3135 2870 suffossum
3167 2817 3517 2871 ubidetesis-

1939 2914 2060 2955 sent
2091 2919 2256 2972 prepe
2279 2919 2487 2972 portam
2519 2906 2864 2972 Caligariam,
2893 2912 3304 2968 obstruxerunt.
3335 2908 3510 2961 fosso-

1942 3009 2134 3064 resque
2172 2998 2538 3052 trucidarunt.
2587 2999 2764 3052 Nihilo
2816 3000 2993 3054 secius
3051 3003 3218 3055 hocce
3257 3002 3341 3055 die
3394 3018 3512 3054 mu-

1941 3104 2037 3143 rus
2072 3101 2124 3142 et
2157 3091 2323 3145 turris
2358 3092 2455 3160 ipsi
2494 3093 2828 3161 propinquus
2862 3093 3150 3146 admodum
3204 3093 3329 3146 laesa
3361 3105 3510 3157 sunt,

1941 3191 1996 3234 ct
2027 3197 2116 3251 qui
2153 3184 2294 3236 intra
2331 3186 2520 3237 urbem
2573 3193 2752 3248 erant,
2813 3184 3082 3238 indefesso
3121 3183 3304 3239 labore
3347 3194 3512 3254 atquc

1941 3275 2200 3327 mrumnis
2231 3278 2468 3326 membra
2501 3289 2641 3343 aegra
2691 3276 2983 3329 habebant.

2014 3366 2133 3418 Maii
2165 3367 2256 3419 22.
2282 3367 2579 3420 Cuniculus
2611 3382 2776 3437 prope
2807 3381 3018 3437 portam
3053 3368 3380 3437 Caligariam
3420 3371 3512 3424 dc-

1940 3474 2048 3511 nuo
2077 3460 2392 3512 obstruetus
2434 3475 2585 3528 spem
2623 3462 2892 3514 fossorum
2929 3461 3137 3516 fefellit.
3170 3462 3306 3519 Miro
3335 3475 3512 3519 autem

1941 3553 2150 3607 cmlesti
2179 3553 2491 3621 spectaculo
2523 3566 2815 3620 conspecto
2838 3554 3133 3623 (Barbarus
3168 3573 3513 3612 communem

1940 3645 2079 3697 luna:
2113 3644 2344 3711 ellipsini
2379 3647 2700 3713 nuncupat),
2729 3647 3025 3714 Cpolitani,
3051 3652 3344 3719 prophetia:
3372 3654 3516 3707 Con-

1939 3735 2161 3788 stantini
2211 3736 2339 3804 imp.
2373 3753 2671 3804 memmes,
2712 3740 2928 3807 signum
2962 3742 3132 3796 ruina:
3162 3745 3511 3809 imminentis,

1939 3828 2130 3883 Turcte
2167 3831 2404 3884 victoriae
2447 3833 2642 3898 pignus
2680 3833 2952 3888 viderunt.

2012 3918 2132 3973 Maii
2161 3921 2250 3973 25.
2283 3920 2499 3975 Tertius
2533 3938 2690 3990 porro
2720 3926 3007 3978 cuniculus
3031 3941 3204 3998 prope
3228 3928 3513 3999 Caligarite

1941 4024 2148 4080 portam
2178 4023 2230 4066 et
2259 4014 2514 4082 palatium
2544 4017 2888 4084 imperatoris
2923 4018 3174 4072 inventus
3212 4039 3377 4077 causa
3411 4024 3513 4078 fuit

1939 4120 2036 4158 cur
2062 4107 2433 4160 machinarum
2471 4108 2788 4162 bellicarum
2815 4111 3053 4165 artifices
3092 4113 3301 4181 aliquot
3349 4132 3510 4170 manu

1944 4209 2309 4265 caperentur;
2343 4199 2433 4266 qui
2465 4210 2750 4269 postquam
2782 4202 2917 4270 jussi
2956 4203 3220 4257 dixissent
3254 4207 3340 4258 ubi
3375 4209 3510 4261 loco-

1941 4304 2058 4342 rum
2085 4291 2174 4342 alii
2199 4293 2434 4344 cuniculi
2461 4295 2648 4346 structi
2685 4305 2893 4357 essent,
2924 4296 3184 4350 abscissis
3242 4300 3513 4368 capitibus

1940 4399 2036 4452 per
2069 4401 2254 4438 muros
2290 4386 2342 4438 itt
2365 4385 2672 4440 Turcarum
2710 4397 2889 4440 castra
2911 4389 3102 4457 tlejecti
3127 4401 3272 4444 sunt.
3303 4421 3370 4431 —
3401 4394 3516 4448 Hoc

1940 4479 2128 4530 eodem
2178 4478 2262 4531 die
2307 4479 2462 4532 navis
2490 4483 2751 4545 actu:iri:t,
2780 4491 2973 4548 quarto
3006 4481 3124 4549 ejus
3154 4463 3360 4537 mensis
3400 4486 3515 4552 dic,

252 4601 352 4641 ves
380 4584 740 4644 adoriuntur;
779 4577 959 4632 subito
999 4584 1177 4629 autem
1209 4584 1352 4627 metu
1391 4587 1458 4627 ne
1502 4573 1834 4642 repellantur
1869 4587 1910 4641 ι)
1942 4569 2006 4622 ad
2027 4571 2374 4636 quaerendam
2396 4570 2727 4624 Venetorum
2757 4572 2989 4624 classem
3025 4574 3514 4647 iuArchipelagum
3571 4588 3576 4592 '

251 4677 431 4741 inviti,
466 4685 610 4726 retro
650 4671 871 4723 abeunt.
913 4667 1157 4720 Cuniculi
1190 4682 1219 4718 a
1249 4665 1441 4719 Turcis
1482 4664 1664 4720 effossi
1685 4667 1831 4719 circa

248 4778 463 4840 portam
484 4766 687 4833 Kaligai
703 4764 808 4816 iam
824 4777 851 4815 a
868 4760 1061 4828 Magno
1079 4761 1215 4814 duce
1237 4759 1430 4814 detecti
1451 4759 1830 4826 frustratique.

330 4862 445 4916 Maii
501 4861 587 4913 ΓΙ.
634 4857 884 4924 Quinque
941 4853 1244 4907 Turcarum
1294 4868 1460 4907 naves
1512 4852 1832 4920 explorandi

244 4971 383 5018 ergo
437 4953 503 5004 ad
561 4959 804 5002 catenam
867 4961 1041 5014 usque
1093 4953 1284 5014 portus
1348 4945 1673 5012 procedunt.
1737 4944 1832 4998 sed

243 5046 321 5100 '70
352 5043 548 5097 ictibus
586 5041 759 5108 iisque
795 5040 962 5092 irritis
993 5038 1208 5104 excepti
1241 5053 1344 5106 qua
1399 5037 1634 5089 maxima
1672 5045 1831 5105 pote-

245 5147 377 5192 rant
432 5135 713 5190 celeritate
768 5131 1068 5201 aul‘ugiunt.
1114 5131 1185 5184 At
1227 5144 1414 5194 omnes
1466 5139 1716 5182 metuunt
1766 5143 1834 5182 ne

245 5231 429 5286 hostis
453 5228 579 5284 tutis
597 5228 802 5280 viribus
824 5227 1010 5279 urbem
1037 5225 1338 5286 adoriatur,
1357 5223 1443 5276 cui
1472 5223 1652 5277 resisti
1673 5236 1834 5291 posse

241 5338 441 5378 omnes
472 5323 854 5391 chperahant.

324 5416 444 5470 Maii
477 5415 564 5469 18.
594 5415 785 5468 Turca:
810 5429 903 5483 per
937 5413 1111 5466 noctis
1144 5412 1376 5482 spatium
1404 5410 1685 5465 machinas
1715 5409 1834 5467 illas

243 5510 498 5572 turritas,
528 5523 555 5558 a
585 5507 827 5559 Barbare
856 5519 1073 5576 quoque
1104 5514 1291 5558 nostro
1313 5518 1434 5558 Cum
1473 5502 1832 5555 admiratiotie

242 5612 604 5664 memoratas,
630 5599 928 5654 conficiunt
956 5616 970 5665 ;
997 5616 1096 5652 nec
1123 5599 1258 5652 satis
1288 5597 1473 5650 mirari
1497 5600 1670 5666 potuit
1694 5595 1834 5650 Tur-

243 5711 345 5752 cas
373 5695 424 5749 id
457 5707 692 5764 quatuor
735 5694 883 5746 horis
914 5692 1218 5746 confecisse
1254 5693 1397 5758 quod
1431 5704 1622 5743 omnes
1673 5690 1833 5744 Chri-

244 5786 413 5843 stiani
440 5785 628 5855 Cpolin
680 5784 985 5839 habitantes
1005 5785 1171 5837 totius
1197 5782 1399 5835 mensis
1423 5781 1597 5849 spatio
1655 5780 1832 5834 fact-re

246 5881 646 5951 nequivissent.
679 5882 749 5937 De
809 5895 1017 5936 summa
1068 5881 1165 5934 hac
1221 5893 1342 5936 arce
1378 5873 1829 5937 Turczciutmzznc

1946 4661 2134 4726 missa,
2164 4660 2516 4715 Tui-cicurum
2551 4667 2768 4717 navium
2815 4665 3040 4718 insidias
3071 4666 3254 4734 elapsa
3301 4669 3352 4720 iit
3392 4685 3519 4738 por-

1944 4765 2054 4806 tum
2092 4758 2402 4808 revertitur.
2438 4785 2506 4795 —-
2540 4755 2680 4811 Urbs
2719 4761 2980 4811 continuo
3014 4768 3407 4815 tormentorum
3440 4762 3518 4815 la-

1886 4867 1899 4884 ο
1941 4847 2071 4901 bore
2110 4846 2420 4901 infestatur.

2011 4940 2134 4993 Maii
2169 4940 2262 4995 24.
2298 4944 2533 5006 Quartus
2572 4961 2730 5013 quem
2769 4946 2947 5002 denuo
3007 4963 3174 5015 prope
3231 4949 3516 5016 Caligarite

1940 5037 2260 5090 detexeruut
2289 5047 2496 5106 portam
2554 5038 2842 5092 cuniculus
2895 5053 3111 5093 murum
3150 5041 3292 5093 haud
3325 5057 3514 5109 parum

1938 5126 2099 5180 laesit.
2145 5126 2316 5181 Ferox
2347 5130 2468 5181 inde
2497 5144 2526 5180 a
2562 5127 2860 5182 Turcarum
2886 5134 3082 5183 castris
3103 5131 3309 5184 clamor
3341 5147 3404 5183 ac
3433 5147 3519 5199 ιιι-

1944 5219 2134 5272 bilatio
2168 5231 2386 5289 propter
2425 5237 2660 5291 pugnam
2695 5222 3012 5276 aleatorium
3057 5223 3281 5292 jamjatn
3315 5225 3516 5277 instau'

1939 5321 2068 5364 tem.
2108 5311 2340 5366 Ultimus
2375 5315 2658 5369 cuniculus
2689 5331 2855 5385 prope
2883 5331 3046 5385 supra
3077 5316 3278 5370 dictam
3304 5328 3513 5386 portam

1940 5414 2186 5470 repertus
2217 5405 2268 5457 in
2299 5406 2431 5458 urbe
2463 5406 2701 5461 inclusos
2731 5409 2963 5462 maxime
2980 5408 3274 5464 tet-refecit.
3313 5439 3369 5450 —-
3407 5410 3517 5464 Ma-

1936 5499 2111 5552 china;
2141 5500 2345 5552 bellicae
2392 5503 2568 5569 ignem
2601 5518 2664 5555 ac
2695 5501 2903 5570 lapides
2939 5504 2988 5554 in
3030 5506 3221 5556 urbem
3260 5508 3514 5562 emittere

1937 5607 2044 5644 non
2076 5602 2312 5645 cessant.

2015 5685 2138 5740 Maii
2165 5687 2255 5740 26.
2286 5688 2439 5757 Ignes
2476 5687 2601 5743 festi
2659 5688 2766 5742 late
2801 5701 3049 5758 patentes
3079 5700 3126 5744 et
3166 5689 3420 5758 jubilatio
3458 5693 3514 5748 in

1937 5779 2236 5833 Turcarum
2264 5783 2460 5837 castris
2480 5790 2697 5851 preptcr
2721 5785 2905 5837 urbem
2925 5784 3175 5853 proximo
3194 5784 3281 5837 die
3309 5784 3357 5837 vi
3386 5787 3516 5838 ado-

1941 5870 2208 5927 l‘it‘lttlulu.
2244 5872 2510 5944 tlpolitani
2545 5874 2827 5947 liciparatn
2863 5875 3110 5945 precibus
3141 5889 3202 5930 ac
3233 5875 3514 5946 suppliciis
