4168 6434
693 312 830 373 1οἹ5

1319 313 1622 371 NICULAI
1666 312 1912 370 BAHBA
1926 312 2000 371 lll
2050 313 2244 371 PATR

2354 314 2391 371 ,Ι
2435 314 2720 376 VENETI
2757 315 3337 377 EPHEMERIDES.

3806 314 3953 378 107G

687 426 885 475 adeunt
916 431 975 477 ut
1010 438 1037 473 a
1073 425 1351 489 gentilium
1382 424 1565 476 furore
1591 423 1974 478 liberarentur.
2005 454 2065 464 -—-
2104 424 2257 479 Omi-
2287 448 2335 498 Α
2364 425 2438 481 illi
2467 427 2643 481 scalas
2691 415 2860 483 muris
2895 430 3184 483 admovere
3230 436 3511 495 conantes,
3551 430 3758 500 ingenti
3815 445 3949 484 cum

690 530 817 567 nusa
850 513 1133 579 trepidatio
1164 515 1216 567 in
1250 516 1478 573 navibus
1510 515 1774 568 Tun-iris.

752 607 821 660 ‘27
846 607 992 660 .llaii.
1019 606 1233 661 Domiti.
1256 606 1476 661 Postera
1508 622 1723 675 quoque
1754 623 1856 661 nox
1884 607 2033 662 festis
2056 607 2261 661 Turca-

679 708 804 748 l'um
852 696 1151 749 illustratur
1203 698 1437 761 ignibus.
1472 696 1748 751 Clamares
1779 697 1972 750 sublati
2006 698 2262 753 obsesso-

684 806 801 843 rum
829 805 988 843 aures
1010 791 1351 859 obstrepunt,
1375 791 1439 843 ad
1463 790 1604 844 Asia:
1630 806 1799 859 usque
1820 790 1999 843 littora
2026 790 2255 858 profusi.

682 881 924 951 lugetllitt
962 882 1099 935 inuri
1131 882 1361 936 labentis
1395 885 1589 936 rudera
1640 898 1763 935 cum
1817 883 2031 952 fragore
2084 884 2260 953 proci-

682 975 837 1032 dunt.
867 974 953 1027 cui
999 973 1073 1027 rei
1102 974 1300 1027 mederi
1334 973 1599 1042 Cpolitani
1649 974 1702 1027 in
1734 990 1931 1029 vanum
1966 983 2252 1029 conantur.

754 1064 876 1117 Maii
905 1065 993 1119 :28.
1031 1064 1288 1120 Sullanus
1320 1066 1386 1117 ad
1421 1066 1660 1135 tympani
1702 1081 1896 1120 sonum
1947 1081 2043 1135 per
2076 1075 2257 1119 castra

680 1155 817 1209 ediri
855 1157 1007 1225 jubet
1038 1167 1096 1211 ut
1125 1173 1225 1211 suo
1253 1159 1484 1227 quisque
1541 1160 1662 1210 loco
1710 1168 1973 1222 maneret,
2027 1168 2254 1211 mortem

682 1250 921 1301 minatus
972 1249 1019 1303 ei
1066 1250 1155 1320 qui
1211 1251 1366 1305 aliter
1402 1248 1614 1314 fecerit,
1658 1252 1727 1305 ob
1785 1253 1973 1305 urbem
2032 1260 2250 1318 postero

678 1357 839 1395 mane
893 1343 1148 1397 omnibus
1211 1343 1422 1398 viribus
1480 1344 1852 1412 premendam.
1901 1342 2021 1397 Jam
2084 1343 2253 1411 igitur

677 1434 817 1488 2000
853 1434 1013 1489 scalre
1069 1434 1449 1490 admoventur.
1488 1433 1543 1488 lu
1588 1435 1892 1490 Turcarum
1946 1436 2141 1490 castris
2165 1434 2253 1488 alii

678 1525 813 1577 alios
839 1526 1031 1593 praeda:
1060 1526 1466 1593 exspectatione
1510 1524 1851 1579 inflammant
1880 1543 1892 1578 :
1928 1525 2126 1595 quippe
2150 1523 2243 1592 qui

679 1627 757 1669 tot
791 1616 1098 1671 Christiana
1126 1620 1393 1684 mancipia
1428 1617 1748 1687 prehensuri
1778 1619 1887 1671 sint
1931 1625 1988 1671 ut
2020 1630 2125 1670 uno
2159 1629 2254 1667 au-

676 1723 767 1764 reo
793 1712 899 1765 duo
920 1711 1029 1764 sint
1048 1709 1311 1765 habituri.
1336 1710 1647 1765 Grzecornm
1672 1710 1869 1764 barbas
1896 1709 2106 1779 laqueis
2132 1719 2255 1765 tor-

2366 519 2567 573 damno
2606 520 2964 588 repelluntur,
2987 522 3079 575 sed
3113 521 3181 575 ab
3203 521 3614 591 insequentibus
3647 533 3802 576 tanta
3830 524 3952 576 vio—

2366 610 2528 663 lentia
2559 610 2622 662 ad
2670 626 2853 665 muros
2881 612 3196 680 adiguntur,
3231 621 3290 665 ut
3323 628 3430 667 uno
3458 612 3540 667 vel
3570 615 3747 667 altero
3783 615 3952 667 modo

2366 702 2701 769 pereundmn
2747 703 2879 771 ipsis
2924 714 3091 758 esset.
3130 704 3198 759 Ut
3230 703 3504 759 Barbarus
3535 716 3744 767 tnonet,
3775 706 3953 759 sulta-

2365 808 2465 845 nus
2496 791 2834 848 Christianos
2870 796 3002 848 istos
3033 805 3318 864 propterea
3360 795 3413 849 in
3443 796 3615 864 prima
3647 797 3772 852 acie
3816 813 3954 851 eon-

2362 884 2615 939 stituerat
2672 895 2731 940 ut
2774 887 3090 942 certissime
3113 887 3268 941 morti
3304 901 3737 955 expoiterentur,
3793 889 3942 942 Tur-

2363 992 2546 1031 carum
2575 988 2753 1031 autem
2782 980 2902 1032 vitae
2930 988 3199 1046 parceret,
3231 988 3285 1033 et
3318 988 3375 1032 ut
3394 994 3489 1048 per
3518 994 3706 1033 eorum
3754 980 3845 1033 vel
3873 980 3949 1033 ir-

2363 1066 2522 1120 ritam
2583 1068 2991 1134 aggressionem
3043 1068 3352 1123 defensores
3383 1070 3535 1123 urbis
3568 1069 3864 1139 fatigaret;
3895 1071 3947 1121 id

2361 1157 2501 1224 quod
2536 1173 2593 1211 re
2623 1158 2737 1225 ipsa
2773 1161 2960 1213 evenit
2984 1161 3236 1214 secunda:
3264 1161 3401 1214 aciei
3433 1162 3793 1229 processione
3822 1162 3949 1215 licet

2362 1262 2389 1300 a
2431 1250 2731 1316 sagittariis
2758 1259 2813 1304 et
2848 1251 3244 1305 bombardariis
3277 1252 3430 1306 urbis
3465 1251 3635 1306 multo
3658 1268 3789 1305 cum
3817 1268 3952 1306 san-

2360 1340 2523 1410 guine
2554 1342 2870 1410 repellatur.
2908 1342 3112 1398 Deinde
3148 1345 3309 1398 tertia
3363 1345 3562 1401 sultani
3593 1348 3745 1403 acies
3788 1350 3950 1402 novis

2360 1433 2563 1487 viribus
2591 1442 2647 1488 et
2677 1450 2797 1489 cum
2820 1437 3056 1491 clamore
3084 1436 3241 1507 longe
3276 1438 3488 1507 lateque
3514 1440 3729 1503 audito,
3759 1440 3946 1509 janis-

2360 1526 2486 1579 sarii
2526 1536 2580 1579 et
2608 1528 2774 1581 robur
2804 1530 3078 1582 exercitus
3108 1529 3323 1584 leonum
3353 1530 3524 1585 instar
3549 1542 3948 1601 prorumpunt.

2357 1612 2473 1666 Non
2523 1616 2865 1670 obstantibus
2934 1619 3297 1676 multitudinis
3352 1622 3591 1687 urbanae,
3639 1625 3947 1690 praesertim

2361 1706 2667 1776 mulierum,
2691 1709 2943 1777 precibus
2978 1725 3043 1764 ac
3073 1711 3575 1779 lamentationibus,
3608 1724 3664 1768 et
3693 1717 3950 1782 quamvis

674 1803 908 1872 quendis
969 1818 1027 1856 se
1085 1804 1426 1858 adliibituros
1453 1816 1575 1857 esse
1606 1801 1955 1869 jocabantur,
1988 1802 2129 1857 unde
2162 1819 2252 1858 ca-
2286 1786 2327 1842 Β
2357 1810 2789 1867 propugnatores
2814 1801 2863 1854 in
2891 1816 3075 1856 muros
3096 1802 3386 1856 fortissime
3404 1813 3704 1870 certarent,
3726 1806 3949 1858 oriente

674 1911 773 1949 nes
793 1910 921 1949 suos
939 1896 1247 1961 alligarent.
1264 1924 1334 1935 —
1361 1894 1404 1947 Μ
1416 1895 1623 1949 achinae
1641 1908 1886 1947 extremo
1904 1895 2097 1949 ardore
2124 1895 2254 1965 lapi-

675 1986 771 2038 des
810 1996 1089 2039 evomunt.
1113 1986 1383 2040 Barbarus
1405 1983 1722 2039 Graecorum
1743 1985 2022 2038 avaritiam
2047 2000 2108 2039 ac
2134 2002 2255 2054 per-

678 2080 990 2134 vcrsitatetn
1021 2089 1245 2133 strenuo
1289 2080 1593 2147 vituperat.
1631 2077 1746 2131 Non
1786 2077 1932 2131 enim
1989 2079 2093 2132 nisi
2128 2080 2252 2133 data

677 2173 1177 2239 pecuniaauxilium
1203 2172 1565 2226 vendiderunt
1587 2186 1759 2239 caque
1783 2186 1841 2223 re
1861 2170 1982 2225 urbi
2016 2171 2254 2224 immane

676 2275 937 2331 quantum
963 2265 1144 2317 damni
1192 2263 1505 2317 intulerunt.
1544 2290 1614 2303 --
1644 2263 1879 2317 lubente
1937 2262 2062 2316 dein
2109 2278 2251 2331 pra:-

676 2358 842 2417 l'ecto,
890 2354 1087 2409 Veneti
1126 2355 1190 2408 ad
1222 2370 1435 2409 tnnrum
1472 2353 1786 2409 interiorem
1838 2353 2144 2407 consistunt
2197 2366 2253 2408 ut

674 2448 779 2514 (sic
806 2448 948 2500 enim
976 2447 1261 2515 praefectus
1292 2462 1477 2501 eorum
1514 2447 1789 2512 monebat)
1823 2460 1918 2511 per
1946 2444 2111 2497 Deum
2149 2444 2253 2498 im-

679 2536 991 2601 mortalem,
1020 2547 1179 2591 terra:
1204 2536 1434 2591 salutem
1467 2546 1520 2589 et
1547 2534 1789 2589 Omnium
1813 2534 2249 2589 Christianorum

677 2629 934 2681 honorem
965 2627 1219 2681 vivantet
1239 2630 1565 2680 moriantur.
1596 2656 1660 2668 —-
1689 2626 1799 2680 Nec
1824 2623 2001 2679 minus
2026 2625 2250 2679 classia-

676 2720 743 2773 rii
775 2721 918 2774 circa
953 2734 1200 2789 magnam
1232 2730 1419 2786 portus
1446 2727 1695 2772 catenam
1732 2716 1796 2769 ad
1818 2731 2050 2784 pugnam
2081 2729 2249 2769 seac-

673 2814 922 2879 cingnnt.
946 2840 1015 2849 —
1044 2809 1261 2864 Interim
1318 2808 1562 2863 sultanus
1606 2823 1729 2861 cum
1783 2807 1958 2862 10000
1990 2806 2251 2861 militibus

674 2908 741 2961 ad
784 2905 1014 2959 classem
1046 2904 1366 2973 provehitur
1406 2910 1461 2955 et
1497 2911 1782 2971 postquam
1822 2915 1943 2954 cum
1977 2901 2249 2953 navarcho

673 3008 731 3053 rt
762 2997 971 3053 caeteris
1003 2995 1363 3063 polemarchis
1396 2993 1611 3047 Baccho
1641 2992 1948 3061 largissime
1978 2992 2042 3045 ad
2070 2990 2249 3045 ebrie-

676 3098 839 3142 tatem
875 3103 1045 3154 usque
1070 3085 1408 3152 indulsisset,
1442 3085 1491 3136 iu
1518 3093 1698 3137 castra
1723 3084 2029 3139 revertitur.
2049 3111 2117 3122 —
2148 3081 2250 3135 Per

674 3188 845 3234 totum
872 3178 1031 3231 istum
1058 3177 1197 3230 diem
1223 3192 1387 3246 grave
1418 3175 1709 3229 Turcicutn
1758 3183 2072 3243 tympanum
2102 3188 2249 3228 reso-

677 3282 775 3326 nat
803 3282 859 3325 cl.
890 3287 996 3325 nox
1025 3270 1319 3339 insequens
1348 3268 1498 3324 festis
1526 3268 1741 3339 ignlbus
1772 3268 2007 3323 maxime
2033 3267 2251 3337 conspi-

672 3381 773 3420 cua
803 3376 888 3420 est
914 3375 968 3421 et
994 3363 1321 3419 clamoribus
1349 3362 1443 3433 qui
1483 3361 1693 3416 auctori
1718 3370 1911 3416 nostro
1942 3376 2008 3416 ex
2038 3360 2249 3415 imoiu-

675 3462 827 3515 ferno
862 3459 1047 3513 venire
1079 3458 1352 3520 videntur,
1382 3466 1636 3519 resonat;
1671 3463 1725 3507 et
1756 3454 1884 3509 dum
1939 3454 2131 3508 Turcaz
2157 3453 2249 3508 diu

672 3564 946 3622 noctuque
969 3550 1341 3606 Mobamedem
1367 3549 1619 3618 precibus
1645 3564 1742 3617 pro
1764 3547 2054 3603 obtinenda
2084 3548 2251 3602 victo-

673 3648 748 3698 ria
774 3646 1060 3715 prmdaquc
1098 3641 1345 3711 fatigant,
1390 3640 1685 3695 Christiani
1718 3648 1846 3693 ante
1881 3637 2164 3705 Deiparam
2196 3646 2253 3691 et

669 3753 860 3791 (ltlllleS
909 3744 1125 3791 sanctos
1162 3733 1432 3804 provoluti
1467 3748 1590 3787 cunt
1645 3732 1846 3801 gemitu
1888 3746 1952 3785 ac
1990 3729 2249 3799 lacrymis

672 3828 1049 3884 Lberationem
1087 3843 1116 3881 e
1144 3828 1397 3880 manibus
1432 3826 1716 3896 gentilium
1753 3826 1997 3892 impense
2042 3821 2249 3891 efﬂagi-

673 3933 809 3978 tant.
841 3922 970 3974 Atat
1004 3919 1144 3974 Deus
1176 3920 1438 3974 Dominus
1464 3929 1645 3973 noster
1691 3934 1787 3988 pro
1816 3916 2092 3972 voluntate
2151 3929 2247 3967 sua

669 4014 992 4071 inexorabili
1026 4014 1267 4067 decrevit
1301 4023 1362 4067 ut
1394 4028 1460 4067 eo
1488 4013 1606 4081 ipso
1630 4012 1716 4065 die
1743 4021 1909 4081 caput
1931 4009 2245 4065 Graecorum

670 4113 722 4162 in
755 4123 943 4161 manus
979 4105 1301 4159 Multametis
1327 4100 1539 4159 veniret
1575 4104 1644 4172 (el
1693 4114 1872 4160 nostro
1908 4102 2103 4172 Signor
2146 4103 2246 4157 Dio

666 4213 732 4258 de
779 4206 831 4258 la
862 4220 1018 4271 aspra
1052 4201 1312 4256 sententia
1343 4212 1527 4254 contra
1556 4198 1760 4261 (ἐνίετε,
1795 4200 1886 4253 cite
1912 4200 1960 4251 el
1993 4197 2128 4251 volse
2157 4198 2249 4251 che

661 4309 850 4368 questa
881 4297 1006 4351 simi
1037 4295 1263 4349 andasse
1293 4296 1344 4348 in
1382 4308 1560 4364 questo
1594 4310 1757 4348 zorno
1795 4294 1847 4347 in
1882 4309 2006 4345 nian
2034 4294 2097 4345 de
2124 4289 2248 4345 Ma-

662 4393 879 4459 Comet).

2359 1890 2471 1945 sole
2501 1888 2689 1945 Turcis
2724 1893 2943 1962 pulvere
2965 1885 3007 1948 'e
3058 1903 3329 1949 tormento
3364 1894 3452 1949 illo
3486 1896 3729 1949 maximo
3764 1895 3948 1949 ein-ta

2358 1972 2555 2037 obtecti
2591 1985 2814 2039 trecmtti
2844 1985 3018 2053 primo
3052 2002 3236 2040 tnuros
3276 1989 3598 2055 transgressi
3652 2000 3803 2042 sunt.
3839 1990 3946 2042 Sel

2357 2084 2643 2143 postquam
2687 2087 2739 2128 et
2773 2076 2826 2131 hi
2880 2077 2980 2146 ipsi
3034 2076 3318 2131 audaciam
3383 2088 3555 2132 morte
3595 2080 3944 2146 expiassent,

2357 2166 2609 2236 idemque
2657 2178 2989 2239 stratagema
3036 2181 3350 2222 renovatum
3386 2168 3607 2229 fuisset.
3655 2183 3944 2239 postremo

2356 2261 2421 2313 ad
2453 2259 2630 2315 50000
2661 2261 2857 2314 milites
2884 2277 2978 2331 per
3008 2260 3268 2330 disjectas
3302 2262 3447 2316 circa
3474 2261 3532 2316 S.
3558 2260 3797 2317 Romani
3825 2280 3947 2331 por-

2360 2362 2463 2405 tam
2498 2353 2640 2407 muri
2691 2362 2875 2421 partes
2899 2369 3020 2407 cum
3057 2355 3290 2423 impetu,
3317 2355 3493 2424 qualis
3526 2357 3771 2409 ferarum
3822 2372 3947 2408 esse

2355 2449 2514 2511 solet,
2548 2445 2602 2498 in
2648 2445 2837 2499 urbem
2866 2445 3201 2514 irruperunt.
3245 2445 3346 2498 Tot
3368 2461 3496 2499 vero
3529 2446 3582 2498 in
3641 2461 3704 2498 ea
3759 2455 3946 2513 strage

2355 2534 2543 2590 Turcae
2593 2535 2944 2598 ceciderunt,
2976 2545 3053 2602 ut,
3095 2538 3140 2590 si
3194 2535 3434 2590 Barbare
3486 2536 3738 2601 lides,40
3772 2552 3942 2591 naves

2353 2628 2617 2681 nueraria:
2643 2627 2995 2682 cadaveribus
3024 2628 3458 2696 transportandis
3476 2629 3561 2682 vix
3594 2628 3941 2683 suﬂ'ecerint.

2353 2715 2496 2771 Idem
2529 2716 2698 2771 refert
2755 2727 3018 2786 praterea
3056 2716 3423 2772 Justiniannm
3476 2720 3828 2773 vulneratum
3864 2733 3943 2783 et,

2354 2808 2560 2863 Turcas
2597 2810 2711 2879 jam
2743 2808 2876 2863 urbe
2913 2809 3071 2879 potiri
3100 2810 3450 2873 clamantem,
3498 2810 3638 2878 fugae
3680 2811 3941 2864 omnibus

2353 2915 2572 2954 causam
2620 2900 2914 2956 exstitisse.
2951 2900 3010 2955 lu
3044 2903 3177 2957 urbe
3226 2902 3274 2954 vi
3330 2912 3487 2972 capta
3533 2901 3729 2955 Turcaa
3794 2903 3943 2956 nulla

2352 2995 2529 3048 astatis
2560 3009 2835 3064 sexusque
2865 2994 3073 3050 ratione
3104 2994 3289 3050 habita
3327 2994 3643 3063 sanguinem
3677 2994 3938 3057 fundunt,

2274 3126 2320 3187 α
2354 3089 2525 3143 donec
2557 3089 2816 3153 inermes,
2850 3090 2992 3144 inter
3018 3105 3158 3159 quos
3192 3099 3531 3143 mercatores
3566 3088 3811 3143 Venetos
3848 3090 3942 3158 qui

2355 3183 2409 3236 in
2446 3182 2602 3237 cellis
2636 3197 2695 3237 se
2736 3182 3082 3248 abdiderant,
3109 3181 3287 3252 pretio
3339 3181 3575 3237 vendere
3611 3183 3793 3235 satius
3824 3197 3947 3237 esse

2349 3273 2665 3342 judicarint.
2714 3272 2900 3327 Sancti
2944 3272 3107 3327 Marci
3162 3282 3215 3328 et
3254 3271 3601 3342 imperatoris
3648 3273 3873 3326 vexillis
3915 3288 3947 3326 e

2357 3366 2594 3419 tortibus
2662 3365 2887 3435 direptis
2944 3364 3711 3432 imperatoris,substituitur
3786 3364 3945 3418 canis

2355 3457 2570 3513 Turcici
2626 3467 2683 3512 ut
2722 3470 3063 3527 nuncupant.
3096 3457 3257 3513 Urbis
3290 3458 3476 3525 itaque
3525 3457 3948 3525 expugnatione

2354 3552 2571 3612 cognita
2611 3551 2923 3620 quicunque
2963 3550 3029 3605 70
3086 3566 3245 3605 naves
3288 3552 3341 3604 iu
3390 3562 3550 3620 portu
3593 3549 3864 3601 tenebant
3894 3560 3947 3601 et

2356 3658 2549 3711 magna
2580 3644 2774 3698 classis
2809 3658 2905 3711 per
2940 3641 3352 3710 Hellespontum
3397 3640 3590 3703 adfuit,
3652 3655 3722 3693 ne
3755 3638 3945 3709 prmia

2356 3736 2557 3805 ingenti
2590 3735 3008 3797 frustrarentur,
3044 3749 3164 3802 quae
3197 3748 3262 3787 eo
3314 3734 3434 3802 ipso
3470 3740 3756 3785 momento
3805 3742 3944 3786 tem-

2354 3831 2503 3899 poi'is
2539 3828 2767 3899 navigiis
2795 3828 3003 3894 imponi
3039 3819 3216 3895 ccﬁpta
3246 3838 3387 3879 erat.
3423 3825 3614 3879 Refert
3660 3824 3942 3879 Barbarus

2353 3926 2497 3990 quod
2545 3921 2737 3975 Turcaa
2790 3921 2941 3974 onmi
2988 3920 3195 3981 domui,
3230 3918 3585 3981 monasterio,
3620 3919 3944 3972 ecclesizeve

2351 4032 2512 4087 quam
2553 4015 2777 4085 ingressi
2823 4023 2999 4078 crant,
3031 4010 3337 4066 vexillolum
3387 4008 3746 4079 praefixi-runt
3804 4013 3944 4076 quod

2351 4125 2446 4165 eos
2477 4110 2565 4175 qui
2608 4106 2882 4176 pra‘daudi
2942 4121 3106 4161 causa
3134 4105 3614 4173 subsequebantur
3671 4103 3745 4155 ab
3802 4102 3943 4156 ulte-

2354 4206 2463 4258 rius
2499 4200 2840 4270 procedendo
2881 4200 3168 4253 avocabat.
3217 4196 3346 4252 Plus
3389 4195 3605 4251 200000
3664 4195 3943 4264 ejusmodi

2350 4293 2647 4364 signaculis
2664 4308 2759 4363 per
2780 4302 2945 4346 totam
2973 4290 3157 4345 urbem
3183 4289 3337 4343 alIiva
3361 4288 3528 4342 fuisse
3560 4286 3848 4350 videntur,
3874 4291 3946 4340 si—

2350 4389 2569 4457 quidem
2592 4402 2782 4455 magna
2808 4399 2933 4454 pars
2961 4384 3216 4437 domuum
3246 4384 3432 4435 decem
3459 4379 3736 4445 ejusmodi
3768 4381 3943 4447 signis

739 4485 865 4540 Maii
890 4487 979 4540 29.
1007 4480 1549 4550 Barbarnsautiquas
1573 4482 1639 4536 de
1668 4482 1881 4537 excidio
1902 4480 2241 4550 regniGrmci
2282 4492 2325 4546 ῃ
2356 4478 2613 4532 decorata
2645 4484 2785 4530 erat.
2825 4474 3259 4533 Christianorum
3292 4472 3486 4527 deinde
3523 4480 3744 4539 strages
3792 4482 3941 4523 tanta

664 4570 978 4648 prophetias
1004 4582 1353 4637 retnetnorat,
1372 4587 1600 4641 quarunt
1622 4572 1933 4640 atliutpletio
1953 4573 2246 4626 secundum

666 4670 896 4739 plurima
920 4668 1120 4722 indicia
1154 4665 1279 4720 huic
1310 4665 1412 4736 ipsi
1453 4664 1557 4720 diei
1590 4674 1865 4718 reservata
1897 4663 2080 4718 fuerit.
2110 4662 2247 4717 Ter-

665 4768 738 4819 tia
766 4775 892 4819 ante
933 4764 1064 4818 solis
1099 4772 1287 4815 ortum
1322 4763 1450 4814 liora
1482 4759 1727 4814 sultanus
1752 4758 1923 4811 trinos
1942 4757 2242 4822 exercitus,

661 4874 894 4930 quorum
930 4854 1301 4923 unusquisque
1340 4851 1516 4908 50000
1559 4861 1796 4904 armatos
1851 4848 2103 4914 haberet,
2158 4865 2248 4902 ure

666 4955 789 5009 bcm
824 4964 1014 5003 versus
1047 4944 1535 5016 procederejubet.
1574 4943 1751 4996 Prima
1790 4942 2013 5011 quidem
2044 4942 2248 4996 cohors

661 5043 995 5101 Christianis
1034 5039 1322 5095 constabat
1355 5052 1491 5108 quos
1528 5035 1720 5091 'l‘urcze
1752 5036 1817 5089 ad
1851 5053 2041 5107 pugna:
2065 5036 2243 5091 socie-

662 5147 828 5191 tatem
865 5137 1198 5201 coegerant;
1232 5129 1470 5183 secunda
1510 5129 1665 5184 turba
1696 5127 1898 5181 imbelli
1932 5128 2101 5197 (zenle
2144 5143 2247 5181 meo

661 5230 828 5294 nuda,
858 5225 949 5279 zoé
981 5223 1177 5277 vilanie
1214 5224 1290 5275 ιαι
1340 5222 1614 5291 ιεηιαία);
1652 5221 1809 5274 tertia
1863 5230 2043 5274 autem
2074 5219 2248 5291 janis-

660 5322 823 5376 sariis
842 5333 896 5375 et
912 5321 1188 5377 exercitus
1215 5318 1409 5372 robore
1434 5317 1734 5385 ciiniposita
1762 5324 1881 5369 erat
1909 5332 1923 5381 ;
1958 5326 2077 5383 post
2107 5330 2248 5384 quos

663 5420 881 5472 tandem
906 5416 1156 5469 sultanus
1187 5415 1361 5467 locum
1398 5425 1554 5464 suum
1593 5409 1916 5479 occupabat.
1952 5410 2030 5463 Ac
2088 5408 2245 5477 primi

735 5555 811 5627 (l)
848 5574 866 5607 ι
903 5555 977 5609 De
1006 5550 1482 5627 l‘imperadormai
1514 5564 1618 5603 non
1648 5564 1705 5604 se
1731 5548 1853 5627 pote
1875 5547 2245 5627 savernovela

660 5631 713 5682 di
749 5620 865 5680 l'a'tti
900 5627 1001 5689 soi,
1036 5626 1089 5679 ni
1123 5620 1285 5687 vivi),
1323 5623 1374 5677 nl
1411 5633 1587 5675 tnorto
1616 5638 1629 5686 ;
1670 5637 1751 5673 ma
1780 5620 1960 5685 alguni
1997 5621 2119 5674 dixe
2146 5620 2248 5673 che

658 5701 710 5754 el
740 5699 796 5753 fu
830 5699 967 5752 vistu
1009 5699 1061 5749 in
1091 5697 1173 5749 ncl
1204 5709 1427 5748 numero
1453 5695 1503 5746 di
1540 5691 1689 5757 θυι-ιιι
1726 5690 1884 5745 utorti
1914 5706 1926 5754 ;
1961 5690 2008 5745 cl
2038 5692 2163 5757 qual
2194 5694 2245 5741 l'o

660 5777 796 5837 dito,
820 5770 917 5827 che
945 5768 1070 5825 clsr.
1102 5767 1287 5839 squga
1341 5764 1389 5820 al
1423 5763 1563 5819 intra
1600 5763 1696 5819 che
1726 5761 1844 5819 fcxc
1874 5760 1887 5817 i
1915 5760 2117 5818 'l'urcbi
2148 5761 2243 5817 ala

2356 4568 2456 4622 fuit
2489 4578 2544 4623 ut
2577 4569 2673 4621 viae
2697 4567 2921 4637 publica:
2961 4567 3039 4619 vel
3070 4574 3192 4636 post
3223 4563 3450 4618 imbrem
3486 4561 3668 4631 aquis,
3695 4562 3782 4617 sic
3823 4577 3947 4615 sano

2352 4661 2515 4729 guinc
2541 4660 2955 4723 inundat-eatur,
2974 4668 3027 4711 et
3044 4660 3307 4711 cadavera
3327 4672 3378 4709 tn
3396 4653 3793 4722 Propontidem
3818 4670 3946 4724 prn-

2346 4753 2489 4821 jecta
2548 4766 2833 4821 pomorqu
2860 4753 3028 4803 instar
3059 4748 3116 4803 in
3146 4764 3365 4816 aequore
3412 4758 3691 4801 natarent.
3732 4748 3945 4801 Auctor

2355 4857 2540 4902 noster
2564 4846 2631 4901 de
2662 4848 2769 4900 vita
2801 4854 2855 4899 et
2889 4851 3061 4898 morte
3093 4840 3438 4910 imperatoris
3459 4840 3593 4893 nihil
3621 4841 3763 4894 certi
3786 4855 3947 4895 com-

2355 4950 2562 5007 pertum
2601 4953 2721 4994 esse
2741 4937 2897 5003 dicit,
2935 4937 3039 4990 nisi
3080 4937 3250 5005 quod,
3281 4944 3339 4988 ut
3383 4934 3551 5002 aliqui
3600 4943 3943 4998 memorant,

2352 5050 2551 5102 corpus
2584 5033 2700 5103 ejus
2744 5034 2887 5086 inter
2944 5046 3038 5085 eos
3073 5032 3352 5084 inventqu
3405 5038 3488 5081 est
3520 5028 3609 5093 qui
3644 5040 3679 5080 a
3740 5025 3947 5082 Turcis

2352 5137 2560 5199 portam
2594 5127 2652 5182 S.
2686 5126 2914 5181 Romani
2964 5125 3297 5178 intrantibus
3349 5124 3598 5191 oppressi
3653 5121 3817 5178 fuere
3847 5125 3943 5195 (Ι).

2353 5222 2409 5277 ld
2446 5237 2657 5292 quoque
2687 5221 2850 5275 refert
2876 5220 3147 5274 Barbarus
3176 5220 3320 5286 quod
3348 5216 3630 5272 Venetiani
3668 5220 3944 5286 supersti-

2355 5328 2433 5371 tes
2465 5317 2514 5372 id
2546 5325 2776 5385 egerunt
2805 5325 2865 5369 ut
2892 5330 2979 5368 res
3000 5329 3149 5375 suas,
3176 5312 3481 5380 praesertim
3512 5326 3706 5374 naves,
3735 5312 3793 5365 in
3830 5324 3945 5365 luto

2352 5407 2701 5463 collocarent.
2731 5405 2874 5461 later
2896 5419 2991 5459 eos
3020 5404 3111 5475 qui
3132 5404 3285 5458 salva
3314 5405 3423 5457 vita
3456 5414 3781 5469 evaserunt,
3810 5420 3946 5471 prm-

2352 5556 2505 5617 porta
2532 5545 2597 5600 de
2642 5558 2742 5617 san
2792 5543 3058 5597 Romano.
3102 5562 3119 5594 ι
3179 5540 3233 5594 lu
3290 5543 3533 5617 margine
3570 5557 3684 5617 gms.
3740 5540 3941 5617 Veneti

2353 5613 2597 5689 legitur:
2634 5632 2654 5666 ι
2695 5615 3079 5689 L’nnperator,
3118 5628 3362 5689 pregava
3407 5614 3508 5665 che
3568 5613 3601 5689 li
3654 5617 3781 5689 suoi
3840 5613 3939 5665 Γει-

2355 5683 2622 5750 mazasse,
2665 5694 2719 5739 et
2771 5686 2815 5738 si
2847 5698 3024 5738 messe
3056 5686 3192 5737 uella
3259 5683 3398 5737 furia
3433 5698 3534 5736 con
3569 5684 3615 5736 la
3650 5686 3848 5751 spada,
3886 5693 3937 5738 ct

2356 5774 2538 5830 casco,
2573 5771 2625 5813 et
2670 5755 2859 5821 rilcvo,
2903 5754 2993 5826 pui
3025 5770 3282 5828 recasco;
3318 5768 3370 5809 ct
3406 5755 3523 5809 cos‘t
3565 5755 3723 5810 mori.
3762 5775 3781 5807 ι
